timestamp,elapsed_sec,up_bid,up_ask,down_bid,down_ask,up_spread,down_spread,btc_price,btc_oracle_ts
1776758700.603,0.603,0.51,0.52,0.48,0.49,0.01,0.01,76165.21,1776758699000
1776758700.967,0.967,0.51,0.52,0.48,0.49,0.01,0.01,76165.21,1776758699000
1776758701.323,1.323,0.51,0.52,0.48,0.49,0.01,0.01,76168.71,1776758700000
1776758701.677,1.677,0.51,0.52,0.48,0.49,0.01,0.01,76168.71,1776758700000
1776758702.081,2.081,0.51,0.52,0.48,0.49,0.01,0.01,76168.71,1776758700000
1776758702.42,2.42,0.51,0.52,0.48,0.49,0.01,0.01,76168.62,1776758701000
1776758702.892,2.892,0.51,0.52,0.48,0.49,0.01,0.01,76168.62,1776758701000
1776758703.417,3.417,0.51,0.52,0.48,0.49,0.01,0.01,76168.59,1776758702000
1776758704.056,4.056,0.5,0.52,0.48,0.49,0.02,0.01,76168.59,1776758702000
1776758704.817,4.817,0.49,0.51,0.49,0.5,0.02,0.01,76168.62,1776758703000
1776758705.385,5.385,0.49,0.51,0.49,0.51,0.02,0.02,76168.56,1776758704000
1776758705.722,5.722,0.5,0.51,0.49,0.51,0.01,0.02,76168.56,1776758704000
1776758706.141,6.141,0.5,0.51,0.49,0.51,0.01,0.02,76168.56,1776758704000
1776758706.821,6.821,0.49,0.5,0.49,0.5,0.01,0.01,76168.56,1776758705000
1776758707.157,7.157,0.49,0.5,0.5,0.51,0.01,0.01,76168.56,1776758705000
1776758707.496,7.496,0.49,0.5,0.5,0.51,0.01,0.01,76168.53,1776758706000
1776758707.925,7.925,0.49,0.5,0.5,0.51,0.01,0.01,76168.54,1776758707000
1776758708.344,8.344,0.49,0.5,0.5,0.51,0.01,0.01,76168.54,1776758707000
1776758709.097,9.097,0.49,0.5,0.5,0.51,0.01,0.01,76168.54,1776758707000
1776758709.679,9.679,0.49,0.5,0.5,0.51,0.01,0.01,76168.67,1776758708000
1776758710.967,10.967,0.49,0.5,0.5,0.51,0.01,0.01,76168.67,1776758709000
1776758711.527,11.527,0.5,0.52,0.48,0.51,0.02,0.03,76168.67,1776758710000
1776758711.897,11.897,0.58,0.59,0.41,0.42,0.01,0.01,76168.67,1776758710000
1776758712.296,12.296,0.58,0.59,0.41,0.42,0.01,0.01,76168.67,1776758711000
1776758712.912,12.912,0.58,0.59,0.41,0.42,0.01,0.01,76168.67,1776758711000
1776758713.267,13.267,0.58,0.6,0.4,0.42,0.02,0.02,76171.93,1776758712000
1776758713.612,13.612,0.58,0.6,0.4,0.42,0.02,0.02,76171.93,1776758712000
1776758714.136,14.136,0.58,0.59,0.4,0.43,0.01,0.03,76171.93,1776758712000
1776758714.539,14.539,0.59,0.61,0.4,0.41,0.02,0.01,76179.73,1776758713000
1776758714.979,14.979,0.59,0.6,0.39,0.41,0.01,0.02,76179.73,1776758713000
1776758715.319,15.319,0.59,0.6,0.4,0.41,0.01,0.01,76180.14,1776758714000
1776758715.76,15.76,0.59,0.6,0.4,0.41,0.01,0.01,76180.14,1776758714000
1776758716.183,16.183,0.59,0.6,0.4,0.41,0.01,0.01,76180.14,1776758714000
1776758716.522,16.522,0.59,0.6,0.4,0.41,0.01,0.01,76183.25,1776758715000
1776758716.91,16.91,0.59,0.6,0.4,0.41,0.01,0.01,76183.25,1776758715000
1776758717.266,17.266,0.59,0.6,0.4,0.41,0.01,0.01,76184.41,1776758716000
1776758717.712,17.712,0.59,0.6,0.4,0.41,0.01,0.01,76184.41,1776758716000
1776758718.084,18.084,0.59,0.6,0.4,0.41,0.01,0.01,76184.41,1776758716000
1776758718.495,18.495,0.59,0.6,0.4,0.41,0.01,0.01,76184.51,1776758717000
1776758718.881,18.881,0.59,0.6,0.4,0.41,0.01,0.01,76184.51,1776758717000
1776758719.235,19.235,0.59,0.6,0.4,0.41,0.01,0.01,76184.51,1776758718000
1776758719.723,19.723,0.59,0.6,0.4,0.41,0.01,0.01,76184.51,1776758718000
1776758720.103,20.103,0.59,0.6,0.4,0.41,0.01,0.01,76184.53,1776758719000
1776758720.475,20.475,0.59,0.6,0.4,0.41,0.01,0.01,76184.53,1776758719000
1776758720.84,20.84,0.6,0.61,0.39,0.4,0.01,0.01,76184.53,1776758719000
1776758721.24,21.24,0.6,0.61,0.39,0.4,0.01,0.01,76184.7,1776758720000
1776758721.664,21.664,0.6,0.61,0.39,0.4,0.01,0.01,76184.7,1776758720000
1776758722.059,22.059,0.58,0.59,0.41,0.42,0.01,0.01,76184.7,1776758720000
1776758722.562,22.562,0.53,0.54,0.44,0.47,0.01,0.03,76184.7,1776758721000
1776758722.926,22.926,0.5,0.52,0.48,0.5,0.02,0.02,76184.7,1776758721000
1776758723.478,23.478,0.5,0.51,0.49,0.5,0.01,0.01,76184.1,1776758722000
1776758723.86,23.86,0.5,0.51,0.49,0.5,0.01,0.01,76184.1,1776758722000
1776758724.213,24.213,0.49,0.5,0.5,0.51,0.01,0.01,76184.1,1776758722000
1776758724.558,24.558,0.49,0.5,0.5,0.51,0.01,0.01,76184.1,1776758722000
1776758724.929,24.929,0.49,0.5,0.5,0.51,0.01,0.01,76174.77,1776758723000
1776758725.282,25.282,0.49,0.5,0.5,0.51,0.01,0.01,76174.49,1776758724000
1776758725.639,25.639,0.48,0.5,0.5,0.52,0.02,0.02,76174.49,1776758724000
1776758726.047,26.047,0.47,0.5,0.5,0.53,0.03,0.03,76174.49,1776758724000
1776758726.387,26.387,0.45,0.48,0.52,0.54,0.03,0.02,76174.49,1776758724000
1776758726.955,26.955,0.45,0.47,0.53,0.55,0.02,0.02,76173.07,1776758725000
1776758727.357,27.357,0.43,0.46,0.53,0.57,0.03,0.04,76169.5,1776758726000
1776758727.747,27.747,0.44,0.46,0.54,0.56,0.02,0.02,76169.5,1776758726000
1776758728.234,28.234,0.43,0.46,0.54,0.57,0.03,0.03,76164.58,1776758727000
1776758728.597,28.597,0.42,0.46,0.54,0.57,0.04,0.03,76164.58,1776758727000
1776758728.936,28.936,0.42,0.45,0.57,0.58,0.03,0.01,76164.58,1776758727000
1776758729.447,29.447,0.42,0.44,0.56,0.58,0.02,0.02,76159.26,1776758728000
1776758729.845,29.845,0.42,0.43,0.56,0.58,0.01,0.02,76159.26,1776758728000
1776758730.351,30.351,0.42,0.43,0.57,0.58,0.01,0.01,76159.26,1776758728000
1776758730.763,30.763,0.42,0.43,0.57,0.58,0.01,0.01,76158.46,1776758729000
1776758731.138,31.138,0.42,0.43,0.57,0.58,0.01,0.01,76158.46,1776758730000
1776758731.508,31.508,0.42,0.43,0.57,0.58,0.01,0.01,76158.46,1776758730000
1776758731.906,31.906,0.42,0.44,0.57,0.58,0.02,0.01,76158.46,1776758730000
1776758732.243,32.243,0.43,0.44,0.56,0.57,0.01,0.01,76158.46,1776758730000
1776758732.901,32.901,0.44,0.45,0.55,0.57,0.01,0.02,76159.65,1776758731000
1776758733.638,33.638,0.44,0.45,0.55,0.56,0.01,0.01,76158.66,1776758732000
1776758734.056,34.056,0.44,0.45,0.55,0.56,0.01,0.01,76161.01,1776758733000
1776758734.77,34.77,0.44,0.45,0.55,0.56,0.01,0.01,76161.01,1776758733000
1776758735.134,35.134,0.44,0.45,0.55,0.56,0.01,0.01,76160.91,1776758734000
1776758736.092,36.092,0.44,0.45,0.55,0.56,0.01,0.01,76160.91,1776758734000
1776758736.75,36.75,0.44,0.45,0.55,0.56,0.01,0.01,76160.9,1776758735000
1776758737.142,37.142,0.44,0.45,0.55,0.56,0.01,0.01,76160.9,1776758735000
1776758737.687,37.687,0.44,0.45,0.55,0.56,0.01,0.01,76160.96,1776758736000
1776758738.17,38.17,0.44,0.49,0.55,0.56,0.05,0.01,76160.96,1776758736000
1776758738.572,38.572,0.47,0.48,0.52,0.53,0.01,0.01,76160.8,1776758737000
1776758738.942,38.942,0.47,0.49,0.5,0.53,0.02,0.03,76160.8,1776758737000
1776758739.342,39.342,0.48,0.49,0.51,0.52,0.01,0.01,76160.8,1776758738000
1776758739.789,39.789,0.5,0.52,0.48,0.5,0.02,0.02,76160.8,1776758738000
1776758740.156,40.156,0.54,0.55,0.45,0.46,0.01,0.01,76160.8,1776758738000
1776758740.545,40.545,0.54,0.55,0.45,0.46,0.01,0.01,76160.82,1776758739000
1776758741.278,41.278,0.54,0.55,0.45,0.46,0.01,0.01,76163.9,1776758740000
1776758741.826,41.826,0.54,0.55,0.45,0.46,0.01,0.01,76163.9,1776758740000
1776758742.311,42.311,0.54,0.56,0.44,0.46,0.02,0.02,76163.9,1776758740000
1776758742.714,42.714,0.54,0.56,0.44,0.46,0.02,0.02,76171.48,1776758741000
1776758743.153,43.153,0.56,0.58,0.42,0.44,0.02,0.02,76171.48,1776758741000
1776758743.488,43.488,0.56,0.59,0.41,0.44,0.03,0.03,76180.26,1776758742000
1776758743.861,43.861,0.58,0.59,0.39,0.42,0.01,0.03,76180.26,1776758742000
1776758744.315,44.315,0.58,0.61,0.4,0.42,0.03,0.02,76180.26,1776758742000
1776758744.654,44.654,0.58,0.6,0.41,0.42,0.02,0.01,76183.0,1776758743000
1776758745.045,45.045,0.6,0.61,0.39,0.4,0.01,0.01,76184.23,1776758744000
1776758745.752,45.752,0.6,0.61,0.39,0.4,0.01,0.01,76184.23,1776758744000
1776758746.099,46.099,0.6,0.61,0.39,0.4,0.01,0.01,76184.21,1776758745000
1776758746.462,46.462,0.6,0.61,0.39,0.4,0.01,0.01,76184.21,1776758745000
1776758746.884,46.884,0.6,0.61,0.39,0.4,0.01,0.01,76184.21,1776758745000
1776758747.733,47.733,0.6,0.61,0.39,0.4,0.01,0.01,76184.15,1776758746000
1776758748.236,48.236,0.6,0.61,0.39,0.4,0.01,0.01,76184.05,1776758747000
1776758748.66,48.66,0.61,0.62,0.38,0.4,0.01,0.02,76184.05,1776758747000
1776758749.25,49.25,0.61,0.62,0.38,0.39,0.01,0.01,76185.64,1776758748000
1776758749.78,49.78,0.61,0.62,0.38,0.39,0.01,0.01,76185.64,1776758748000
1776758750.181,50.181,0.61,0.62,0.38,0.39,0.01,0.01,76185.64,1776758748000
1776758750.615,50.615,0.61,0.62,0.38,0.39,0.01,0.01,76184.29,1776758749000
1776758751.111,51.111,0.61,0.62,0.38,0.39,0.01,0.01,76184.29,1776758750000
1776758751.759,51.759,0.61,0.62,0.38,0.39,0.01,0.01,76184.29,1776758750000
1776758752.506,52.506,0.61,0.62,0.38,0.39,0.01,0.01,76184.29,1776758750000
1776758752.877,52.877,0.61,0.62,0.38,0.39,0.01,0.01,76184.35,1776758751000
1776758753.415,53.415,0.61,0.62,0.38,0.39,0.01,0.01,76184.33,1776758752000
1776758753.916,53.916,0.61,0.62,0.38,0.39,0.01,0.01,76184.33,1776758752000
1776758754.254,54.254,0.61,0.62,0.38,0.39,0.01,0.01,76184.1,1776758753000
1776758754.776,54.776,0.61,0.62,0.38,0.39,0.01,0.01,76184.1,1776758753000
1776758755.325,55.325,0.61,0.62,0.38,0.39,0.01,0.01,76185.56,1776758754000
1776758755.671,55.671,0.61,0.62,0.38,0.39,0.01,0.01,76185.56,1776758754000
1776758756.076,56.076,0.61,0.62,0.38,0.39,0.01,0.01,76185.56,1776758754000
1776758756.529,56.529,0.61,0.62,0.38,0.39,0.01,0.01,76184.23,1776758755000
1776758756.971,56.971,0.61,0.62,0.38,0.39,0.01,0.01,76184.23,1776758755000
1776758757.319,57.319,0.61,0.62,0.38,0.39,0.01,0.01,76184.56,1776758756000
1776758757.721,57.721,0.61,0.62,0.38,0.39,0.01,0.01,76184.56,1776758756000
1776758758.111,58.111,0.61,0.62,0.38,0.39,0.01,0.01,76184.6,1776758757000
1776758758.463,58.463,0.61,0.62,0.38,0.39,0.01,0.01,76184.6,1776758757000
1776758758.796,58.796,0.61,0.62,0.38,0.39,0.01,0.01,76184.6,1776758757000
1776758759.156,59.156,0.61,0.62,0.38,0.39,0.01,0.01,76184.6,1776758757000
1776758759.571,59.571,0.61,0.62,0.38,0.39,0.01,0.01,76184.62,1776758758000
1776758759.966,59.966,0.61,0.62,0.38,0.39,0.01,0.01,76184.62,1776758758000
1776758760.481,60.481,0.61,0.62,0.38,0.39,0.01,0.01,76184.66,1776758759000
1776758760.827,60.827,0.61,0.62,0.38,0.39,0.01,0.01,76184.66,1776758759000
1776758761.201,61.201,0.61,0.62,0.38,0.39,0.01,0.01,76184.66,1776758759000
1776758761.585,61.585,0.68,0.69,0.31,0.32,0.01,0.01,76184.66,1776758760000
1776758761.923,61.923,0.68,0.69,0.31,0.32,0.01,0.01,76184.66,1776758760000
1776758762.314,62.314,0.68,0.69,0.31,0.32,0.01,0.01,76184.88,1776758761000
1776758762.724,62.724,0.68,0.69,0.31,0.32,0.01,0.01,76184.88,1776758761000
1776758763.121,63.121,0.68,0.69,0.31,0.32,0.01,0.01,76184.88,1776758761000
1776758763.513,63.513,0.68,0.69,0.31,0.32,0.01,0.01,76184.88,1776758761000
1776758763.897,63.897,0.68,0.69,0.31,0.32,0.01,0.01,76195.31,1776758762000
1776758764.484,64.484,0.68,0.69,0.31,0.32,0.01,0.01,76195.31,1776758763000
1776758764.819,64.819,0.68,0.69,0.31,0.32,0.01,0.01,76195.31,1776758763000
1776758765.199,65.199,0.68,0.69,0.31,0.32,0.01,0.01,76194.97,1776758764000
1776758765.633,65.633,0.69,0.7,0.3,0.32,0.01,0.02,76194.97,1776758764000
1776758766.001,66.001,0.69,0.7,0.3,0.31,0.01,0.01,76194.97,1776758764000
1776758766.363,66.363,0.69,0.7,0.3,0.31,0.01,0.01,76194.97,1776758764000
1776758766.739,66.739,0.69,0.7,0.3,0.31,0.01,0.01,76194.97,1776758764000
1776758767.162,67.162,0.71,0.72,0.27,0.29,0.01,0.02,76195.4,1776758765000
1776758767.572,67.572,0.71,0.72,0.28,0.29,0.01,0.01,76195.43,1776758766000
1776758767.959,67.959,0.71,0.72,0.28,0.29,0.01,0.01,76195.43,1776758766000
1776758768.351,68.351,0.72,0.73,0.27,0.29,0.01,0.02,76195.92,1776758767000
1776758768.719,68.719,0.72,0.73,0.27,0.28,0.01,0.01,76195.92,1776758767000
1776758769.1,69.1,0.72,0.73,0.27,0.28,0.01,0.01,76195.92,1776758767000
1776758769.434,69.434,0.72,0.73,0.27,0.28,0.01,0.01,76198.35,1776758768000
1776758769.811,69.811,0.72,0.73,0.27,0.28,0.01,0.01,76198.35,1776758768000
1776758770.255,70.255,0.73,0.74,0.26,0.28,0.01,0.02,76200.74,1776758769000
1776758770.676,70.676,0.73,0.74,0.26,0.27,0.01,0.01,76200.74,1776758769000
1776758771.048,71.048,0.73,0.74,0.26,0.27,0.01,0.01,76200.74,1776758769000
1776758771.414,71.414,0.74,0.75,0.25,0.26,0.01,0.01,76201.27,1776758770000
1776758771.853,71.853,0.74,0.75,0.25,0.26,0.01,0.01,76201.27,1776758770000
1776758772.193,72.193,0.73,0.74,0.26,0.27,0.01,0.01,76201.27,1776758770000
1776758772.941,72.941,0.73,0.74,0.26,0.27,0.01,0.01,76201.61,1776758772000
1776758773.321,73.321,0.74,0.75,0.24,0.27,0.01,0.03,76201.61,1776758772000
1776758774.011,74.011,0.74,0.75,0.25,0.26,0.01,0.01,76201.17,1776758773000
1776758774.348,74.348,0.74,0.76,0.24,0.26,0.02,0.02,76201.17,1776758773000
1776758774.696,74.696,0.8,0.84,0.15,0.2,0.04,0.05,76201.17,1776758773000
1776758775.056,75.056,0.8,0.84,0.16,0.2,0.04,0.04,76201.17,1776758773000
1776758775.423,75.423,0.82,0.85,0.15,0.18,0.03,0.03,76201.33,1776758774000
1776758775.824,75.824,0.82,0.86,0.14,0.15,0.04,0.01,76201.33,1776758774000
1776758776.162,76.162,0.85,0.88,0.12,0.16,0.03,0.04,76214.27,1776758775000
1776758776.501,76.501,0.85,0.86,0.14,0.15,0.01,0.01,76214.27,1776758775000
1776758776.844,76.844,0.85,0.86,0.14,0.15,0.01,0.01,76214.27,1776758775000
1776758777.19,77.19,0.85,0.86,0.14,0.15,0.01,0.01,76226.92,1776758776000
1776758777.54,77.54,0.85,0.86,0.14,0.15,0.01,0.01,76226.92,1776758776000
1776758777.896,77.896,0.85,0.86,0.14,0.15,0.01,0.01,76233.34,1776758777000
1776758778.256,78.256,0.86,0.87,0.13,0.14,0.01,0.01,76233.34,1776758777000
1776758779.18,79.18,0.86,0.87,0.13,0.14,0.01,0.01,76233.34,1776758777000
1776758779.605,79.605,0.86,0.87,0.13,0.14,0.01,0.01,76233.34,1776758777000
1776758780.122,80.122,0.86,0.88,0.13,0.14,0.02,0.01,76232.15,1776758778000
1776758780.52,80.52,0.87,0.88,0.12,0.13,0.01,0.01,76232.15,1776758778000
1776758781.091,81.091,0.86,0.87,0.13,0.14,0.01,0.01,76232.16,1776758779000
1776758781.444,81.444,0.86,0.87,0.13,0.14,0.01,0.01,76232.16,1776758779000
1776758781.82,81.82,0.86,0.87,0.13,0.14,0.01,0.01,76232.16,1776758779000
1776758782.233,82.233,0.85,0.87,0.13,0.14,0.02,0.01,76232.16,1776758779000
1776758782.663,82.663,0.85,0.86,0.14,0.15,0.01,0.01,76235.25,1776758781000
1776758783.007,83.007,0.82,0.84,0.16,0.18,0.02,0.02,76235.25,1776758781000
1776758783.354,83.354,0.82,0.83,0.17,0.18,0.01,0.01,76233.49,1776758782000
1776758783.699,83.699,0.82,0.83,0.17,0.18,0.01,0.01,76233.49,1776758782000
1776758784.227,84.227,0.81,0.82,0.18,0.19,0.01,0.01,76227.27,1776758783000
1776758784.605,84.605,0.81,0.82,0.18,0.19,0.01,0.01,76227.27,1776758783000
1776758785.203,85.203,0.81,0.82,0.18,0.19,0.01,0.01,76224.76,1776758784000
1776758786.306,86.306,0.81,0.82,0.18,0.19,0.01,0.01,76221.6,1776758785000
1776758786.951,86.951,0.81,0.82,0.18,0.19,0.01,0.01,76221.6,1776758785000
1776758787.341,87.341,0.79,0.82,0.18,0.21,0.03,0.03,76214.36,1776758786000
1776758787.712,87.712,0.77,0.8,0.2,0.21,0.03,0.01,76214.36,1776758786000
1776758788.048,88.048,0.74,0.76,0.24,0.26,0.02,0.02,76214.36,1776758786000
1776758788.535,88.535,0.72,0.76,0.24,0.28,0.04,0.04,76206.29,1776758787000
1776758788.868,88.868,0.72,0.73,0.27,0.28,0.01,0.01,76206.29,1776758787000
1776758789.283,89.283,0.72,0.73,0.27,0.28,0.01,0.01,76205.51,1776758788000
1776758789.618,89.618,0.7,0.72,0.28,0.3,0.02,0.02,76205.51,1776758788000
1776758790.044,90.044,0.7,0.71,0.29,0.3,0.01,0.01,76205.51,1776758788000
1776758790.39,90.39,0.7,0.71,0.29,0.3,0.01,0.01,76205.22,1776758789000
1776758790.759,90.759,0.68,0.7,0.3,0.31,0.02,0.01,76205.22,1776758789000
1776758791.176,91.176,0.68,0.69,0.31,0.32,0.01,0.01,76205.22,1776758789000
1776758791.513,91.513,0.6,0.64,0.36,0.39,0.04,0.03,76204.74,1776758790000
1776758791.846,91.846,0.57,0.58,0.42,0.43,0.01,0.01,76204.74,1776758790000
1776758792.187,92.187,0.56,0.58,0.42,0.44,0.02,0.02,76204.74,1776758790000
1776758792.534,92.534,0.57,0.58,0.42,0.43,0.01,0.01,76200.08,1776758791000
1776758792.868,92.868,0.57,0.58,0.42,0.43,0.01,0.01,76200.08,1776758791000
1776758793.219,93.219,0.57,0.58,0.42,0.43,0.01,0.01,76187.73,1776758792000
1776758793.565,93.565,0.61,0.63,0.37,0.39,0.02,0.02,76187.73,1776758792000
1776758793.931,93.931,0.62,0.63,0.36,0.38,0.01,0.02,76187.73,1776758792000
1776758794.269,94.269,0.62,0.63,0.37,0.38,0.01,0.01,76187.73,1776758793000
1776758794.625,94.625,0.62,0.63,0.37,0.38,0.01,0.01,76187.73,1776758793000
1776758794.971,94.971,0.66,0.69,0.32,0.34,0.03,0.02,76187.73,1776758793000
1776758795.492,95.492,0.67,0.69,0.31,0.33,0.02,0.02,76194.84,1776758794000
1776758795.87,95.87,0.67,0.68,0.32,0.33,0.01,0.01,76194.84,1776758794000
1776758796.215,96.215,0.67,0.68,0.32,0.33,0.01,0.01,76194.85,1776758795000
1776758796.609,96.609,0.67,0.7,0.3,0.33,0.03,0.03,76194.85,1776758795000
1776758797.026,97.026,0.71,0.72,0.28,0.29,0.01,0.01,76194.85,1776758795000
1776758797.626,97.626,0.7,0.71,0.28,0.3,0.01,0.02,76197.24,1776758796000
1776758797.963,97.963,0.69,0.7,0.3,0.31,0.01,0.01,76197.24,1776758796000
1776758798.358,98.358,0.67,0.69,0.31,0.32,0.02,0.01,76198.48,1776758797000
1776758798.758,98.758,0.67,0.68,0.32,0.33,0.01,0.01,76198.48,1776758797000
1776758799.173,99.173,0.67,0.68,0.32,0.33,0.01,0.01,76198.48,1776758797000
1776758799.626,99.626,0.67,0.68,0.32,0.33,0.01,0.01,76201.41,1776758798000
1776758800.052,100.052,0.68,0.7,0.31,0.33,0.02,0.02,76201.41,1776758798000
1776758800.531,100.531,0.7,0.71,0.28,0.32,0.01,0.04,76201.41,1776758798000
1776758800.931,100.931,0.7,0.71,0.29,0.3,0.01,0.01,76200.44,1776758799000
1776758801.658,101.658,0.7,0.71,0.29,0.3,0.01,0.01,76200.07,1776758800000
1776758802.056,102.056,0.7,0.71,0.29,0.3,0.01,0.01,76200.08,1776758801000
1776758803.06,103.06,0.7,0.71,0.29,0.3,0.01,0.01,76193.38,1776758802000
1776758803.398,103.398,0.7,0.71,0.29,0.3,0.01,0.01,76193.38,1776758802000
1776758804.142,104.142,0.7,0.71,0.29,0.3,0.01,0.01,76184.7,1776758803000
1776758804.483,104.483,0.7,0.71,0.29,0.3,0.01,0.01,76184.7,1776758803000
1776758804.824,104.824,0.63,0.66,0.34,0.37,0.03,0.03,76184.7,1776758803000
1776758805.175,105.175,0.6,0.63,0.37,0.4,0.03,0.03,76184.7,1776758803000
1776758805.508,105.508,0.57,0.58,0.42,0.43,0.01,0.01,76179.04,1776758804000
1776758805.863,105.863,0.59,0.6,0.4,0.41,0.01,0.01,76179.04,1776758804000
1776758806.207,106.207,0.57,0.59,0.4,0.43,0.02,0.03,76179.04,1776758804000
1776758806.586,106.586,0.57,0.58,0.42,0.43,0.01,0.01,76179.06,1776758805000
1776758806.939,106.939,0.57,0.58,0.42,0.43,0.01,0.01,76179.06,1776758805000
1776758807.421,107.421,0.56,0.57,0.43,0.44,0.01,0.01,76178.97,1776758806000
1776758807.773,107.773,0.56,0.57,0.43,0.44,0.01,0.01,76178.97,1776758806000
1776758808.137,108.137,0.57,0.58,0.42,0.43,0.01,0.01,76178.97,1776758807000
1776758808.593,108.593,0.55,0.56,0.42,0.45,0.01,0.03,76178.97,1776758807000
1776758809.027,109.027,0.53,0.54,0.45,0.47,0.01,0.02,76178.97,1776758807000
1776758809.435,109.435,0.53,0.54,0.46,0.47,0.01,0.01,76178.97,1776758808000
1776758809.771,109.771,0.52,0.53,0.47,0.48,0.01,0.01,76178.97,1776758808000
1776758810.106,110.106,0.52,0.53,0.47,0.48,0.01,0.01,76178.97,1776758808000
1776758810.564,110.564,0.51,0.52,0.48,0.49,0.01,0.01,76178.97,1776758809000
1776758810.901,110.901,0.51,0.52,0.48,0.49,0.01,0.01,76178.97,1776758809000
1776758811.277,111.277,0.51,0.52,0.48,0.49,0.01,0.01,76177.43,1776758810000
1776758811.776,111.776,0.51,0.52,0.48,0.49,0.01,0.01,76177.43,1776758810000
1776758812.113,112.113,0.51,0.52,0.48,0.49,0.01,0.01,76177.43,1776758810000
1776758812.509,112.509,0.51,0.52,0.48,0.49,0.01,0.01,76177.06,1776758811000
1776758812.86,112.86,0.51,0.52,0.48,0.49,0.01,0.01,76177.06,1776758811000
1776758813.43,113.43,0.51,0.52,0.48,0.49,0.01,0.01,76177.06,1776758811000
1776758813.938,113.938,0.5,0.51,0.48,0.5,0.01,0.02,76176.11,1776758812000
1776758814.296,114.296,0.49,0.5,0.5,0.51,0.01,0.01,76176.54,1776758813000
1776758814.686,114.686,0.48,0.49,0.51,0.52,0.01,0.01,76176.54,1776758813000
1776758815.131,115.131,0.48,0.49,0.51,0.52,0.01,0.01,76176.52,1776758814000
1776758815.514,115.514,0.44,0.47,0.53,0.57,0.03,0.04,76176.52,1776758814000
1776758815.897,115.897,0.44,0.45,0.55,0.56,0.01,0.01,76176.52,1776758814000
1776758816.332,116.332,0.44,0.45,0.55,0.56,0.01,0.01,76170.5,1776758815000
1776758816.772,116.772,0.44,0.45,0.55,0.56,0.01,0.01,76170.5,1776758815000
1776758817.137,117.137,0.43,0.45,0.55,0.57,0.02,0.02,76170.5,1776758815000
1776758817.485,117.485,0.35,0.39,0.61,0.65,0.04,0.04,76161.9,1776758816000
1776758817.83,117.83,0.33,0.37,0.63,0.64,0.04,0.01,76161.9,1776758816000
1776758818.171,118.171,0.29,0.33,0.67,0.71,0.04,0.04,76161.9,1776758816000
1776758818.529,118.529,0.25,0.29,0.71,0.72,0.04,0.01,76139.7,1776758817000
1776758818.878,118.878,0.26,0.28,0.71,0.74,0.02,0.03,76139.7,1776758817000
1776758819.272,119.272,0.3,0.32,0.68,0.73,0.02,0.05,76139.7,1776758817000
1776758819.696,119.696,0.3,0.31,0.69,0.7,0.01,0.01,76134.99,1776758818000
1776758820.041,120.041,0.3,0.31,0.69,0.7,0.01,0.01,76134.34,1776758819000
1776758820.374,120.374,0.3,0.31,0.69,0.7,0.01,0.01,76134.34,1776758819000
1776758820.756,120.756,0.31,0.32,0.68,0.69,0.01,0.01,76134.34,1776758819000
1776758821.116,121.116,0.32,0.33,0.67,0.69,0.01,0.02,76134.34,1776758819000
1776758821.515,121.515,0.32,0.34,0.66,0.68,0.02,0.02,76134.34,1776758820000
1776758821.852,121.852,0.38,0.39,0.61,0.62,0.01,0.01,76134.34,1776758820000
1776758822.19,122.19,0.39,0.44,0.56,0.6,0.05,0.04,76134.34,1776758820000
1776758822.523,122.523,0.42,0.43,0.57,0.58,0.01,0.01,76138.53,1776758821000
1776758822.864,122.864,0.44,0.45,0.55,0.58,0.01,0.03,76138.53,1776758821000
1776758823.201,123.201,0.44,0.45,0.55,0.56,0.01,0.01,76138.53,1776758821000
1776758823.718,123.718,0.45,0.46,0.55,0.56,0.01,0.01,76153.59,1776758822000
1776758824.136,124.136,0.46,0.51,0.49,0.54,0.05,0.05,76153.59,1776758822000
1776758824.498,124.498,0.49,0.5,0.5,0.51,0.01,0.01,76153.59,1776758822000
1776758824.913,124.913,0.49,0.5,0.51,0.52,0.01,0.01,76158.16,1776758823000
1776758825.27,125.27,0.49,0.5,0.5,0.51,0.01,0.01,76158.16,1776758823000
1776758825.708,125.708,0.48,0.49,0.51,0.52,0.01,0.01,76158.16,1776758823000
1776758826.048,126.048,0.48,0.49,0.51,0.52,0.01,0.01,76163.31,1776758824000
1776758826.479,126.479,0.48,0.49,0.51,0.52,0.01,0.01,76163.31,1776758824000
1776758826.827,126.827,0.48,0.49,0.51,0.52,0.01,0.01,76163.31,1776758824000
1776758827.224,127.224,0.48,0.49,0.51,0.52,0.01,0.01,76165.61,1776758825000
1776758827.77,127.77,0.48,0.49,0.51,0.52,0.01,0.01,76165.61,1776758825000
1776758828.192,128.192,0.48,0.49,0.51,0.52,0.01,0.01,76165.72,1776758826000
1776758828.782,128.782,0.48,0.49,0.51,0.52,0.01,0.01,76165.72,1776758826000
1776758829.152,129.152,0.48,0.49,0.51,0.52,0.01,0.01,76166.1,1776758827000
1776758829.608,129.608,0.48,0.49,0.51,0.52,0.01,0.01,76166.1,1776758827000
1776758830.193,130.193,0.48,0.49,0.51,0.52,0.01,0.01,76166.04,1776758828000
1776758830.673,130.673,0.48,0.49,0.51,0.52,0.01,0.01,76166.05,1776758829000
1776758831.28,131.28,0.48,0.49,0.51,0.52,0.01,0.01,76166.09,1776758830000
1776758831.631,131.631,0.48,0.49,0.51,0.52,0.01,0.01,76166.09,1776758830000
1776758832.029,132.029,0.48,0.49,0.51,0.52,0.01,0.01,76166.06,1776758831000
1776758832.394,132.394,0.48,0.49,0.51,0.52,0.01,0.01,76166.06,1776758831000
1776758832.744,132.744,0.48,0.49,0.51,0.52,0.01,0.01,76166.06,1776758831000
1776758833.105,133.105,0.48,0.49,0.51,0.52,0.01,0.01,76165.79,1776758832000
1776758833.683,133.683,0.48,0.49,0.51,0.52,0.01,0.01,76165.79,1776758832000
1776758834.048,134.048,0.47,0.48,0.52,0.53,0.01,0.01,76165.79,1776758832000
1776758834.737,134.737,0.46,0.48,0.52,0.53,0.02,0.01,76165.81,1776758833000
1776758835.095,135.095,0.42,0.43,0.57,0.58,0.01,0.01,76165.86,1776758834000
1776758835.465,135.465,0.42,0.44,0.57,0.58,0.02,0.01,76165.86,1776758834000
1776758835.845,135.845,0.45,0.46,0.54,0.55,0.01,0.01,76165.86,1776758834000
1776758836.195,136.195,0.45,0.46,0.54,0.55,0.01,0.01,76165.83,1776758835000
1776758836.823,136.823,0.45,0.46,0.54,0.55,0.01,0.01,76165.83,1776758835000
1776758837.222,137.222,0.45,0.46,0.54,0.55,0.01,0.01,76162.86,1776758836000
1776758838.362,138.362,0.45,0.46,0.54,0.55,0.01,0.01,76162.86,1776758836000
1776758838.704,138.704,0.45,0.46,0.54,0.55,0.01,0.01,76164.29,1776758837000
1776758839.092,139.092,0.46,0.47,0.53,0.55,0.01,0.02,76164.29,1776758837000
1776758839.475,139.475,0.46,0.47,0.53,0.54,0.01,0.01,76164.29,1776758838000
1776758839.968,139.968,0.45,0.47,0.53,0.54,0.02,0.01,76164.29,1776758838000
1776758840.315,140.315,0.41,0.42,0.58,0.59,0.01,0.01,76164.29,1776758838000
1776758840.656,140.656,0.41,0.42,0.58,0.59,0.01,0.01,76164.13,1776758839000
1776758841.239,141.239,0.41,0.42,0.58,0.59,0.01,0.01,76164.13,1776758839000
1776758841.61,141.61,0.39,0.4,0.6,0.61,0.01,0.01,76163.65,1776758840000
1776758841.949,141.949,0.39,0.4,0.6,0.61,0.01,0.01,76163.65,1776758840000
1776758842.354,142.354,0.39,0.4,0.6,0.61,0.01,0.01,76163.65,1776758840000
1776758842.941,142.941,0.39,0.4,0.6,0.61,0.01,0.01,76160.97,1776758841000
1776758843.356,143.356,0.39,0.4,0.6,0.61,0.01,0.01,76160.52,1776758842000
1776758843.843,143.843,0.39,0.4,0.6,0.61,0.01,0.01,76160.52,1776758842000
1776758844.216,144.216,0.38,0.39,0.61,0.62,0.01,0.01,76160.52,1776758842000
1776758844.563,144.563,0.38,0.39,0.61,0.62,0.01,0.01,76159.72,1776758843000
1776758844.97,144.97,0.38,0.39,0.61,0.62,0.01,0.01,76159.72,1776758843000
1776758846.049,146.049,0.38,0.39,0.61,0.62,0.01,0.01,76158.18,1776758844000
1776758846.48,146.48,0.38,0.39,0.61,0.62,0.01,0.01,76158.18,1776758844000
1776758846.975,146.975,0.38,0.39,0.61,0.62,0.01,0.01,76158.68,1776758845000
1776758848.312,148.312,0.38,0.39,0.61,0.62,0.01,0.01,76158.68,1776758846000
1776758848.655,148.655,0.38,0.39,0.61,0.62,0.01,0.01,76158.58,1776758847000
1776758849.007,149.007,0.41,0.42,0.58,0.59,0.01,0.01,76158.58,1776758847000
1776758849.417,149.417,0.53,0.55,0.45,0.47,0.02,0.02,76158.58,1776758848000
1776758849.754,149.754,0.53,0.54,0.46,0.49,0.01,0.03,76158.58,1776758848000
1776758850.181,150.181,0.53,0.54,0.46,0.47,0.01,0.01,76158.58,1776758848000
1776758850.559,150.559,0.53,0.56,0.44,0.47,0.03,0.03,76167.84,1776758849000
1776758850.952,150.952,0.54,0.55,0.45,0.46,0.01,0.01,76167.84,1776758849000
1776758851.527,151.527,0.56,0.57,0.43,0.46,0.01,0.03,76167.84,1776758849000
1776758851.865,151.865,0.56,0.57,0.43,0.44,0.01,0.01,76172.34,1776758850000
1776758852.506,152.506,0.56,0.57,0.43,0.44,0.01,0.01,76172.34,1776758851000
1776758852.931,152.931,0.55,0.56,0.44,0.45,0.01,0.01,76172.34,1776758851000
1776758854.057,154.057,0.54,0.56,0.44,0.45,0.02,0.01,76172.34,1776758851000
1776758854.482,154.482,0.49,0.5,0.5,0.53,0.01,0.03,76174.62,1776758853000
1776758854.823,154.823,0.49,0.5,0.5,0.51,0.01,0.01,76174.62,1776758853000
1776758855.311,155.311,0.47,0.48,0.51,0.52,0.01,0.01,76174.62,1776758853000
1776758855.705,155.705,0.45,0.46,0.54,0.55,0.01,0.01,76169.72,1776758854000
1776758856.042,156.042,0.44,0.45,0.54,0.55,0.01,0.01,76169.74,1776758855000
1776758856.465,156.465,0.44,0.45,0.55,0.56,0.01,0.01,76169.74,1776758855000
1776758856.845,156.845,0.42,0.43,0.57,0.58,0.01,0.01,76169.74,1776758855000
1776758857.204,157.204,0.41,0.42,0.58,0.59,0.01,0.01,76169.74,1776758855000
1776758857.899,157.899,0.41,0.42,0.58,0.59,0.01,0.01,76165.47,1776758856000
1776758858.404,158.404,0.41,0.42,0.58,0.59,0.01,0.01,76164.86,1776758857000
1776758859.527,159.527,0.41,0.42,0.58,0.59,0.01,0.01,76163.72,1776758858000
1776758860.012,160.012,0.41,0.42,0.58,0.59,0.01,0.01,76163.68,1776758859000
1776758861.471,161.471,0.41,0.42,0.58,0.59,0.01,0.01,76161.41,1776758860000
1776758861.823,161.823,0.41,0.42,0.58,0.59,0.01,0.01,76161.41,1776758860000
1776758862.181,162.181,0.4,0.42,0.58,0.6,0.02,0.02,76161.09,1776758861000
1776758862.553,162.553,0.41,0.42,0.58,0.61,0.01,0.03,76161.09,1776758861000
1776758863.217,163.217,0.39,0.41,0.59,0.61,0.02,0.02,76161.09,1776758862000
1776758863.565,163.565,0.4,0.41,0.58,0.61,0.01,0.03,76161.09,1776758862000
1776758863.917,163.917,0.41,0.42,0.58,0.59,0.01,0.01,76161.09,1776758862000
1776758864.345,164.345,0.42,0.43,0.57,0.58,0.01,0.01,76161.09,1776758862000
1776758864.768,164.768,0.42,0.43,0.57,0.58,0.01,0.01,76161.44,1776758863000
1776758865.139,165.139,0.46,0.48,0.52,0.54,0.02,0.02,76161.44,1776758863000
1776758865.511,165.511,0.47,0.49,0.51,0.53,0.02,0.02,76161.44,1776758863000
1776758866.473,166.473,0.48,0.5,0.5,0.52,0.02,0.02,76162.36,1776758865000
1776758866.916,166.916,0.48,0.5,0.5,0.52,0.02,0.02,76164.94,1776758866000
1776758867.43,167.43,0.48,0.49,0.5,0.52,0.01,0.02,76164.94,1776758866000
1776758868.157,168.157,0.48,0.49,0.51,0.52,0.01,0.01,76172.99,1776758867000
1776758868.553,168.553,0.48,0.5,0.5,0.52,0.02,0.02,76172.99,1776758867000
1776758868.918,168.918,0.49,0.51,0.49,0.51,0.02,0.02,76172.99,1776758867000
1776758869.251,169.251,0.52,0.54,0.46,0.48,0.02,0.02,76172.99,1776758867000
1776758869.795,169.795,0.52,0.55,0.45,0.48,0.03,0.03,76172.99,1776758867000
1776758870.131,170.131,0.6,0.61,0.39,0.4,0.01,0.01,76172.99,1776758867000
1776758870.521,170.521,0.6,0.61,0.39,0.4,0.01,0.01,76174.31,1776758868000
1776758870.91,170.91,0.6,0.61,0.39,0.4,0.01,0.01,76174.31,1776758868000
1776758871.26,171.26,0.6,0.62,0.38,0.4,0.02,0.02,76174.32,1776758869000
1776758871.595,171.595,0.6,0.62,0.39,0.4,0.02,0.01,76174.32,1776758869000
1776758871.929,171.929,0.6,0.61,0.39,0.4,0.01,0.01,76181.44,1776758870000
1776758872.271,172.271,0.6,0.61,0.39,0.4,0.01,0.01,76181.44,1776758870000
1776758872.934,172.934,0.6,0.61,0.39,0.4,0.01,0.01,76182.42,1776758871000
1776758873.847,173.847,0.6,0.61,0.39,0.4,0.01,0.01,76182.42,1776758872000
1776758874.462,174.462,0.6,0.61,0.39,0.4,0.01,0.01,76182.42,1776758872000
1776758874.904,174.904,0.6,0.61,0.39,0.4,0.01,0.01,76182.36,1776758873000
1776758875.275,175.275,0.6,0.61,0.39,0.4,0.01,0.01,76182.36,1776758873000
1776758875.676,175.676,0.6,0.61,0.39,0.4,0.01,0.01,76182.35,1776758874000
1776758876.022,176.022,0.6,0.61,0.39,0.4,0.01,0.01,76182.35,1776758874000
1776758876.501,176.501,0.6,0.61,0.39,0.4,0.01,0.01,76181.02,1776758875000
1776758877.579,177.579,0.6,0.61,0.39,0.4,0.01,0.01,76181.02,1776758875000
1776758877.954,177.954,0.6,0.61,0.39,0.41,0.01,0.02,76174.05,1776758876000
1776758878.359,178.359,0.57,0.61,0.39,0.41,0.04,0.02,76174.05,1776758876000
1776758878.711,178.711,0.57,0.61,0.39,0.43,0.04,0.04,76174.05,1776758876000
1776758879.052,179.052,0.57,0.58,0.42,0.43,0.01,0.01,76173.25,1776758877000
1776758879.402,179.402,0.53,0.54,0.45,0.46,0.01,0.01,76173.25,1776758877000
1776758879.739,179.739,0.53,0.57,0.43,0.47,0.04,0.04,76173.25,1776758878000
1776758880.089,180.089,0.54,0.55,0.45,0.46,0.01,0.01,76173.25,1776758878000
1776758880.423,180.423,0.54,0.55,0.45,0.46,0.01,0.01,76171.97,1776758879000
1776758880.762,180.762,0.54,0.55,0.45,0.46,0.01,0.01,76171.97,1776758879000
1776758881.355,181.355,0.53,0.54,0.46,0.47,0.01,0.01,76171.97,1776758879000
1776758881.737,181.737,0.52,0.54,0.46,0.48,0.02,0.02,76171.97,1776758879000
1776758882.195,182.195,0.52,0.54,0.46,0.48,0.02,0.02,76171.89,1776758880000
1776758882.936,182.936,0.52,0.54,0.46,0.48,0.02,0.02,76171.88,1776758881000
1776758883.909,183.909,0.52,0.53,0.47,0.48,0.01,0.01,76171.97,1776758882000
1776758884.295,184.295,0.52,0.53,0.47,0.48,0.01,0.01,76171.97,1776758882000
1776758884.657,184.657,0.52,0.53,0.47,0.48,0.01,0.01,76171.97,1776758882000
1776758885.262,185.262,0.52,0.53,0.47,0.48,0.01,0.01,76171.95,1776758883000
1776758885.807,185.807,0.52,0.53,0.47,0.48,0.01,0.01,76171.95,1776758884000
1776758886.162,186.162,0.52,0.53,0.47,0.48,0.01,0.01,76171.95,1776758884000
1776758886.869,186.869,0.5,0.51,0.48,0.5,0.01,0.02,76171.95,1776758885000
1776758887.261,187.261,0.5,0.51,0.49,0.5,0.01,0.01,76171.88,1776758886000
1776758887.824,187.824,0.5,0.51,0.49,0.5,0.01,0.01,76171.88,1776758886000
1776758888.243,188.243,0.5,0.51,0.49,0.5,0.01,0.01,76171.88,1776758886000
1776758888.577,188.577,0.5,0.51,0.49,0.5,0.01,0.01,76171.88,1776758886000
1776758888.913,188.913,0.5,0.51,0.49,0.5,0.01,0.01,76171.85,1776758887000
1776758889.425,189.425,0.5,0.51,0.49,0.5,0.01,0.01,76171.85,1776758887000
1776758890.198,190.198,0.5,0.52,0.49,0.5,0.02,0.01,76171.86,1776758888000
1776758890.807,190.807,0.5,0.51,0.48,0.5,0.01,0.02,76171.75,1776758889000
1776758891.318,191.318,0.5,0.51,0.49,0.5,0.01,0.01,76171.72,1776758890000
1776758892.35,192.35,0.5,0.51,0.49,0.5,0.01,0.01,76170.6,1776758891000
1776758892.894,192.894,0.5,0.51,0.49,0.5,0.01,0.01,76170.6,1776758892000
1776758893.407,193.407,0.5,0.51,0.49,0.5,0.01,0.01,76170.6,1776758892000
1776758893.795,193.795,0.5,0.51,0.49,0.5,0.01,0.01,76170.6,1776758892000
1776758894.657,194.657,0.5,0.51,0.49,0.5,0.01,0.01,76170.65,1776758893000
1776758895.091,195.091,0.5,0.51,0.49,0.5,0.01,0.01,76170.74,1776758894000
1776758896.264,196.264,0.5,0.51,0.49,0.5,0.01,0.01,76170.74,1776758894000
1776758896.602,196.602,0.5,0.51,0.49,0.5,0.01,0.01,76169.96,1776758895000
1776758896.97,196.97,0.5,0.51,0.49,0.5,0.01,0.01,76169.96,1776758895000
1776758897.601,197.601,0.5,0.51,0.49,0.5,0.01,0.01,76170.55,1776758896000
1776758898.062,198.062,0.5,0.51,0.49,0.5,0.01,0.01,76170.55,1776758896000
1776758898.565,198.565,0.5,0.51,0.49,0.5,0.01,0.01,76169.14,1776758897000
1776758899.052,199.052,0.5,0.51,0.49,0.5,0.01,0.01,76169.14,1776758897000
1776758899.462,199.462,0.5,0.51,0.49,0.5,0.01,0.01,76170.01,1776758898000
1776758900.248,200.248,0.5,0.51,0.49,0.5,0.01,0.01,76170.01,1776758898000
1776758900.666,200.666,0.5,0.51,0.49,0.5,0.01,0.01,76169.59,1776758899000
1776758901.228,201.228,0.5,0.52,0.48,0.5,0.02,0.02,76169.59,1776758899000
1776758901.606,201.606,0.51,0.52,0.48,0.49,0.01,0.01,76169.89,1776758900000
1776758902.011,202.011,0.51,0.52,0.48,0.49,0.01,0.01,76169.89,1776758900000
1776758902.383,202.383,0.51,0.52,0.48,0.49,0.01,0.01,76171.78,1776758901000
1776758902.903,202.903,0.51,0.52,0.48,0.49,0.01,0.01,76171.78,1776758902000
1776758903.331,203.331,0.51,0.52,0.48,0.49,0.01,0.01,76171.78,1776758902000
1776758903.887,203.887,0.51,0.52,0.48,0.49,0.01,0.01,76172.01,1776758903000
1776758904.29,204.29,0.52,0.53,0.47,0.49,0.01,0.02,76172.01,1776758903000
1776758904.624,204.624,0.58,0.6,0.4,0.42,0.02,0.02,76172.01,1776758903000
1776758904.961,204.961,0.67,0.71,0.3,0.33,0.04,0.03,76172.01,1776758903000
1776758905.387,205.387,0.67,0.72,0.28,0.33,0.05,0.05,76172.01,1776758903000
1776758905.96,205.96,0.71,0.73,0.28,0.33,0.02,0.05,76172.08,1776758904000
1776758906.485,206.485,0.71,0.74,0.27,0.29,0.03,0.02,76172.08,1776758904000
1776758906.855,206.855,0.71,0.74,0.26,0.29,0.03,0.03,76182.05,1776758905000
1776758907.519,207.519,0.71,0.74,0.26,0.29,0.03,0.03,76190.96,1776758906000
1776758908.175,208.175,0.71,0.74,0.26,0.29,0.03,0.03,76189.02,1776758907000
1776758908.542,208.542,0.71,0.75,0.25,0.29,0.04,0.04,76189.02,1776758907000
1776758909.029,209.029,0.71,0.75,0.25,0.29,0.04,0.04,76189.02,1776758907000
1776758909.611,209.611,0.71,0.75,0.25,0.29,0.04,0.04,76189.02,1776758907000
1776758910.434,210.434,0.71,0.75,0.25,0.29,0.04,0.04,76189.67,1776758909000
1776758911.029,211.029,0.71,0.75,0.25,0.29,0.04,0.04,76189.69,1776758910000
1776758912.496,212.496,0.71,0.75,0.25,0.29,0.04,0.04,76190.59,1776758911000
1776758912.946,212.946,0.71,0.75,0.25,0.29,0.04,0.04,76190.59,1776758911000
1776758913.29,213.29,0.68,0.71,0.29,0.32,0.03,0.03,76190.59,1776758912000
1776758913.723,213.723,0.67,0.73,0.27,0.33,0.06,0.06,76190.59,1776758912000
1776758914.094,214.094,0.71,0.73,0.27,0.29,0.02,0.02,76190.59,1776758912000
1776758914.482,214.482,0.68,0.72,0.28,0.32,0.04,0.04,76190.59,1776758912000
1776758914.861,214.861,0.67,0.72,0.28,0.33,0.05,0.05,76190.56,1776758913000
1776758915.22,215.22,0.68,0.73,0.27,0.32,0.05,0.05,76190.56,1776758913000
1776758915.619,215.619,0.68,0.74,0.26,0.32,0.06,0.06,76190.47,1776758914000
1776758916.117,216.117,0.67,0.74,0.26,0.33,0.07,0.07,76190.47,1776758914000
1776758916.519,216.519,0.72,0.73,0.26,0.28,0.01,0.02,76190.47,1776758914000
1776758916.857,216.857,0.71,0.72,0.28,0.29,0.01,0.01,76190.05,1776758915000
1776758917.239,217.239,0.69,0.7,0.3,0.31,0.01,0.01,76190.05,1776758915000
1776758917.581,217.581,0.67,0.73,0.27,0.33,0.06,0.06,76190.05,1776758916000
1776758917.965,217.965,0.69,0.7,0.28,0.29,0.01,0.01,76190.05,1776758916000
1776758918.299,218.299,0.7,0.71,0.29,0.3,0.01,0.01,76190.37,1776758917000
1776758918.649,218.649,0.7,0.71,0.29,0.3,0.01,0.01,76190.37,1776758917000
1776758918.995,218.995,0.7,0.71,0.29,0.3,0.01,0.01,76190.37,1776758917000
1776758919.405,219.405,0.7,0.71,0.29,0.3,0.01,0.01,76190.37,1776758917000
1776758919.774,219.774,0.7,0.71,0.29,0.3,0.01,0.01,76190.37,1776758918000
1776758920.112,220.112,0.7,0.71,0.29,0.3,0.01,0.01,76190.37,1776758918000
1776758920.527,220.527,0.7,0.71,0.29,0.3,0.01,0.01,76190.37,1776758919000
1776758921.147,221.147,0.7,0.71,0.29,0.3,0.01,0.01,76190.37,1776758919000
1776758921.502,221.502,0.72,0.73,0.27,0.28,0.01,0.01,76190.37,1776758919000
1776758921.837,221.837,0.73,0.75,0.25,0.27,0.02,0.02,76190.4,1776758920000
1776758922.25,222.25,0.77,0.78,0.21,0.23,0.01,0.02,76190.4,1776758920000
1776758922.602,222.602,0.77,0.78,0.22,0.23,0.01,0.01,76190.78,1776758921000
1776758922.996,222.996,0.75,0.76,0.22,0.26,0.01,0.04,76190.78,1776758921000
1776758923.34,223.34,0.75,0.76,0.24,0.25,0.01,0.01,76190.78,1776758921000
1776758923.729,223.729,0.75,0.76,0.24,0.25,0.01,0.01,76190.78,1776758921000
1776758924.966,224.966,0.75,0.76,0.24,0.25,0.01,0.01,76193.34,1776758924000
1776758925.898,225.898,0.75,0.76,0.24,0.25,0.01,0.01,76193.34,1776758924000
1776758926.273,226.273,0.74,0.76,0.24,0.26,0.02,0.02,76193.34,1776758924000
1776758926.64,226.64,0.73,0.76,0.25,0.27,0.03,0.02,76191.8,1776758925000
1776758926.981,226.981,0.75,0.76,0.24,0.25,0.01,0.01,76191.8,1776758925000
1776758927.492,227.492,0.74,0.76,0.24,0.26,0.02,0.02,76192.76,1776758926000
1776758927.853,227.853,0.74,0.75,0.25,0.26,0.01,0.01,76192.76,1776758926000
1776758928.241,228.241,0.74,0.75,0.25,0.26,0.01,0.01,76192.38,1776758927000
1776758928.6,228.6,0.74,0.75,0.24,0.26,0.01,0.02,76192.38,1776758927000
1776758928.94,228.94,0.73,0.75,0.25,0.26,0.02,0.01,76192.38,1776758927000
1776758929.274,229.274,0.74,0.75,0.25,0.26,0.01,0.01,76192.71,1776758928000
1776758929.624,229.624,0.74,0.75,0.25,0.26,0.01,0.01,76192.71,1776758928000
1776758930.009,230.009,0.74,0.75,0.25,0.26,0.01,0.01,76192.71,1776758928000
1776758930.466,230.466,0.74,0.75,0.25,0.26,0.01,0.01,76192.73,1776758929000
1776758930.861,230.861,0.74,0.77,0.23,0.26,0.03,0.03,76192.73,1776758929000
1776758931.697,231.697,0.74,0.75,0.23,0.26,0.01,0.03,76192.47,1776758930000
1776758932.232,232.232,0.75,0.76,0.24,0.25,0.01,0.01,76191.94,1776758931000
1776758932.755,232.755,0.76,0.77,0.24,0.25,0.01,0.01,76191.94,1776758931000
1776758933.107,233.107,0.76,0.77,0.23,0.24,0.01,0.01,76192.1,1776758932000
1776758933.565,233.565,0.76,0.77,0.23,0.24,0.01,0.01,76192.1,1776758932000
1776758933.948,233.948,0.76,0.77,0.23,0.24,0.01,0.01,76192.1,1776758932000
1776758934.471,234.471,0.76,0.77,0.23,0.24,0.01,0.01,76192.07,1776758933000
1776758934.808,234.808,0.76,0.79,0.23,0.24,0.03,0.01,76192.07,1776758933000
1776758935.181,235.181,0.78,0.79,0.21,0.22,0.01,0.01,76192.1,1776758934000
1776758935.544,235.544,0.78,0.79,0.21,0.22,0.01,0.01,76192.1,1776758934000
1776758935.976,235.976,0.78,0.79,0.21,0.22,0.01,0.01,76192.1,1776758934000
1776758936.468,236.468,0.78,0.79,0.21,0.22,0.01,0.01,76192.07,1776758935000
1776758936.898,236.898,0.78,0.79,0.21,0.22,0.01,0.01,76192.07,1776758935000
1776758937.346,237.346,0.77,0.78,0.22,0.23,0.01,0.01,76192.12,1776758936000
1776758937.782,237.782,0.77,0.78,0.22,0.23,0.01,0.01,76192.12,1776758936000
1776758938.141,238.141,0.77,0.78,0.22,0.23,0.01,0.01,76192.12,1776758936000
1776758938.644,238.644,0.77,0.78,0.22,0.23,0.01,0.01,76192.14,1776758937000
1776758939.024,239.024,0.77,0.78,0.22,0.23,0.01,0.01,76192.14,1776758937000
1776758939.359,239.359,0.77,0.78,0.22,0.23,0.01,0.01,76192.14,1776758938000
1776758939.769,239.769,0.77,0.78,0.22,0.23,0.01,0.01,76192.14,1776758938000
1776758940.106,240.106,0.77,0.78,0.22,0.23,0.01,0.01,76192.08,1776758939000
1776758940.518,240.518,0.79,0.8,0.2,0.23,0.01,0.03,76192.08,1776758939000
1776758940.993,240.993,0.79,0.8,0.2,0.21,0.01,0.01,76192.08,1776758939000
1776758941.337,241.337,0.79,0.8,0.2,0.21,0.01,0.01,76191.81,1776758940000
1776758942.19,242.19,0.79,0.8,0.2,0.21,0.01,0.01,76191.81,1776758940000
1776758942.643,242.643,0.79,0.8,0.2,0.21,0.01,0.01,76191.96,1776758941000
1776758943.018,243.018,0.84,0.85,0.15,0.16,0.01,0.01,76191.96,1776758941000
1776758943.351,243.351,0.84,0.85,0.15,0.16,0.01,0.01,76191.99,1776758942000
1776758943.757,243.757,0.85,0.86,0.14,0.15,0.01,0.01,76191.99,1776758942000
1776758944.108,244.108,0.85,0.87,0.14,0.15,0.02,0.01,76191.99,1776758942000
1776758944.442,244.442,0.85,0.86,0.14,0.15,0.01,0.01,76191.92,1776758943000
1776758944.813,244.813,0.8,0.81,0.19,0.2,0.01,0.01,76191.92,1776758943000
1776758945.158,245.158,0.78,0.8,0.2,0.21,0.02,0.01,76191.92,1776758943000
1776758945.675,245.675,0.79,0.8,0.2,0.21,0.01,0.01,76192.94,1776758944000
1776758946.105,246.105,0.79,0.8,0.2,0.21,0.01,0.01,76192.94,1776758944000
1776758946.521,246.521,0.79,0.8,0.2,0.21,0.01,0.01,76192.61,1776758945000
1776758946.905,246.905,0.79,0.8,0.2,0.21,0.01,0.01,76192.61,1776758945000
1776758947.246,247.246,0.79,0.81,0.2,0.21,0.02,0.01,76192.08,1776758946000
1776758947.671,247.671,0.8,0.81,0.19,0.2,0.01,0.01,76192.08,1776758946000
1776758948.102,248.102,0.81,0.82,0.18,0.19,0.01,0.01,76192.08,1776758946000
1776758948.484,248.484,0.8,0.81,0.19,0.2,0.01,0.01,76192.08,1776758946000
1776758949.002,249.002,0.78,0.79,0.21,0.22,0.01,0.01,76191.96,1776758947000
1776758949.402,249.402,0.78,0.79,0.21,0.22,0.01,0.01,76191.94,1776758948000
1776758950.0,250.0,0.78,0.79,0.21,0.22,0.01,0.01,76191.94,1776758948000
1776758950.345,250.345,0.78,0.79,0.21,0.22,0.01,0.01,76192.03,1776758949000
1776758950.723,250.723,0.78,0.79,0.21,0.22,0.01,0.01,76192.03,1776758949000
1776758951.066,251.066,0.78,0.79,0.21,0.22,0.01,0.01,76192.03,1776758949000
1776758951.401,251.401,0.78,0.79,0.21,0.22,0.01,0.01,76191.93,1776758950000
1776758951.839,251.839,0.78,0.79,0.21,0.22,0.01,0.01,76191.93,1776758950000
1776758952.246,252.246,0.78,0.79,0.21,0.22,0.01,0.01,76191.93,1776758950000
1776758952.603,252.603,0.78,0.79,0.21,0.22,0.01,0.01,76191.93,1776758951000
1776758953.008,253.008,0.78,0.79,0.21,0.22,0.01,0.01,76191.93,1776758951000
1776758953.408,253.408,0.78,0.79,0.21,0.22,0.01,0.01,76191.93,1776758951000
1776758953.845,253.845,0.8,0.81,0.19,0.22,0.01,0.03,76191.93,1776758951000
1776758954.182,254.182,0.8,0.81,0.19,0.2,0.01,0.01,76191.88,1776758952000
1776758954.58,254.58,0.8,0.81,0.19,0.2,0.01,0.01,76187.67,1776758953000
1776758954.943,254.943,0.8,0.81,0.19,0.2,0.01,0.01,76187.67,1776758953000
1776758955.294,255.294,0.8,0.81,0.19,0.2,0.01,0.01,76190,1776758954000
1776758955.733,255.733,0.79,0.8,0.2,0.21,0.01,0.01,76190,1776758954000
1776758956.186,256.186,0.79,0.8,0.2,0.21,0.01,0.01,76190,1776758954000
1776758956.65,256.65,0.79,0.8,0.2,0.21,0.01,0.01,76190.63,1776758955000
1776758957.024,257.024,0.81,0.83,0.17,0.18,0.02,0.01,76190.63,1776758955000
1776758957.484,257.484,0.81,0.82,0.17,0.19,0.01,0.02,76190.52,1776758956000
1776758957.909,257.909,0.82,0.83,0.17,0.18,0.01,0.01,76190.52,1776758956000
1776758958.282,258.282,0.82,0.83,0.17,0.18,0.01,0.01,76190.52,1776758956000
1776758958.649,258.649,0.81,0.82,0.18,0.19,0.01,0.01,76190.52,1776758956000
1776758958.986,258.986,0.83,0.84,0.16,0.17,0.01,0.01,76190.59,1776758958000
1776758959.488,259.488,0.84,0.85,0.15,0.17,0.01,0.02,76190.59,1776758958000
1776758959.823,259.823,0.84,0.85,0.15,0.16,0.01,0.01,76190.59,1776758958000
1776758960.273,260.273,0.84,0.85,0.15,0.16,0.01,0.01,76190.59,1776758958000
1776758960.693,260.693,0.84,0.85,0.15,0.16,0.01,0.01,76190.56,1776758959000
1776758961.04,261.04,0.85,0.86,0.15,0.16,0.01,0.01,76190.56,1776758959000
1776758961.527,261.527,0.85,0.86,0.14,0.15,0.01,0.01,76190.56,1776758960000
1776758962.157,262.157,0.85,0.86,0.14,0.15,0.01,0.01,76190.56,1776758960000
1776758962.573,262.573,0.85,0.86,0.14,0.15,0.01,0.01,76190.56,1776758960000
1776758962.923,262.923,0.85,0.86,0.14,0.15,0.01,0.01,76190.69,1776758961000
1776758963.374,263.374,0.85,0.86,0.14,0.15,0.01,0.01,76190.61,1776758962000
1776758963.772,263.772,0.85,0.86,0.14,0.15,0.01,0.01,76190.61,1776758962000
1776758964.144,264.144,0.79,0.8,0.2,0.21,0.01,0.01,76190.61,1776758962000
1776758964.588,264.588,0.82,0.83,0.17,0.19,0.01,0.02,76190.61,1776758963000
1776758964.93,264.93,0.83,0.84,0.16,0.17,0.01,0.01,76190.61,1776758963000
1776758965.374,265.374,0.83,0.84,0.16,0.17,0.01,0.01,76190.61,1776758963000
1776758965.728,265.728,0.83,0.84,0.16,0.17,0.01,0.01,76188.11,1776758964000
1776758966.393,266.393,0.83,0.84,0.16,0.17,0.01,0.01,76187.17,1776758965000
1776758967.08,267.08,0.83,0.84,0.16,0.17,0.01,0.01,76187.17,1776758965000
1776758967.453,267.453,0.83,0.84,0.16,0.17,0.01,0.01,76187.31,1776758966000
1776758967.804,267.804,0.83,0.85,0.16,0.17,0.02,0.01,76187.31,1776758966000
1776758968.174,268.174,0.86,0.87,0.13,0.15,0.01,0.02,76187.31,1776758966000
1776758968.584,268.584,0.86,0.88,0.13,0.14,0.02,0.01,76187.31,1776758966000
1776758969.352,269.352,0.87,0.88,0.12,0.13,0.01,0.01,76187.24,1776758967000
1776758969.695,269.695,0.87,0.88,0.12,0.13,0.01,0.01,76187.31,1776758968000
1776758970.206,270.206,0.87,0.88,0.12,0.13,0.01,0.01,76187.31,1776758968000
1776758971.084,271.084,0.87,0.88,0.12,0.13,0.01,0.01,76187.32,1776758969000
1776758971.53,271.53,0.87,0.88,0.12,0.13,0.01,0.01,76187.32,1776758969000
1776758971.975,271.975,0.87,0.89,0.12,0.13,0.02,0.01,76187.32,1776758969000
1776758972.457,272.457,0.87,0.89,0.11,0.13,0.02,0.02,76188.13,1776758971000
1776758972.955,272.955,0.87,0.9,0.11,0.13,0.03,0.02,76188.13,1776758971000
1776758973.301,273.301,0.89,0.9,0.1,0.11,0.01,0.01,76184.25,1776758972000
1776758973.807,273.807,0.89,0.92,0.08,0.11,0.03,0.03,76184.25,1776758972000
1776758974.184,274.184,0.9,0.92,0.08,0.1,0.02,0.02,76188.14,1776758973000
1776758974.553,274.553,0.91,0.92,0.08,0.1,0.01,0.02,76188.14,1776758973000
1776758974.891,274.891,0.91,0.92,0.08,0.09,0.01,0.01,76188.14,1776758973000
1776758975.237,275.237,0.91,0.92,0.08,0.09,0.01,0.01,76191.57,1776758974000
1776758975.671,275.671,0.91,0.92,0.08,0.09,0.01,0.01,76191.57,1776758974000
1776758976.039,276.039,0.91,0.92,0.08,0.09,0.01,0.01,76191.57,1776758974000
1776758976.412,276.412,0.91,0.92,0.08,0.09,0.01,0.01,76192.82,1776758975000
1776758976.755,276.755,0.91,0.92,0.08,0.09,0.01,0.01,76192.82,1776758975000
1776758977.212,277.212,0.91,0.92,0.08,0.09,0.01,0.01,76193.01,1776758976000
1776758977.596,277.596,0.91,0.92,0.08,0.09,0.01,0.01,76193.01,1776758976000
1776758977.996,277.996,0.91,0.92,0.08,0.09,0.01,0.01,76193.01,1776758976000
1776758978.331,278.331,0.91,0.92,0.08,0.09,0.01,0.01,76193.01,1776758976000
1776758978.75,278.75,0.91,0.92,0.08,0.09,0.01,0.01,76193.15,1776758977000
1776758979.098,279.098,0.91,0.92,0.08,0.09,0.01,0.01,76193.15,1776758977000
1776758979.451,279.451,0.91,0.92,0.08,0.09,0.01,0.01,76193.16,1776758978000
1776758979.817,279.817,0.91,0.92,0.08,0.09,0.01,0.01,76193.16,1776758978000
1776758980.184,280.184,0.91,0.92,0.08,0.09,0.01,0.01,76193.1,1776758979000
1776758980.615,280.615,0.91,0.92,0.08,0.09,0.01,0.01,76193.1,1776758979000
1776758981.036,281.036,0.91,0.92,0.08,0.09,0.01,0.01,76193.06,1776758980000
1776758981.378,281.378,0.91,0.92,0.08,0.09,0.01,0.01,76193.06,1776758980000
1776758981.785,281.785,0.91,0.92,0.08,0.09,0.01,0.01,76193.06,1776758980000
1776758982.192,282.192,0.91,0.92,0.08,0.09,0.01,0.01,76193.06,1776758981000
1776758982.541,282.541,0.91,0.92,0.08,0.09,0.01,0.01,76193.06,1776758981000
1776758982.879,282.879,0.91,0.92,0.08,0.09,0.01,0.01,76193.06,1776758981000
1776758983.224,283.224,0.91,0.92,0.08,0.09,0.01,0.01,76193.16,1776758982000
1776758983.557,283.557,0.91,0.92,0.08,0.09,0.01,0.01,76193.16,1776758982000
1776758983.898,283.898,0.91,0.92,0.08,0.09,0.01,0.01,76193.16,1776758982000
1776758984.253,284.253,0.91,0.92,0.08,0.09,0.01,0.01,76193.25,1776758983000
1776758984.603,284.603,0.91,0.92,0.08,0.09,0.01,0.01,76193.25,1776758983000
1776758984.936,284.936,0.91,0.92,0.08,0.09,0.01,0.01,76193.25,1776758983000
1776758985.286,285.286,0.91,0.92,0.08,0.09,0.01,0.01,76193.57,1776758984000
1776758985.643,285.643,0.92,0.93,0.07,0.08,0.01,0.01,76193.57,1776758984000
1776758985.989,285.989,0.94,0.95,0.05,0.06,0.01,0.01,76193.57,1776758984000
1776758986.419,286.419,0.94,0.95,0.05,0.06,0.01,0.01,76195.05,1776758985000
1776758986.771,286.771,0.95,0.96,0.04,0.05,0.01,0.01,76195.05,1776758985000
1776758987.116,287.116,0.94,0.95,0.04,0.06,0.01,0.02,76195.04,1776758986000
1776758987.452,287.452,0.94,0.96,0.04,0.05,0.02,0.01,76195.04,1776758986000
1776758987.802,287.802,0.96,0.97,0.03,0.04,0.01,0.01,76195.04,1776758986000
1776758988.136,288.136,0.97,0.98,0.02,0.03,0.01,0.01,76194.92,1776758987000
1776758988.472,288.472,0.97,0.98,0.02,0.03,0.01,0.01,76194.92,1776758987000
1776758988.859,288.859,0.97,0.98,0.02,0.03,0.01,0.01,76194.92,1776758987000
1776758989.196,289.196,0.98,0.99,0.01,0.02,0.01,0.01,76194.92,1776758988000
1776758989.539,289.539,0.98,0.99,0.01,0.02,0.01,0.01,76194.92,1776758988000
1776758989.882,289.882,0.98,0.99,0.01,0.02,0.01,0.01,76194.92,1776758988000
1776758990.275,290.275,0.98,0.99,0.01,0.02,0.01,0.01,76195.08,1776758989000
1776758990.615,290.615,0.97,0.98,0.02,0.03,0.01,0.01,76195.08,1776758989000
1776758990.952,290.952,0.97,0.98,0.02,0.03,0.01,0.01,76195.08,1776758989000
1776758991.319,291.319,0.96,0.97,0.02,0.04,0.01,0.02,76195.08,1776758989000
1776758991.678,291.678,0.96,0.97,0.03,0.04,0.01,0.01,76195.08,1776758989000
1776758992.037,292.037,0.96,0.97,0.03,0.04,0.01,0.01,76196.26,1776758990000
1776758992.376,292.376,0.96,0.97,0.03,0.04,0.01,0.01,76196.35,1776758991000
1776758992.716,292.716,0.96,0.97,0.03,0.04,0.01,0.01,76196.35,1776758991000
1776758993.066,293.066,0.97,0.98,0.02,0.03,0.01,0.01,76196.35,1776758991000
1776758993.458,293.458,0.97,0.98,0.02,0.03,0.01,0.01,76196.35,1776758991000
1776758993.856,293.856,0.96,0.97,0.03,0.04,0.01,0.01,76195.94,1776758992000
1776758994.229,294.229,0.96,0.97,0.03,0.04,0.01,0.01,76195.94,1776758992000
1776758994.573,294.573,0.96,0.97,0.03,0.04,0.01,0.01,76196.33,1776758993000
1776758994.915,294.915,0.96,0.97,0.03,0.04,0.01,0.01,76196.33,1776758993000
1776758995.303,295.303,0.97,0.99,0.01,0.02,0.02,0.01,76196.33,1776758994000
1776758995.642,295.642,0.96,0.97,0.03,0.04,0.01,0.01,76196.33,1776758994000
1776758996.017,296.017,0.96,0.97,0.02,0.04,0.01,0.02,76196.33,1776758994000
1776758996.361,296.361,0.97,0.98,0.02,0.03,0.01,0.01,76196.33,1776758995000
1776758996.703,296.703,0.99,0.99,0.01,0.01,0.0,0.0,76196.33,1776758995000
1776758997.052,297.052,0.99,0.99,0.01,0.01,0.0,0.0,76196.33,1776758995000
1776758997.4,297.4,0.99,0.99,0.01,0.01,0.0,0.0,76195.94,1776758996000
1776758997.751,297.751,0.99,0.99,0.01,0.01,0.0,0.0,76195.94,1776758996000
1776758998.092,298.092,0.99,0.99,0.01,0.01,0.0,0.0,76195.94,1776758996000
1776758998.434,298.434,0.99,0.99,0.01,0.01,0.0,0.0,76192.39,1776758997000
1776758998.767,298.767,0.99,0.99,0.01,0.01,0.0,0.0,76192.39,1776758997000
1776758999.11,299.11,0.99,0.99,0.01,0.01,0.0,0.0,76192.39,1776758997000
1776758999.461,299.461,0.99,0.99,0.01,0.01,0.0,0.0,76192.39,1776758997000
1776758999.806,299.806,0.99,0.99,0.01,0.01,0.0,0.0,76192.39,1776758997000
1776759000.162,300.162,0.99,0.99,0.01,0.01,0.0,0.0,76191.45,1776758998000
1776759000.533,300.533,0.99,0.99,0.01,0.01,0.0,0.0,76191.45,1776758998000
1776759000.989,300.989,0.99,0.99,0.01,0.01,0.0,0.0,76188.6,1776758999000

# RESULT,winner=Up,slug=btc-updown-5m-1776758700,ticks=682
