timestamp,elapsed_sec,up_bid,up_ask,down_bid,down_ask,up_spread,down_spread,btc_price,btc_oracle_ts
1777068900.5,0.5,0.61,0.63,0.37,0.39,0.02,0.02,77624.71,1777068899000
1777068900.851,0.851,0.6,0.65,0.38,0.4,0.05,0.02,77624.71,1777068899000
1777068901.275,1.275,0.65,0.66,0.34,0.35,0.01,0.01,77624.7,1777068900000
1777068901.645,1.645,0.65,0.66,0.34,0.35,0.01,0.01,77624.7,1777068900000
1777068902.265,2.265,0.65,0.66,0.34,0.35,0.01,0.01,77624.7,1777068901000
1777068902.602,2.602,0.65,0.66,0.34,0.35,0.01,0.01,77624.7,1777068901000
1777068903.101,3.101,0.6,0.63,0.37,0.4,0.03,0.03,77624.7,1777068901000
1777068903.605,3.605,0.6,0.61,0.34,0.4,0.01,0.06,77624.7,1777068901000
1777068903.966,3.966,0.61,0.63,0.37,0.39,0.02,0.02,77624.52,1777068902000
1777068904.358,4.358,0.6,0.63,0.37,0.39,0.03,0.02,77624.49,1777068903000
1777068904.709,4.709,0.6,0.61,0.37,0.4,0.01,0.03,77624.49,1777068903000
1777068905.062,5.062,0.6,0.61,0.39,0.4,0.01,0.01,77624.49,1777068903000
1777068905.406,5.406,0.61,0.62,0.38,0.39,0.01,0.01,77624.49,1777068903000
1777068905.755,5.755,0.61,0.62,0.38,0.39,0.01,0.01,77621.78,1777068904000
1777068906.098,6.098,0.59,0.62,0.38,0.4,0.03,0.02,77621.78,1777068904000
1777068906.432,6.432,0.6,0.61,0.39,0.4,0.01,0.01,77621.21,1777068905000
1777068906.851,6.851,0.6,0.61,0.39,0.4,0.01,0.01,77621.21,1777068905000
1777068907.289,7.289,0.6,0.61,0.39,0.4,0.01,0.01,77621.21,1777068905000
1777068907.625,7.625,0.6,0.61,0.39,0.4,0.01,0.01,77621.14,1777068906000
1777068907.962,7.962,0.6,0.61,0.39,0.4,0.01,0.01,77621.14,1777068906000
1777068908.306,8.306,0.59,0.61,0.39,0.41,0.02,0.02,77621.14,1777068907000
1777068908.645,8.645,0.59,0.61,0.39,0.41,0.02,0.02,77621.14,1777068907000
1777068909.079,9.079,0.59,0.6,0.4,0.41,0.01,0.01,77621.14,1777068907000
1777068909.444,9.444,0.59,0.6,0.4,0.41,0.01,0.01,77620.84,1777068908000
1777068909.824,9.824,0.59,0.6,0.4,0.41,0.01,0.01,77620.84,1777068908000
1777068910.435,10.435,0.59,0.6,0.4,0.41,0.01,0.01,77620.84,1777068908000
1777068910.768,10.768,0.59,0.6,0.4,0.41,0.01,0.01,77620.49,1777068909000
1777068911.125,11.125,0.59,0.6,0.4,0.41,0.01,0.01,77620.49,1777068909000
1777068911.497,11.497,0.59,0.6,0.4,0.41,0.01,0.01,77620.27,1777068910000
1777068911.854,11.854,0.59,0.6,0.4,0.41,0.01,0.01,77620.27,1777068910000
1777068912.209,12.209,0.59,0.61,0.39,0.41,0.02,0.02,77620.27,1777068910000
1777068912.647,12.647,0.59,0.6,0.4,0.41,0.01,0.01,77620.32,1777068911000
1777068912.989,12.989,0.6,0.61,0.4,0.41,0.01,0.01,77620.32,1777068911000
1777068913.427,13.427,0.6,0.61,0.39,0.4,0.01,0.01,77620.49,1777068912000
1777068913.796,13.796,0.6,0.61,0.39,0.4,0.01,0.01,77620.49,1777068912000
1777068914.175,14.175,0.6,0.61,0.39,0.4,0.01,0.01,77620.49,1777068912000
1777068914.653,14.653,0.55,0.56,0.41,0.45,0.01,0.04,77620.46,1777068913000
1777068915.06,15.06,0.55,0.56,0.44,0.45,0.01,0.01,77620.3,1777068914000
1777068915.398,15.398,0.55,0.56,0.44,0.45,0.01,0.01,77620.3,1777068914000
1777068915.735,15.735,0.54,0.55,0.45,0.46,0.01,0.01,77620.3,1777068914000
1777068916.154,16.154,0.54,0.55,0.45,0.46,0.01,0.01,77620.3,1777068914000
1777068916.517,16.517,0.54,0.55,0.45,0.46,0.01,0.01,77619,1777068915000
1777068917.007,17.007,0.54,0.55,0.45,0.46,0.01,0.01,77618.6,1777068916000
1777068917.555,17.555,0.54,0.55,0.45,0.46,0.01,0.01,77618.6,1777068916000
1777068918.051,18.051,0.54,0.55,0.45,0.46,0.01,0.01,77616.93,1777068917000
1777068918.907,18.907,0.54,0.55,0.45,0.46,0.01,0.01,77616.93,1777068917000
1777068919.705,19.705,0.54,0.55,0.45,0.46,0.01,0.01,77616.93,1777068918000
1777068920.144,20.144,0.51,0.52,0.48,0.49,0.01,0.01,77616.93,1777068918000
1777068920.518,20.518,0.51,0.52,0.48,0.49,0.01,0.01,77616.91,1777068919000
1777068920.94,20.94,0.5,0.52,0.48,0.49,0.02,0.01,77616.91,1777068919000
1777068921.33,21.33,0.5,0.51,0.49,0.5,0.01,0.01,77616.91,1777068919000
1777068921.864,21.864,0.5,0.51,0.49,0.5,0.01,0.01,77613.11,1777068920000
1777068922.436,22.436,0.5,0.51,0.49,0.5,0.01,0.01,77613.1,1777068921000
1777068922.941,22.941,0.5,0.54,0.46,0.5,0.04,0.04,77614.35,1777068922000
1777068923.361,23.361,0.53,0.54,0.46,0.47,0.01,0.01,77614.35,1777068922000
1777068923.753,23.753,0.53,0.54,0.46,0.47,0.01,0.01,77614.35,1777068922000
1777068924.119,24.119,0.53,0.54,0.46,0.47,0.01,0.01,77614.42,1777068923000
1777068924.502,24.502,0.53,0.54,0.46,0.47,0.01,0.01,77614.42,1777068923000
1777068925.272,25.272,0.53,0.54,0.46,0.47,0.01,0.01,77614.71,1777068924000
1777068925.76,25.76,0.53,0.54,0.46,0.47,0.01,0.01,77614.71,1777068924000
1777068926.312,26.312,0.53,0.54,0.46,0.47,0.01,0.01,77614.8,1777068925000
1777068926.67,26.67,0.53,0.54,0.46,0.47,0.01,0.01,77614.8,1777068925000
1777068927.028,27.028,0.53,0.54,0.46,0.47,0.01,0.01,77614.8,1777068925000
1777068927.375,27.375,0.53,0.54,0.46,0.47,0.01,0.01,77614.8,1777068925000
1777068927.761,27.761,0.53,0.54,0.46,0.47,0.01,0.01,77614.8,1777068926000
1777068928.236,28.236,0.53,0.54,0.46,0.47,0.01,0.01,77614.8,1777068927000
1777068928.588,28.588,0.53,0.54,0.46,0.47,0.01,0.01,77614.8,1777068927000
1777068929.023,29.023,0.53,0.54,0.46,0.47,0.01,0.01,77613.84,1777068928000
1777068929.587,29.587,0.53,0.54,0.46,0.47,0.01,0.01,77613.84,1777068928000
1777068930.035,30.035,0.53,0.54,0.46,0.47,0.01,0.01,77614.14,1777068929000
1777068930.408,30.408,0.5,0.54,0.46,0.47,0.04,0.01,77614.14,1777068929000
1777068930.815,30.815,0.5,0.51,0.49,0.5,0.01,0.01,77614.14,1777068929000
1777068931.158,31.158,0.5,0.51,0.49,0.5,0.01,0.01,77614.41,1777068930000
1777068931.492,31.492,0.5,0.51,0.49,0.5,0.01,0.01,77614.41,1777068930000
1777068931.972,31.972,0.51,0.52,0.48,0.49,0.01,0.01,77614.41,1777068930000
1777068932.42,32.42,0.5,0.52,0.48,0.5,0.02,0.02,77614.58,1777068931000
1777068932.961,32.961,0.5,0.51,0.49,0.5,0.01,0.01,77614.51,1777068932000
1777068933.478,33.478,0.5,0.51,0.49,0.5,0.01,0.01,77614.51,1777068932000
1777068933.833,33.833,0.5,0.51,0.49,0.5,0.01,0.01,77614.51,1777068932000
1777068934.216,34.216,0.5,0.51,0.49,0.5,0.01,0.01,77613.44,1777068933000
1777068934.638,34.638,0.51,0.52,0.48,0.49,0.01,0.01,77613.44,1777068933000
1777068935.169,35.169,0.51,0.53,0.47,0.49,0.02,0.02,77612.95,1777068934000
1777068935.651,35.651,0.52,0.53,0.47,0.48,0.01,0.01,77612.95,1777068934000
1777068936.111,36.111,0.52,0.53,0.47,0.48,0.01,0.01,77612.95,1777068934000
1777068936.587,36.587,0.52,0.53,0.47,0.48,0.01,0.01,77613.43,1777068935000
1777068936.955,36.955,0.52,0.53,0.47,0.48,0.01,0.01,77613.43,1777068936000
1777068937.627,37.627,0.52,0.53,0.47,0.48,0.01,0.01,77613.43,1777068936000
1777068937.997,37.997,0.52,0.53,0.47,0.48,0.01,0.01,77613.36,1777068937000
1777068938.454,38.454,0.52,0.53,0.47,0.48,0.01,0.01,77613.36,1777068937000
1777068938.919,38.919,0.52,0.53,0.47,0.48,0.01,0.01,77613.36,1777068937000
1777068939.487,39.487,0.51,0.54,0.47,0.48,0.03,0.01,77613.36,1777068938000
1777068940.108,40.108,0.51,0.54,0.46,0.49,0.03,0.03,77613.33,1777068939000
1777068940.529,40.529,0.51,0.52,0.46,0.49,0.01,0.03,77613.33,1777068939000
1777068940.978,40.978,0.51,0.52,0.48,0.49,0.01,0.01,77613.33,1777068939000
1777068941.32,41.32,0.51,0.52,0.48,0.49,0.01,0.01,77613.04,1777068940000
1777068941.667,41.667,0.51,0.52,0.48,0.49,0.01,0.01,77613.04,1777068940000
1777068942.306,42.306,0.51,0.52,0.48,0.49,0.01,0.01,77611.54,1777068941000
1777068942.699,42.699,0.52,0.55,0.47,0.48,0.03,0.01,77611.54,1777068941000
1777068943.072,43.072,0.54,0.56,0.44,0.48,0.02,0.04,77611.54,1777068941000
1777068943.466,43.466,0.59,0.61,0.4,0.42,0.02,0.02,77611.38,1777068942000
1777068943.809,43.809,0.6,0.62,0.38,0.4,0.02,0.02,77611.38,1777068942000
1777068944.206,44.206,0.65,0.66,0.34,0.35,0.01,0.01,77611.38,1777068942000
1777068944.553,44.553,0.65,0.66,0.34,0.35,0.01,0.01,77613.36,1777068943000
1777068944.893,44.893,0.66,0.67,0.33,0.34,0.01,0.01,77613.36,1777068943000
1777068945.23,45.23,0.66,0.67,0.33,0.34,0.01,0.01,77615.41,1777068944000
1777068945.563,45.563,0.66,0.67,0.33,0.34,0.01,0.01,77615.41,1777068944000
1777068945.902,45.902,0.66,0.67,0.33,0.34,0.01,0.01,77615.41,1777068944000
1777068946.237,46.237,0.66,0.67,0.33,0.34,0.01,0.01,77619.73,1777068945000
1777068946.659,46.659,0.66,0.67,0.33,0.34,0.01,0.01,77619.73,1777068945000
1777068947.047,47.047,0.66,0.67,0.33,0.34,0.01,0.01,77620.68,1777068946000
1777068947.388,47.388,0.66,0.67,0.33,0.34,0.01,0.01,77620.68,1777068946000
1777068947.725,47.725,0.66,0.67,0.33,0.34,0.01,0.01,77620.68,1777068946000
1777068948.081,48.081,0.66,0.67,0.33,0.34,0.01,0.01,77620.75,1777068947000
1777068948.424,48.424,0.65,0.66,0.33,0.34,0.01,0.01,77620.75,1777068947000
1777068948.849,48.849,0.64,0.65,0.34,0.35,0.01,0.01,77620.75,1777068947000
1777068949.233,49.233,0.64,0.65,0.35,0.36,0.01,0.01,77620.75,1777068947000
1777068949.592,49.592,0.64,0.65,0.35,0.36,0.01,0.01,77620.77,1777068948000
1777068950.008,50.008,0.64,0.65,0.35,0.36,0.01,0.01,77620.77,1777068948000
1777068950.347,50.347,0.64,0.65,0.35,0.36,0.01,0.01,77620.77,1777068948000
1777068950.96,50.96,0.64,0.65,0.35,0.36,0.01,0.01,77621.01,1777068949000
1777068951.373,51.373,0.65,0.66,0.34,0.35,0.01,0.01,77621.01,1777068949000
1777068951.736,51.736,0.65,0.66,0.34,0.35,0.01,0.01,77621.01,1777068950000
1777068952.21,52.21,0.64,0.65,0.34,0.36,0.01,0.02,77621.01,1777068951000
1777068952.555,52.555,0.64,0.65,0.35,0.36,0.01,0.01,77621.01,1777068951000
1777068952.893,52.893,0.64,0.65,0.35,0.36,0.01,0.01,77621.01,1777068951000
1777068953.522,53.522,0.65,0.66,0.35,0.36,0.01,0.01,77621.06,1777068952000
1777068954.087,54.087,0.65,0.66,0.34,0.35,0.01,0.01,77621.06,1777068952000
1777068955.104,55.104,0.65,0.66,0.34,0.35,0.01,0.01,77621.06,1777068953000
1777068955.703,55.703,0.65,0.66,0.34,0.35,0.01,0.01,77621.06,1777068954000
1777068956.079,56.079,0.65,0.66,0.34,0.35,0.01,0.01,77621.06,1777068954000
1777068956.615,56.615,0.64,0.66,0.34,0.35,0.02,0.01,77620.91,1777068955000
1777068956.993,56.993,0.64,0.65,0.35,0.36,0.01,0.01,77620.91,1777068955000
1777068957.378,57.378,0.64,0.65,0.35,0.36,0.01,0.01,77620.91,1777068956000
1777068957.758,57.758,0.63,0.64,0.35,0.37,0.01,0.02,77620.91,1777068956000
1777068958.302,58.302,0.63,0.64,0.36,0.37,0.01,0.01,77621.04,1777068957000
1777068958.714,58.714,0.63,0.64,0.36,0.37,0.01,0.01,77621.04,1777068957000
1777068959.17,59.17,0.63,0.64,0.36,0.37,0.01,0.01,77621.04,1777068957000
1777068959.508,59.508,0.63,0.64,0.36,0.37,0.01,0.01,77621.04,1777068958000
1777068959.901,59.901,0.63,0.64,0.36,0.37,0.01,0.01,77621.04,1777068959000
1777068960.259,60.259,0.63,0.64,0.36,0.37,0.01,0.01,77621.04,1777068959000
1777068960.635,60.635,0.62,0.63,0.37,0.38,0.01,0.01,77621.04,1777068959000
1777068960.974,60.974,0.62,0.63,0.37,0.38,0.01,0.01,77621.04,1777068960000
1777068961.524,61.524,0.58,0.59,0.37,0.42,0.01,0.05,77621.04,1777068960000
1777068961.888,61.888,0.58,0.59,0.41,0.42,0.01,0.01,77621.04,1777068960000
1777068962.282,62.282,0.58,0.59,0.41,0.42,0.01,0.01,77621.04,1777068961000
1777068962.973,62.973,0.58,0.59,0.41,0.42,0.01,0.01,77621.04,1777068961000
1777068963.466,63.466,0.58,0.59,0.41,0.42,0.01,0.01,77620.35,1777068962000
1777068963.957,63.957,0.57,0.59,0.41,0.43,0.02,0.02,77620.35,1777068962000
1777068964.307,64.307,0.51,0.58,0.41,0.49,0.07,0.08,77620.08,1777068963000
1777068964.691,64.691,0.52,0.53,0.47,0.48,0.01,0.01,77620.08,1777068963000
1777068965.201,65.201,0.51,0.52,0.48,0.49,0.01,0.01,77615.72,1777068964000
1777068965.666,65.666,0.51,0.52,0.48,0.49,0.01,0.01,77615.72,1777068964000
1777068966.321,66.321,0.51,0.52,0.48,0.49,0.01,0.01,77614.25,1777068965000
1777068966.703,66.703,0.51,0.52,0.48,0.49,0.01,0.01,77614.25,1777068965000
1777068967.203,67.203,0.51,0.52,0.48,0.49,0.01,0.01,77613.46,1777068966000
1777068967.545,67.545,0.5,0.52,0.48,0.5,0.02,0.02,77613.46,1777068966000
1777068967.939,67.939,0.5,0.51,0.49,0.5,0.01,0.01,77613.46,1777068967000
1777068968.318,68.318,0.5,0.51,0.49,0.5,0.01,0.01,77613.46,1777068967000
1777068968.809,68.809,0.5,0.52,0.48,0.5,0.02,0.02,77613.46,1777068967000
1777068969.344,69.344,0.5,0.56,0.48,0.5,0.06,0.02,77613.23,1777068968000
1777068969.985,69.985,0.5,0.52,0.48,0.5,0.02,0.02,77613.98,1777068969000
1777068970.623,70.623,0.51,0.52,0.48,0.5,0.01,0.02,77613.98,1777068969000
1777068970.984,70.984,0.51,0.52,0.48,0.49,0.01,0.01,77613.98,1777068969000
1777068971.438,71.438,0.51,0.52,0.48,0.49,0.01,0.01,77614.02,1777068970000
1777068971.923,71.923,0.53,0.59,0.42,0.47,0.06,0.05,77614.02,1777068970000
1777068972.516,72.516,0.58,0.59,0.41,0.42,0.01,0.01,77614.02,1777068970000
1777068973.224,73.224,0.58,0.59,0.41,0.42,0.01,0.01,77616.19,1777068971000
1777068973.571,73.571,0.58,0.59,0.41,0.42,0.01,0.01,77616.19,1777068971000
1777068974.003,74.003,0.57,0.59,0.41,0.42,0.02,0.01,77617.24,1777068972000
1777068974.529,74.529,0.57,0.58,0.41,0.43,0.01,0.02,77617.24,1777068972000
1777068975.028,75.028,0.56,0.57,0.43,0.44,0.01,0.01,77616.93,1777068974000
1777068975.642,75.642,0.56,0.57,0.43,0.44,0.01,0.01,77616.93,1777068974000
1777068976.2,76.2,0.56,0.57,0.43,0.44,0.01,0.01,77616.94,1777068975000
1777068976.902,76.902,0.56,0.57,0.43,0.44,0.01,0.01,77616.94,1777068975000
1777068977.362,77.362,0.56,0.57,0.43,0.44,0.01,0.01,77616.94,1777068976000
1777068978.078,78.078,0.56,0.57,0.43,0.44,0.01,0.01,77616.94,1777068976000
1777068978.911,78.911,0.56,0.57,0.43,0.44,0.01,0.01,77616.95,1777068977000
1777068979.301,79.301,0.56,0.58,0.42,0.44,0.02,0.02,77616.95,1777068977000
1777068979.65,79.65,0.57,0.58,0.42,0.46,0.01,0.04,77617.0,1777068978000
1777068980.417,80.417,0.57,0.58,0.42,0.43,0.01,0.01,77616.99,1777068979000
1777068980.902,80.902,0.57,0.58,0.42,0.43,0.01,0.01,77616.99,1777068979000
1777068981.456,81.456,0.57,0.58,0.42,0.43,0.01,0.01,77616.99,1777068980000
1777068981.951,81.951,0.55,0.56,0.43,0.45,0.01,0.02,77616.99,1777068980000
1777068982.371,82.371,0.55,0.56,0.44,0.45,0.01,0.01,77616.99,1777068981000
1777068982.705,82.705,0.51,0.55,0.45,0.46,0.04,0.01,77616.99,1777068981000
1777068983.381,83.381,0.51,0.52,0.48,0.49,0.01,0.01,77616.99,1777068982000
1777068984.103,84.103,0.51,0.52,0.48,0.49,0.01,0.01,77617.0,1777068983000
1777068984.938,84.938,0.51,0.52,0.48,0.49,0.01,0.01,77617.0,1777068983000
1777068985.275,85.275,0.51,0.52,0.48,0.49,0.01,0.01,77616.99,1777068984000
1777068985.714,85.714,0.51,0.52,0.48,0.49,0.01,0.01,77616.99,1777068984000
1777068986.119,86.119,0.51,0.52,0.48,0.49,0.01,0.01,77616.99,1777068984000
1777068986.979,86.979,0.51,0.52,0.48,0.49,0.01,0.01,77617.0,1777068986000
1777068987.347,87.347,0.51,0.52,0.48,0.49,0.01,0.01,77617.0,1777068986000
1777068987.779,87.779,0.51,0.52,0.48,0.49,0.01,0.01,77617.0,1777068986000
1777068988.178,88.178,0.51,0.52,0.48,0.49,0.01,0.01,77617.0,1777068986000
1777068988.684,88.684,0.51,0.52,0.48,0.49,0.01,0.01,77617.0,1777068987000
1777068989.193,89.193,0.51,0.52,0.48,0.49,0.01,0.01,77617.0,1777068987000
1777068989.556,89.556,0.51,0.52,0.48,0.49,0.01,0.01,77616.84,1777068988000
1777068990.106,90.106,0.51,0.52,0.48,0.49,0.01,0.01,77616.84,1777068988000
1777068990.681,90.681,0.51,0.52,0.48,0.49,0.01,0.01,77615.48,1777068989000
1777068991.047,91.047,0.51,0.54,0.48,0.49,0.03,0.01,77614.6,1777068990000
1777068991.485,91.485,0.51,0.52,0.46,0.49,0.01,0.03,77614.6,1777068990000
1777068991.952,91.952,0.51,0.52,0.48,0.49,0.01,0.01,77614.6,1777068990000
1777068992.345,92.345,0.51,0.52,0.48,0.49,0.01,0.01,77614.35,1777068991000
1777068993.342,93.342,0.5,0.51,0.49,0.5,0.01,0.01,77614.35,1777068992000
1777068993.994,93.994,0.5,0.51,0.49,0.5,0.01,0.01,77614.35,1777068992000
1777068994.355,94.355,0.5,0.51,0.49,0.5,0.01,0.01,77614.14,1777068993000
1777068995.04,95.04,0.51,0.52,0.48,0.49,0.01,0.01,77614.14,1777068993000
1777068995.969,95.969,0.51,0.52,0.48,0.49,0.01,0.01,77612.59,1777068994000
1777068996.431,96.431,0.51,0.52,0.48,0.49,0.01,0.01,77611.99,1777068995000
1777068996.972,96.972,0.51,0.52,0.48,0.49,0.01,0.01,77611.99,1777068995000
1777068997.32,97.32,0.51,0.52,0.48,0.49,0.01,0.01,77612.44,1777068996000
1777068997.746,97.746,0.51,0.52,0.48,0.49,0.01,0.01,77612.44,1777068996000
1777068998.091,98.091,0.51,0.52,0.48,0.49,0.01,0.01,77612.44,1777068996000
1777068998.444,98.444,0.51,0.53,0.47,0.49,0.02,0.02,77612.44,1777068996000
1777068999.029,99.029,0.52,0.54,0.46,0.48,0.02,0.02,77612.39,1777068998000
1777068999.827,99.827,0.53,0.54,0.46,0.47,0.01,0.01,77612.39,1777068998000
1777069000.202,100.202,0.53,0.54,0.46,0.47,0.01,0.01,77612.39,1777068998000
1777069000.584,100.584,0.52,0.53,0.47,0.48,0.01,0.01,77610.13,1777068999000
1777069001.046,101.046,0.52,0.53,0.47,0.48,0.01,0.01,77610.13,1777068999000
1777069001.458,101.458,0.52,0.53,0.47,0.48,0.01,0.01,77610,1777069000000
1777069001.802,101.802,0.52,0.53,0.47,0.48,0.01,0.01,77610,1777069000000
1777069002.195,102.195,0.52,0.53,0.47,0.48,0.01,0.01,77610.71,1777069001000
1777069002.581,102.581,0.52,0.53,0.45,0.48,0.01,0.03,77610.71,1777069001000
1777069003.144,103.144,0.51,0.53,0.47,0.48,0.02,0.01,77610.71,1777069001000
1777069003.934,103.934,0.51,0.52,0.47,0.49,0.01,0.02,77610.71,1777069001000
1777069004.44,104.44,0.51,0.52,0.48,0.49,0.01,0.01,77610.67,1777069002000
1777069004.818,104.818,0.51,0.52,0.48,0.49,0.01,0.01,77610.67,1777069002000
1777069005.426,105.426,0.51,0.52,0.48,0.49,0.01,0.01,77609.7,1777069003000
1777069005.84,105.84,0.51,0.52,0.48,0.49,0.01,0.01,77609.7,1777069003000
1777069006.202,106.202,0.51,0.52,0.48,0.49,0.01,0.01,77609.66,1777069004000
1777069006.578,106.578,0.51,0.52,0.48,0.49,0.01,0.01,77609.66,1777069004000
1777069007.02,107.02,0.5,0.51,0.49,0.5,0.01,0.01,77609.66,1777069005000
1777069007.682,107.682,0.5,0.51,0.49,0.5,0.01,0.01,77607.77,1777069006000
1777069008.201,108.201,0.5,0.51,0.49,0.5,0.01,0.01,77607.77,1777069006000
1777069008.558,108.558,0.5,0.51,0.49,0.5,0.01,0.01,77607.12,1777069007000
1777069009.116,109.116,0.5,0.51,0.49,0.5,0.01,0.01,77607.12,1777069007000
1777069009.556,109.556,0.5,0.51,0.49,0.5,0.01,0.01,77607.12,1777069007000
1777069010.078,110.078,0.5,0.51,0.49,0.5,0.01,0.01,77606.68,1777069008000
1777069010.676,110.676,0.5,0.51,0.49,0.5,0.01,0.01,77606.68,1777069008000
1777069011.23,111.23,0.49,0.51,0.49,0.5,0.02,0.01,77606.67,1777069009000
1777069011.662,111.662,0.49,0.5,0.5,0.51,0.01,0.01,77607.11,1777069010000
1777069012.197,112.197,0.48,0.49,0.51,0.52,0.01,0.01,77607.11,1777069010000
1777069012.539,112.539,0.48,0.52,0.5,0.52,0.04,0.02,77607.1,1777069011000
1777069013.007,113.007,0.48,0.51,0.51,0.52,0.03,0.01,77607.1,1777069011000
1777069013.45,113.45,0.51,0.52,0.48,0.49,0.01,0.01,77607.1,1777069011000
1777069013.834,113.834,0.51,0.52,0.48,0.49,0.01,0.01,77607.56,1777069012000
1777069014.34,114.34,0.51,0.52,0.48,0.49,0.01,0.01,77607.56,1777069012000
1777069014.873,114.873,0.51,0.52,0.48,0.49,0.01,0.01,77609.7,1777069013000
1777069015.23,115.23,0.51,0.52,0.48,0.49,0.01,0.01,77609.7,1777069013000
1777069015.734,115.734,0.51,0.52,0.48,0.49,0.01,0.01,77609.83,1777069014000
1777069016.328,116.328,0.51,0.52,0.48,0.49,0.01,0.01,77609.83,1777069014000
1777069016.752,116.752,0.52,0.53,0.47,0.48,0.01,0.01,77610.95,1777069015000
1777069017.402,117.402,0.52,0.53,0.47,0.48,0.01,0.01,77610.95,1777069015000
1777069017.94,117.94,0.47,0.48,0.52,0.53,0.01,0.01,77610.95,1777069016000
1777069018.555,118.555,0.46,0.48,0.52,0.53,0.02,0.01,77609.17,1777069017000
1777069019.029,119.029,0.46,0.47,0.53,0.54,0.01,0.01,77609.17,1777069017000
1777069019.459,119.459,0.46,0.47,0.53,0.54,0.01,0.01,77609.17,1777069017000
1777069019.844,119.844,0.46,0.47,0.53,0.54,0.01,0.01,77609.97,1777069018000
1777069020.344,120.344,0.46,0.48,0.53,0.54,0.02,0.01,77609.97,1777069018000
1777069020.707,120.707,0.47,0.48,0.52,0.53,0.01,0.01,77609.16,1777069019000
1777069021.169,121.169,0.47,0.48,0.52,0.53,0.01,0.01,77609.16,1777069019000
1777069021.586,121.586,0.47,0.48,0.52,0.53,0.01,0.01,77608.96,1777069020000
1777069022.142,122.142,0.46,0.47,0.52,0.53,0.01,0.01,77608.96,1777069020000
1777069022.595,122.595,0.46,0.47,0.53,0.54,0.01,0.01,77608.96,1777069020000
1777069022.928,122.928,0.46,0.47,0.53,0.54,0.01,0.01,77608.95,1777069021000
1777069023.826,123.826,0.46,0.47,0.53,0.54,0.01,0.01,77609.07,1777069022000
1777069024.235,124.235,0.46,0.47,0.53,0.54,0.01,0.01,77609.07,1777069022000
1777069024.681,124.681,0.46,0.47,0.53,0.54,0.01,0.01,77609.32,1777069023000
1777069025.234,125.234,0.46,0.47,0.53,0.54,0.01,0.01,77609.32,1777069024000
1777069025.855,125.855,0.46,0.47,0.53,0.54,0.01,0.01,77609.32,1777069024000
1777069026.385,126.385,0.46,0.51,0.49,0.54,0.05,0.05,77609.24,1777069025000
1777069026.778,126.778,0.5,0.51,0.49,0.5,0.01,0.01,77609.24,1777069025000
1777069027.342,127.342,0.5,0.51,0.49,0.5,0.01,0.01,77609.26,1777069026000
1777069027.952,127.952,0.5,0.51,0.49,0.5,0.01,0.01,77609.26,1777069026000
1777069028.291,128.291,0.5,0.51,0.49,0.5,0.01,0.01,77609.17,1777069027000
1777069029.233,129.233,0.5,0.52,0.49,0.5,0.02,0.01,77609.17,1777069027000
1777069029.738,129.738,0.52,0.53,0.47,0.48,0.01,0.01,77609.17,1777069028000
1777069030.107,130.107,0.52,0.53,0.47,0.48,0.01,0.01,77609.17,1777069028000
1777069030.908,130.908,0.52,0.53,0.47,0.48,0.01,0.01,77609.35,1777069030000
1777069031.248,131.248,0.52,0.53,0.47,0.48,0.01,0.01,77609.35,1777069030000
1777069031.915,131.915,0.52,0.53,0.47,0.48,0.01,0.01,77610.01,1777069031000
1777069032.357,132.357,0.52,0.53,0.47,0.48,0.01,0.01,77610.01,1777069031000
1777069032.706,132.706,0.52,0.53,0.47,0.48,0.01,0.01,77610.01,1777069031000
1777069033.462,133.462,0.52,0.53,0.47,0.48,0.01,0.01,77610.91,1777069032000
1777069033.963,133.963,0.52,0.53,0.47,0.48,0.01,0.01,77610.91,1777069032000
1777069034.55,134.55,0.52,0.53,0.47,0.48,0.01,0.01,77610.91,1777069033000
1777069034.935,134.935,0.52,0.53,0.47,0.48,0.01,0.01,77610.91,1777069033000
1777069035.765,135.765,0.52,0.53,0.47,0.48,0.01,0.01,77610.8,1777069034000
1777069036.2,136.2,0.52,0.53,0.47,0.48,0.01,0.01,77610.8,1777069035000
1777069036.917,136.917,0.52,0.54,0.47,0.48,0.02,0.01,77610.8,1777069035000
1777069037.367,137.367,0.53,0.54,0.46,0.47,0.01,0.01,77610.82,1777069036000
1777069037.838,137.838,0.53,0.54,0.46,0.47,0.01,0.01,77610.82,1777069036000
1777069038.395,138.395,0.53,0.54,0.46,0.47,0.01,0.01,77610.44,1777069037000
1777069038.946,138.946,0.53,0.54,0.46,0.47,0.01,0.01,77610.44,1777069037000
1777069039.287,139.287,0.53,0.54,0.46,0.47,0.01,0.01,77610.44,1777069037000
1777069039.846,139.846,0.53,0.54,0.46,0.47,0.01,0.01,77610.44,1777069038000
1777069040.266,140.266,0.53,0.54,0.46,0.47,0.01,0.01,77610.55,1777069039000
1777069041.092,141.092,0.53,0.54,0.46,0.47,0.01,0.01,77610.55,1777069039000
1777069041.601,141.601,0.53,0.54,0.46,0.47,0.01,0.01,77610.55,1777069040000
1777069041.983,141.983,0.53,0.54,0.46,0.47,0.01,0.01,77610.57,1777069041000
1777069042.36,142.36,0.53,0.54,0.46,0.47,0.01,0.01,77610.57,1777069041000
1777069042.729,142.729,0.53,0.54,0.46,0.47,0.01,0.01,77610.57,1777069041000
1777069043.307,143.307,0.53,0.54,0.46,0.47,0.01,0.01,77610.94,1777069042000
1777069043.697,143.697,0.52,0.54,0.46,0.47,0.02,0.01,77610.94,1777069042000
1777069044.113,144.113,0.52,0.53,0.47,0.48,0.01,0.01,77610.9,1777069043000
1777069044.89,144.89,0.53,0.54,0.46,0.48,0.01,0.02,77610.9,1777069043000
1777069045.349,145.349,0.54,0.55,0.46,0.47,0.01,0.01,77610.49,1777069044000
1777069045.722,145.722,0.57,0.59,0.41,0.46,0.02,0.05,77610.49,1777069044000
1777069046.082,146.082,0.59,0.61,0.39,0.4,0.02,0.01,77610.49,1777069044000
1777069046.416,146.416,0.57,0.58,0.42,0.43,0.01,0.01,77610.59,1777069045000
1777069046.925,146.925,0.56,0.57,0.42,0.44,0.01,0.02,77610.59,1777069045000
1777069047.493,147.493,0.55,0.56,0.44,0.45,0.01,0.01,77610.55,1777069046000
1777069047.84,147.84,0.57,0.58,0.42,0.45,0.01,0.03,77610.55,1777069046000
1777069048.292,148.292,0.6,0.61,0.39,0.4,0.01,0.01,77610.55,1777069047000
1777069048.994,148.994,0.6,0.61,0.39,0.4,0.01,0.01,77611.8,1777069048000
1777069049.427,149.427,0.58,0.6,0.39,0.4,0.02,0.01,77611.8,1777069048000
1777069050.095,150.095,0.57,0.58,0.42,0.43,0.01,0.01,77612.56,1777069049000
1777069050.52,150.52,0.54,0.55,0.43,0.46,0.01,0.03,77612.56,1777069049000
1777069051.015,151.015,0.54,0.55,0.45,0.46,0.01,0.01,77612.56,1777069049000
1777069051.361,151.361,0.54,0.55,0.45,0.46,0.01,0.01,77612.51,1777069050000
1777069051.76,151.76,0.54,0.55,0.45,0.46,0.01,0.01,77612.51,1777069050000
1777069052.131,152.131,0.54,0.55,0.45,0.46,0.01,0.01,77612.51,1777069050000
1777069052.606,152.606,0.54,0.55,0.45,0.46,0.01,0.01,77610.36,1777069051000
1777069053.876,153.876,0.53,0.54,0.45,0.46,0.01,0.01,77609.55,1777069052000
1777069054.585,154.585,0.53,0.57,0.46,0.47,0.04,0.01,77609.58,1777069053000
1777069054.922,154.922,0.55,0.57,0.43,0.45,0.02,0.02,77609.58,1777069053000
1777069055.344,155.344,0.56,0.57,0.43,0.44,0.01,0.01,77610.07,1777069054000
1777069056.081,156.081,0.47,0.51,0.46,0.5,0.04,0.04,77610.07,1777069054000
1777069056.482,156.482,0.47,0.48,0.49,0.53,0.01,0.04,77610.59,1777069055000
1777069056.946,156.946,0.47,0.48,0.52,0.53,0.01,0.01,77610.73,1777069056000
1777069057.905,157.905,0.47,0.48,0.52,0.53,0.01,0.01,77610.73,1777069056000
1777069058.269,158.269,0.47,0.48,0.52,0.53,0.01,0.01,77611.26,1777069057000
1777069058.793,158.793,0.47,0.48,0.52,0.53,0.01,0.01,77611.25,1777069058000
1777069059.214,159.214,0.47,0.48,0.52,0.53,0.01,0.01,77611.25,1777069058000
1777069059.632,159.632,0.47,0.48,0.52,0.53,0.01,0.01,77611.25,1777069058000
1777069060.157,160.157,0.47,0.48,0.52,0.53,0.01,0.01,77610.06,1777069059000
1777069060.497,160.497,0.45,0.48,0.52,0.53,0.03,0.01,77610.06,1777069059000
1777069060.908,160.908,0.44,0.45,0.55,0.56,0.01,0.01,77609.93,1777069060000
1777069061.454,161.454,0.44,0.45,0.55,0.56,0.01,0.01,77609.93,1777069060000
1777069062.149,162.149,0.44,0.45,0.55,0.56,0.01,0.01,77609.93,1777069060000
1777069062.51,162.51,0.44,0.45,0.55,0.56,0.01,0.01,77609.76,1777069061000
1777069062.99,162.99,0.4,0.41,0.55,0.6,0.01,0.05,77609.76,1777069061000
1777069063.345,163.345,0.4,0.41,0.59,0.6,0.01,0.01,77609.76,1777069062000
1777069063.782,163.782,0.43,0.44,0.57,0.6,0.01,0.03,77609.76,1777069062000
1777069064.263,164.263,0.44,0.45,0.55,0.56,0.01,0.01,77609.76,1777069062000
1777069064.597,164.597,0.44,0.45,0.55,0.56,0.01,0.01,77608.32,1777069063000
1777069065.042,165.042,0.43,0.45,0.55,0.57,0.02,0.02,77608.32,1777069064000
1777069065.51,165.51,0.43,0.44,0.56,0.57,0.01,0.01,77608.32,1777069064000
1777069065.943,165.943,0.41,0.43,0.56,0.57,0.02,0.01,77608.32,1777069064000
1777069066.448,166.448,0.41,0.43,0.58,0.59,0.02,0.01,77608.01,1777069065000
1777069067.112,167.112,0.41,0.42,0.58,0.59,0.01,0.01,77608.43,1777069066000
1777069067.611,167.611,0.42,0.43,0.57,0.59,0.01,0.02,77608.43,1777069066000
1777069068.141,168.141,0.41,0.42,0.58,0.59,0.01,0.01,77608.48,1777069067000
1777069068.616,168.616,0.42,0.43,0.57,0.58,0.01,0.01,77608.48,1777069067000
1777069069.121,169.121,0.42,0.43,0.57,0.58,0.01,0.01,77608.78,1777069068000
1777069069.529,169.529,0.42,0.43,0.57,0.58,0.01,0.01,77608.78,1777069068000
1777069070.16,170.16,0.42,0.43,0.57,0.58,0.01,0.01,77608.78,1777069069000
1777069070.73,170.73,0.42,0.43,0.57,0.58,0.01,0.01,77608.78,1777069069000
1777069071.221,171.221,0.42,0.43,0.57,0.58,0.01,0.01,77608.78,1777069069000
1777069071.693,171.693,0.42,0.43,0.57,0.58,0.01,0.01,77608.78,1777069070000
1777069072.166,172.166,0.42,0.43,0.57,0.58,0.01,0.01,77608.78,1777069070000
1777069072.86,172.86,0.41,0.43,0.57,0.58,0.02,0.01,77608.79,1777069071000
1777069073.239,173.239,0.41,0.42,0.58,0.59,0.01,0.01,77608.8,1777069072000
1777069073.622,173.622,0.42,0.43,0.57,0.58,0.01,0.01,77608.8,1777069072000
1777069074.097,174.097,0.41,0.42,0.57,0.59,0.01,0.02,77608.8,1777069072000
1777069074.682,174.682,0.41,0.42,0.58,0.59,0.01,0.01,77608.8,1777069073000
1777069075.229,175.229,0.41,0.43,0.58,0.59,0.02,0.01,77608.8,1777069073000
1777069075.845,175.845,0.42,0.43,0.57,0.58,0.01,0.01,77608.88,1777069074000
1777069076.341,176.341,0.42,0.43,0.57,0.58,0.01,0.01,77609.37,1777069075000
1777069076.856,176.856,0.41,0.42,0.57,0.59,0.01,0.02,77609.37,1777069075000
1777069077.33,177.33,0.41,0.42,0.58,0.59,0.01,0.01,77609.37,1777069076000
1777069077.8,177.8,0.41,0.42,0.58,0.59,0.01,0.01,77609.37,1777069076000
1777069078.374,178.374,0.41,0.43,0.57,0.59,0.02,0.02,77609.37,1777069077000
1777069079.04,179.04,0.43,0.44,0.56,0.58,0.01,0.02,77609.37,1777069077000
1777069079.395,179.395,0.43,0.44,0.56,0.57,0.01,0.01,77609.47,1777069078000
1777069080.229,180.229,0.43,0.45,0.56,0.57,0.02,0.01,77609.47,1777069078000
1777069080.575,180.575,0.44,0.45,0.55,0.56,0.01,0.01,77609.47,1777069079000
1777069080.983,180.983,0.44,0.45,0.55,0.56,0.01,0.01,77609.47,1777069079000
1777069081.459,181.459,0.41,0.42,0.55,0.56,0.01,0.01,77609.34,1777069080000
1777069081.824,181.824,0.41,0.42,0.58,0.59,0.01,0.01,77609.34,1777069080000
1777069082.207,182.207,0.42,0.43,0.56,0.57,0.01,0.01,77609.34,1777069080000
1777069082.552,182.552,0.41,0.42,0.58,0.6,0.01,0.02,77609.34,1777069080000
1777069082.928,182.928,0.41,0.42,0.58,0.59,0.01,0.01,77610.31,1777069081000
1777069083.384,183.384,0.41,0.42,0.58,0.59,0.01,0.01,77610.31,1777069081000
1777069083.865,183.865,0.42,0.43,0.57,0.58,0.01,0.01,77610.31,1777069082000
1777069084.218,184.218,0.42,0.43,0.57,0.58,0.01,0.01,77610.31,1777069083000
1777069085.031,185.031,0.42,0.43,0.57,0.58,0.01,0.01,77610.31,1777069083000
1777069085.428,185.428,0.42,0.43,0.57,0.58,0.01,0.01,77610.31,1777069083000
1777069086.021,186.021,0.43,0.44,0.57,0.58,0.01,0.01,77609.75,1777069084000
1777069086.487,186.487,0.43,0.44,0.56,0.57,0.01,0.01,77609.75,1777069084000
1777069087.011,187.011,0.42,0.43,0.56,0.57,0.01,0.01,77609.83,1777069085000
1777069087.476,187.476,0.42,0.43,0.57,0.58,0.01,0.01,77609.63,1777069086000
1777069087.819,187.819,0.39,0.4,0.6,0.61,0.01,0.01,77609.63,1777069086000
1777069088.325,188.325,0.39,0.4,0.6,0.61,0.01,0.01,77609.63,1777069086000
1777069088.743,188.743,0.39,0.4,0.6,0.61,0.01,0.01,77609.64,1777069087000
1777069089.168,189.168,0.39,0.4,0.6,0.61,0.01,0.01,77609.64,1777069087000
1777069089.796,189.796,0.4,0.41,0.59,0.6,0.01,0.01,77609.64,1777069088000
1777069090.406,190.406,0.4,0.41,0.59,0.6,0.01,0.01,77609.64,1777069088000
1777069090.756,190.756,0.4,0.41,0.59,0.6,0.01,0.01,77608.54,1777069089000
1777069091.099,191.099,0.4,0.42,0.59,0.6,0.02,0.01,77608.54,1777069089000
1777069091.856,191.856,0.41,0.42,0.58,0.6,0.01,0.02,77608.54,1777069090000
1777069092.319,192.319,0.41,0.42,0.58,0.59,0.01,0.01,77608.54,1777069090000
1777069092.699,192.699,0.41,0.42,0.58,0.59,0.01,0.01,77608.59,1777069091000
1777069093.081,193.081,0.41,0.42,0.58,0.59,0.01,0.01,77608.59,1777069091000
1777069093.561,193.561,0.41,0.42,0.58,0.59,0.01,0.01,77608.65,1777069092000
1777069093.897,193.897,0.41,0.42,0.58,0.59,0.01,0.01,77608.65,1777069092000
1777069094.618,194.618,0.4,0.41,0.58,0.59,0.01,0.01,77608.7,1777069093000
1777069094.952,194.952,0.4,0.41,0.59,0.6,0.01,0.01,77608.7,1777069093000
1777069095.372,195.372,0.4,0.41,0.59,0.6,0.01,0.01,77608.7,1777069093000
1777069095.71,195.71,0.4,0.41,0.59,0.6,0.01,0.01,77608.87,1777069094000
1777069096.204,196.204,0.4,0.41,0.59,0.6,0.01,0.01,77608.87,1777069095000
1777069096.702,196.702,0.39,0.42,0.59,0.61,0.03,0.02,77608.87,1777069095000
1777069097.103,197.103,0.4,0.42,0.58,0.61,0.02,0.03,77608.87,1777069095000
1777069097.447,197.447,0.37,0.39,0.59,0.63,0.02,0.04,77608.87,1777069095000
1777069097.915,197.915,0.38,0.39,0.61,0.62,0.01,0.01,77608.72,1777069096000
1777069098.334,198.334,0.38,0.39,0.61,0.62,0.01,0.01,77608.72,1777069097000
1777069098.932,198.932,0.38,0.39,0.61,0.62,0.01,0.01,77608.72,1777069097000
1777069099.312,199.312,0.38,0.39,0.61,0.62,0.01,0.01,77607.27,1777069098000
1777069099.691,199.691,0.38,0.39,0.61,0.62,0.01,0.01,77607.27,1777069098000
1777069100.305,200.305,0.37,0.39,0.61,0.63,0.02,0.02,77606.7,1777069099000
1777069101.401,201.401,0.37,0.38,0.62,0.63,0.01,0.01,77606.7,1777069099000
1777069101.943,201.943,0.36,0.38,0.62,0.64,0.02,0.02,77606.96,1777069101000
1777069102.34,202.34,0.37,0.38,0.62,0.63,0.01,0.01,77606.96,1777069101000
1777069102.701,202.701,0.37,0.38,0.62,0.63,0.01,0.01,77606.96,1777069101000
1777069103.117,203.117,0.37,0.38,0.62,0.63,0.01,0.01,77606.92,1777069102000
1777069103.767,203.767,0.37,0.38,0.62,0.63,0.01,0.01,77606.92,1777069102000
1777069104.1,204.1,0.37,0.38,0.62,0.63,0.01,0.01,77607.07,1777069103000
1777069104.586,204.586,0.37,0.39,0.62,0.63,0.02,0.01,77607.07,1777069103000
1777069105.032,205.032,0.38,0.39,0.61,0.62,0.01,0.01,77607.09,1777069104000
1777069105.454,205.454,0.38,0.39,0.61,0.62,0.01,0.01,77607.09,1777069104000
1777069105.921,205.921,0.38,0.39,0.61,0.62,0.01,0.01,77607.09,1777069105000
1777069106.289,206.289,0.37,0.38,0.61,0.63,0.01,0.02,77607.09,1777069105000
1777069106.634,206.634,0.37,0.38,0.62,0.63,0.01,0.01,77607.09,1777069105000
1777069106.973,206.973,0.37,0.38,0.62,0.63,0.01,0.01,77606.99,1777069106000
1777069107.574,207.574,0.36,0.37,0.62,0.64,0.01,0.02,77606.99,1777069106000
1777069107.93,207.93,0.36,0.37,0.63,0.64,0.01,0.01,77606.99,1777069106000
1777069108.368,208.368,0.36,0.37,0.63,0.64,0.01,0.01,77606.99,1777069107000
1777069108.705,208.705,0.36,0.37,0.63,0.64,0.01,0.01,77606.99,1777069107000
1777069109.108,209.108,0.36,0.37,0.63,0.64,0.01,0.01,77607.02,1777069108000
1777069109.637,209.637,0.36,0.37,0.63,0.64,0.01,0.01,77607.02,1777069108000
1777069110.036,210.036,0.36,0.38,0.63,0.64,0.02,0.01,77606.82,1777069109000
1777069110.822,210.822,0.37,0.38,0.62,0.63,0.01,0.01,77606.82,1777069109000
1777069111.157,211.157,0.37,0.4,0.62,0.63,0.03,0.01,77606.82,1777069109000
1777069111.645,211.645,0.39,0.4,0.6,0.61,0.01,0.01,77606.65,1777069110000
1777069112.093,212.093,0.39,0.4,0.6,0.61,0.01,0.01,77606.65,1777069111000
1777069112.47,212.47,0.38,0.39,0.6,0.62,0.01,0.02,77606.65,1777069111000
1777069113.089,213.089,0.37,0.39,0.61,0.63,0.02,0.02,77606.46,1777069112000
1777069113.466,213.466,0.39,0.4,0.6,0.62,0.01,0.02,77606.46,1777069112000
1777069113.905,213.905,0.39,0.4,0.6,0.61,0.01,0.01,77606.46,1777069112000
1777069114.601,214.601,0.39,0.4,0.6,0.61,0.01,0.01,77606.93,1777069113000
1777069115.083,215.083,0.39,0.4,0.6,0.61,0.01,0.01,77606.93,1777069113000
1777069115.817,215.817,0.39,0.4,0.6,0.61,0.01,0.01,77610.13,1777069114000
1777069116.284,216.284,0.39,0.4,0.6,0.61,0.01,0.01,77609.63,1777069115000
1777069117.19,217.19,0.39,0.45,0.6,0.61,0.06,0.01,77609.63,1777069115000
1777069117.524,217.524,0.44,0.45,0.55,0.56,0.01,0.01,77610.26,1777069116000
1777069117.876,217.876,0.44,0.45,0.55,0.56,0.01,0.01,77610.26,1777069116000
1777069118.237,218.237,0.44,0.45,0.55,0.56,0.01,0.01,77610.26,1777069116000
1777069118.73,218.73,0.44,0.46,0.55,0.56,0.02,0.01,77610.35,1777069117000
1777069119.075,219.075,0.45,0.47,0.54,0.55,0.02,0.01,77610.35,1777069117000
1777069119.554,219.554,0.46,0.49,0.53,0.54,0.03,0.01,77610.27,1777069118000
1777069119.897,219.897,0.53,0.54,0.47,0.51,0.01,0.04,77610.27,1777069118000
1777069120.282,220.282,0.54,0.55,0.45,0.46,0.01,0.01,77610.27,1777069118000
1777069120.632,220.632,0.54,0.55,0.45,0.46,0.01,0.01,77610.19,1777069119000
1777069120.999,220.999,0.54,0.55,0.45,0.46,0.01,0.01,77610.19,1777069120000
1777069121.367,221.367,0.55,0.56,0.44,0.45,0.01,0.01,77610.19,1777069120000
1777069121.916,221.916,0.55,0.56,0.44,0.45,0.01,0.01,77610.21,1777069121000
1777069122.309,222.309,0.55,0.56,0.44,0.45,0.01,0.01,77610.21,1777069121000
1777069122.661,222.661,0.59,0.6,0.4,0.41,0.01,0.01,77610.21,1777069121000
1777069123.004,223.004,0.61,0.62,0.38,0.39,0.01,0.01,77610.21,1777069121000
1777069123.364,223.364,0.63,0.64,0.35,0.39,0.01,0.04,77610.68,1777069122000
1777069123.731,223.731,0.64,0.66,0.35,0.37,0.02,0.02,77610.68,1777069122000
1777069124.207,224.207,0.64,0.66,0.34,0.36,0.02,0.02,77610.68,1777069122000
1777069124.594,224.594,0.64,0.65,0.35,0.36,0.01,0.01,77610.46,1777069123000
1777069125.037,225.037,0.64,0.65,0.35,0.36,0.01,0.01,77610.46,1777069123000
1777069125.52,225.52,0.64,0.65,0.35,0.36,0.01,0.01,77610.76,1777069124000
1777069125.91,225.91,0.63,0.64,0.35,0.37,0.01,0.02,77610.76,1777069124000
1777069126.275,226.275,0.63,0.64,0.36,0.37,0.01,0.01,77610.76,1777069125000
1777069126.731,226.731,0.6,0.61,0.39,0.4,0.01,0.01,77610.76,1777069125000
1777069127.073,227.073,0.6,0.61,0.39,0.4,0.01,0.01,77610.76,1777069125000
1777069127.456,227.456,0.6,0.61,0.39,0.4,0.01,0.01,77610.59,1777069126000
1777069127.835,227.835,0.6,0.61,0.39,0.4,0.01,0.01,77610.59,1777069126000
1777069128.278,228.278,0.58,0.59,0.41,0.42,0.01,0.01,77610.59,1777069126000
1777069128.689,228.689,0.58,0.59,0.41,0.42,0.01,0.01,77611.27,1777069127000
1777069129.132,229.132,0.58,0.59,0.41,0.42,0.01,0.01,77611.27,1777069127000
1777069129.597,229.597,0.58,0.59,0.41,0.42,0.01,0.01,77611.27,1777069128000
1777069129.953,229.953,0.58,0.59,0.41,0.42,0.01,0.01,77611.27,1777069129000
1777069130.34,230.34,0.58,0.59,0.41,0.42,0.01,0.01,77611.27,1777069129000
1777069130.765,230.765,0.59,0.6,0.41,0.42,0.01,0.01,77611.27,1777069129000
1777069131.112,231.112,0.59,0.6,0.4,0.41,0.01,0.01,77611.27,1777069130000
1777069131.641,231.641,0.36,0.6,0.4,0.41,0.24,0.01,77611.27,1777069130000
1777069132.208,232.208,0.58,0.59,0.41,0.42,0.01,0.01,77611.36,1777069131000
1777069132.634,232.634,0.58,0.59,0.41,0.42,0.01,0.01,77611.36,1777069131000
1777069133.033,233.033,0.57,0.58,0.41,0.42,0.01,0.01,77611.36,1777069131000
1777069133.404,233.404,0.57,0.58,0.42,0.43,0.01,0.01,77611.28,1777069132000
1777069134.174,234.174,0.52,0.53,0.42,0.48,0.01,0.06,77611.28,1777069132000
1777069134.954,234.954,0.52,0.53,0.47,0.48,0.01,0.01,77611.28,1777069134000
1777069135.304,235.304,0.52,0.53,0.47,0.48,0.01,0.01,77611.28,1777069134000
1777069135.842,235.842,0.52,0.53,0.47,0.48,0.01,0.01,77611.28,1777069134000
1777069136.314,236.314,0.52,0.53,0.47,0.48,0.01,0.01,77611.28,1777069135000
1777069137.188,237.188,0.52,0.53,0.47,0.48,0.01,0.01,77611.5,1777069136000
1777069137.706,237.706,0.52,0.53,0.47,0.48,0.01,0.01,77611.5,1777069136000
1777069138.364,238.364,0.54,0.55,0.45,0.46,0.01,0.01,77611.5,1777069136000
1777069139.016,239.016,0.54,0.55,0.45,0.46,0.01,0.01,77611.59,1777069137000
1777069139.591,239.591,0.55,0.56,0.44,0.45,0.01,0.01,77611.59,1777069137000
1777069140.039,240.039,0.55,0.56,0.44,0.45,0.01,0.01,77611.54,1777069138000
1777069140.422,240.422,0.56,0.57,0.43,0.45,0.01,0.02,77611.54,1777069139000
1777069140.981,240.981,0.57,0.58,0.43,0.44,0.01,0.01,77611.54,1777069139000
1777069141.434,241.434,0.57,0.59,0.42,0.43,0.02,0.01,77611.53,1777069140000
1777069141.834,241.834,0.58,0.6,0.41,0.42,0.02,0.01,77611.53,1777069140000
1777069142.247,242.247,0.58,0.59,0.4,0.42,0.01,0.02,77611.53,1777069140000
1777069142.593,242.593,0.56,0.57,0.43,0.44,0.01,0.01,77611.62,1777069141000
1777069143.027,243.027,0.37,0.57,0.43,0.63,0.2,0.2,77611.7,1777069142000
1777069143.401,243.401,0.38,0.39,0.58,0.62,0.01,0.04,77611.7,1777069142000
1777069144.093,244.093,0.36,0.37,0.62,0.64,0.01,0.02,77611.7,1777069142000
1777069144.529,244.529,0.38,0.39,0.61,0.62,0.01,0.01,77611.76,1777069143000
1777069144.901,244.901,0.38,0.39,0.61,0.62,0.01,0.01,77611.76,1777069143000
1777069145.275,245.275,0.49,0.5,0.51,0.52,0.01,0.01,77611.76,1777069143000
1777069145.817,245.817,0.49,0.5,0.5,0.51,0.01,0.01,77611.76,1777069144000
1777069146.169,246.169,0.5,0.51,0.49,0.5,0.01,0.01,77611.76,1777069144000
1777069146.601,246.601,0.46,0.51,0.49,0.5,0.05,0.01,77611.77,1777069145000
1777069146.968,246.968,0.46,0.47,0.53,0.54,0.01,0.01,77611.77,1777069146000
1777069147.311,247.311,0.44,0.45,0.54,0.55,0.01,0.01,77611.77,1777069146000
1777069147.671,247.671,0.44,0.45,0.55,0.56,0.01,0.01,77611.77,1777069146000
1777069148.105,248.105,0.43,0.45,0.55,0.56,0.02,0.01,77611.77,1777069146000
1777069148.516,248.516,0.43,0.44,0.56,0.57,0.01,0.01,77612.05,1777069147000
1777069149.099,249.099,0.43,0.44,0.56,0.57,0.01,0.01,77612.05,1777069147000
1777069149.448,249.448,0.43,0.44,0.56,0.57,0.01,0.01,77612.2,1777069148000
1777069149.817,249.817,0.43,0.44,0.56,0.57,0.01,0.01,77612.2,1777069148000
1777069150.153,250.153,0.36,0.37,0.63,0.64,0.01,0.01,77612.2,1777069148000
1777069150.688,250.688,0.36,0.37,0.63,0.64,0.01,0.01,77612.19,1777069149000
1777069151.088,251.088,0.36,0.37,0.63,0.64,0.01,0.01,77612.19,1777069150000
1777069151.529,251.529,0.36,0.37,0.63,0.64,0.01,0.01,77612.19,1777069150000
1777069152.124,252.124,0.36,0.37,0.63,0.64,0.01,0.01,77612.19,1777069150000
1777069152.53,252.53,0.36,0.37,0.63,0.64,0.01,0.01,77610.78,1777069151000
1777069152.881,252.881,0.36,0.37,0.63,0.64,0.01,0.01,77610.78,1777069151000
1777069153.229,253.229,0.36,0.37,0.63,0.64,0.01,0.01,77610.78,1777069151000
1777069153.76,253.76,0.36,0.37,0.63,0.64,0.01,0.01,77610.78,1777069151000
1777069154.43,254.43,0.36,0.37,0.63,0.64,0.01,0.01,77610.2,1777069152000
1777069154.826,254.826,0.36,0.37,0.63,0.64,0.01,0.01,77610.19,1777069153000
1777069155.16,255.16,0.36,0.37,0.63,0.64,0.01,0.01,77610.19,1777069153000
1777069155.558,255.558,0.37,0.38,0.62,0.63,0.01,0.01,77610.32,1777069154000
1777069155.9,255.9,0.44,0.45,0.55,0.63,0.01,0.08,77610.32,1777069154000
1777069156.287,256.287,0.44,0.45,0.55,0.56,0.01,0.01,77610.47,1777069155000
1777069156.777,256.777,0.44,0.45,0.55,0.56,0.01,0.01,77610.47,1777069155000
1777069157.141,257.141,0.44,0.45,0.55,0.56,0.01,0.01,77610.47,1777069155000
1777069157.539,257.539,0.44,0.45,0.55,0.56,0.01,0.01,77610.47,1777069155000
1777069157.876,257.876,0.44,0.45,0.55,0.56,0.01,0.01,77610.47,1777069156000
1777069158.381,258.381,0.45,0.46,0.54,0.55,0.01,0.01,77610.56,1777069157000
1777069158.953,258.953,0.47,0.48,0.52,0.53,0.01,0.01,77610.56,1777069157000
1777069159.722,259.722,0.49,0.5,0.52,0.53,0.01,0.01,77610.59,1777069158000
1777069160.348,260.348,0.37,0.49,0.5,0.51,0.12,0.01,77610.59,1777069158000
1777069160.718,260.718,0.35,0.36,0.64,0.65,0.01,0.01,77610.57,1777069159000
1777069161.163,261.163,0.34,0.35,0.65,0.66,0.01,0.01,77610.57,1777069159000
1777069161.515,261.515,0.34,0.35,0.65,0.66,0.01,0.01,77610.94,1777069160000
1777069161.875,261.875,0.34,0.35,0.65,0.66,0.01,0.01,77610.94,1777069160000
1777069162.245,262.245,0.34,0.35,0.65,0.66,0.01,0.01,77610.94,1777069160000
1777069162.636,262.636,0.33,0.35,0.64,0.66,0.02,0.02,77608.3,1777069161000
1777069163.019,263.019,0.33,0.34,0.66,0.67,0.01,0.01,77608.3,1777069161000
1777069163.38,263.38,0.38,0.43,0.56,0.65,0.05,0.09,77603.31,1777069162000
1777069163.755,263.755,0.38,0.39,0.58,0.59,0.01,0.01,77603.31,1777069162000
1777069164.116,264.116,0.38,0.39,0.61,0.62,0.01,0.01,77603.31,1777069162000
1777069164.511,264.511,0.38,0.39,0.61,0.62,0.01,0.01,77603.31,1777069162000
1777069164.922,264.922,0.38,0.39,0.61,0.62,0.01,0.01,77602.71,1777069163000
1777069165.326,265.326,0.37,0.38,0.61,0.62,0.01,0.01,77602.71,1777069163000
1777069165.664,265.664,0.37,0.38,0.62,0.63,0.01,0.01,77602.42,1777069164000
1777069166.012,266.012,0.36,0.53,0.62,0.64,0.17,0.02,77602.42,1777069164000
1777069166.356,266.356,0.36,0.37,0.62,0.64,0.01,0.02,77601.55,1777069165000
1777069166.753,266.753,0.33,0.34,0.66,0.67,0.01,0.01,77601.55,1777069165000
1777069167.267,267.267,0.29,0.3,0.69,0.71,0.01,0.02,77601.55,1777069165000
1777069167.615,267.615,0.29,0.3,0.7,0.71,0.01,0.01,77600.44,1777069166000
1777069167.95,267.95,0.28,0.3,0.7,0.72,0.02,0.02,77600.44,1777069166000
1777069168.338,268.338,0.28,0.29,0.71,0.72,0.01,0.01,77600.44,1777069166000
1777069168.681,268.681,0.3,0.31,0.69,0.7,0.01,0.01,77600.06,1777069167000
1777069169.02,269.02,0.3,0.31,0.69,0.7,0.01,0.01,77600.06,1777069167000
1777069169.463,269.463,0.3,0.31,0.69,0.7,0.01,0.01,77599.99,1777069168000
1777069169.813,269.813,0.29,0.3,0.69,0.7,0.01,0.01,77599.99,1777069168000
1777069170.438,270.438,0.28,0.29,0.7,0.71,0.01,0.01,77599.99,1777069168000
1777069170.819,270.819,0.27,0.28,0.72,0.73,0.01,0.01,77599.54,1777069169000
1777069171.253,271.253,0.24,0.25,0.75,0.76,0.01,0.01,77599.54,1777069169000
1777069171.656,271.656,0.32,0.36,0.75,0.76,0.04,0.01,77599.94,1777069170000
1777069172.024,272.024,0.35,0.44,0.64,0.65,0.09,0.01,77599.94,1777069170000
1777069172.601,272.601,0.32,0.33,0.57,0.59,0.01,0.02,77599.94,1777069171000
1777069172.937,272.937,0.32,0.33,0.67,0.68,0.01,0.01,77599.75,1777069172000
1777069173.367,273.367,0.32,0.33,0.67,0.68,0.01,0.01,77599.75,1777069172000
1777069173.728,273.728,0.35,0.36,0.64,0.65,0.01,0.01,77599.75,1777069172000
1777069174.066,274.066,0.35,0.36,0.64,0.65,0.01,0.01,77599.9,1777069173000
1777069174.475,274.475,0.35,0.36,0.64,0.65,0.01,0.01,77599.9,1777069173000
1777069174.822,274.822,0.34,0.35,0.64,0.66,0.01,0.02,77599.9,1777069173000
1777069175.167,275.167,0.35,0.36,0.65,0.66,0.01,0.01,77599.9,1777069173000
1777069175.948,275.948,0.35,0.36,0.64,0.65,0.01,0.01,77599.1,1777069175000
1777069176.4,276.4,0.35,0.44,0.64,0.65,0.09,0.01,77599.1,1777069175000
1777069176.915,276.915,0.42,0.43,0.57,0.58,0.01,0.01,77599.71,1777069176000
1777069177.592,277.592,0.42,0.43,0.57,0.58,0.01,0.01,77599.71,1777069176000
1777069178.021,278.021,0.42,0.43,0.57,0.58,0.01,0.01,77599.71,1777069177000
1777069178.567,278.567,0.4,0.43,0.57,0.58,0.03,0.01,77599.71,1777069177000
1777069178.912,278.912,0.4,0.41,0.59,0.6,0.01,0.01,77602.68,1777069178000
1777069179.384,279.384,0.41,0.42,0.58,0.59,0.01,0.01,77602.68,1777069178000
1777069179.733,279.733,0.54,0.55,0.45,0.46,0.01,0.01,77602.68,1777069178000
1777069180.121,280.121,0.68,0.72,0.28,0.35,0.04,0.07,77603.98,1777069179000
1777069180.461,280.461,0.72,0.73,0.27,0.28,0.01,0.01,77603.98,1777069179000
1777069180.812,280.812,0.72,0.73,0.27,0.28,0.01,0.01,77603.98,1777069179000
1777069181.16,281.16,0.8,0.83,0.18,0.2,0.03,0.02,77604.25,1777069180000
1777069181.53,281.53,0.82,0.83,0.17,0.18,0.01,0.01,77604.25,1777069180000
1777069181.937,281.937,0.82,0.83,0.17,0.18,0.01,0.01,77604.25,1777069180000
1777069182.388,282.388,0.82,0.83,0.17,0.18,0.01,0.01,77609.7,1777069181000
1777069182.86,282.86,0.77,0.78,0.22,0.25,0.01,0.03,77609.7,1777069181000
1777069183.208,283.208,0.75,0.76,0.23,0.25,0.01,0.02,77611.53,1777069182000
1777069183.686,283.686,0.68,0.69,0.32,0.33,0.01,0.01,77611.53,1777069182000
1777069184.051,284.051,0.64,0.67,0.33,0.36,0.03,0.03,77612.93,1777069183000
1777069184.403,284.403,0.71,0.72,0.28,0.29,0.01,0.01,77612.93,1777069183000
1777069184.929,284.929,0.76,0.77,0.28,0.29,0.01,0.01,77612.93,1777069183000
1777069185.278,285.278,0.84,0.85,0.15,0.17,0.01,0.02,77612.93,1777069183000
1777069185.627,285.627,0.84,0.85,0.15,0.16,0.01,0.01,77612.93,1777069183000
1777069186.184,286.184,0.8,0.85,0.13,0.21,0.05,0.08,77612.23,1777069184000
1777069186.558,286.558,0.83,0.85,0.16,0.17,0.02,0.01,77612.34,1777069185000
1777069186.961,286.961,0.84,0.85,0.15,0.16,0.01,0.01,77612.34,1777069185000
1777069187.304,287.304,0.84,0.87,0.13,0.14,0.03,0.01,77614.84,1777069186000
1777069187.665,287.665,0.86,0.87,0.13,0.15,0.01,0.02,77614.84,1777069186000
1777069188.008,288.008,0.86,0.87,0.13,0.16,0.01,0.03,77614.84,1777069186000
1777069188.379,288.379,0.77,0.78,0.18,0.24,0.01,0.06,77619.2,1777069187000
1777069188.724,288.724,0.74,0.79,0.28,0.29,0.05,0.01,77619.2,1777069187000
1777069189.135,289.135,0.78,0.86,0.21,0.23,0.08,0.02,77619.2,1777069187000
1777069189.601,289.601,0.78,0.79,0.16,0.27,0.01,0.11,77618.09,1777069188000
1777069189.982,289.982,0.73,0.74,0.22,0.25,0.01,0.03,77618.09,1777069188000
1777069190.338,290.338,0.83,0.87,0.16,0.17,0.04,0.01,77618.09,1777069189000
1777069190.694,290.694,0.86,0.87,0.13,0.14,0.01,0.01,77618.09,1777069189000
1777069191.077,291.077,0.85,0.87,0.13,0.15,0.02,0.02,77618.09,1777069189000
1777069191.445,291.445,0.76,0.78,0.22,0.24,0.02,0.02,77618.34,1777069190000
1777069191.814,291.814,0.8,0.82,0.22,0.24,0.02,0.02,77618.34,1777069190000
1777069192.416,292.416,0.81,0.83,0.18,0.2,0.02,0.02,77618.43,1777069191000
1777069193.182,293.182,0.78,0.85,0.15,0.22,0.07,0.07,77617.56,1777069192000
1777069193.532,293.532,0.8,0.81,0.19,0.2,0.01,0.01,77617.56,1777069192000
1777069193.943,293.943,0.8,0.81,0.19,0.2,0.01,0.01,77617.56,1777069192000
1777069194.367,294.367,0.56,0.85,0.15,0.17,0.29,0.02,77617.56,1777069192000
1777069194.737,294.737,0.73,0.74,0.15,0.28,0.01,0.13,77618.6,1777069193000
1777069195.073,295.073,0.8,0.84,0.15,0.21,0.04,0.06,77618.6,1777069193000
1777069195.44,295.44,0.53,0.79,0.21,0.22,0.26,0.01,77618.55,1777069194000
1777069195.813,295.813,0.78,0.84,0.24,0.29,0.06,0.05,77618.55,1777069194000
1777069196.187,296.187,0.56,0.83,0.17,0.44,0.27,0.27,77618.66,1777069195000
1777069196.551,296.551,0.72,0.74,0.26,0.27,0.02,0.01,77618.66,1777069195000
1777069196.895,296.895,0.61,0.64,0.38,0.39,0.03,0.01,77618.66,1777069195000
1777069197.245,297.245,0.5,0.56,0.43,0.5,0.06,0.07,77618.66,1777069195000
1777069197.584,297.584,0.48,0.49,0.51,0.52,0.01,0.01,77618.66,1777069196000
1777069197.962,297.962,0.48,0.49,0.51,0.52,0.01,0.01,77618.67,1777069197000
1777069198.295,298.295,0.47,0.49,0.51,0.53,0.02,0.02,77618.67,1777069197000
1777069198.709,298.709,0.29,0.3,0.7,0.71,0.01,0.01,77618.67,1777069197000
1777069199.046,299.046,0.08,0.28,0.72,0.91,0.2,0.19,77618.67,1777069197000
1777069199.385,299.385,0.26,0.3,0.7,0.76,0.04,0.06,77617.64,1777069198000
1777069199.718,299.718,0.43,0.47,0.36,0.57,0.04,0.21,77617.64,1777069198000
1777069200.067,300.067,0.01,0.64,0.36,0.39,0.63,0.03,77618.67,1777069199000
1777069200.473,300.473,0.27,0.01,0.99,0.73,-0.26,-0.26,77618.67,1777069199000
1777069200.85,300.85,0.27,0.01,0.99,0.73,-0.26,-0.26,77618.67,1777069199000

# RESULT,winner=Down,slug=btc-updown-5m-1777068900,ticks=653
