timestamp,elapsed_sec,up_bid,up_ask,down_bid,down_ask,up_spread,down_spread,btc_price,btc_oracle_ts
1777103400.636,0.636,0.53,0.54,0.46,0.47,0.01,0.01,77543.27,1777103399000
1777103401.502,1.502,0.53,0.54,0.46,0.48,0.01,0.02,77543.27,1777103399000
1777103401.872,1.872,0.53,0.54,0.46,0.47,0.01,0.01,77543.27,1777103400000
1777103402.265,2.265,0.58,0.59,0.41,0.42,0.01,0.01,77543.47,1777103401000
1777103402.728,2.728,0.64,0.67,0.33,0.41,0.03,0.08,77543.47,1777103401000
1777103403.128,3.128,0.65,0.67,0.33,0.36,0.02,0.03,77543.47,1777103401000
1777103403.555,3.555,0.66,0.67,0.33,0.35,0.01,0.02,77543.48,1777103402000
1777103403.943,3.943,0.66,0.69,0.33,0.34,0.03,0.01,77543.48,1777103402000
1777103404.411,4.411,0.66,0.69,0.31,0.34,0.03,0.03,77556.68,1777103403000
1777103404.755,4.755,0.66,0.67,0.33,0.34,0.01,0.01,77556.68,1777103403000
1777103405.419,5.419,0.66,0.69,0.31,0.34,0.03,0.03,77556.68,1777103403000
1777103405.758,5.758,0.67,0.69,0.31,0.33,0.02,0.02,77558.65,1777103404000
1777103406.107,6.107,0.67,0.7,0.3,0.33,0.03,0.03,77558.65,1777103404000
1777103406.483,6.483,0.68,0.7,0.3,0.33,0.02,0.03,77558.67,1777103405000
1777103407.266,7.266,0.67,0.68,0.32,0.33,0.01,0.01,77558.67,1777103405000
1777103407.65,7.65,0.67,0.68,0.32,0.33,0.01,0.01,77558.67,1777103405000
1777103408.167,8.167,0.68,0.69,0.31,0.32,0.01,0.01,77558.87,1777103407000
1777103409.022,9.022,0.69,0.7,0.3,0.31,0.01,0.01,77558.87,1777103407000
1777103409.498,9.498,0.69,0.7,0.3,0.31,0.01,0.01,77559.15,1777103408000
1777103409.936,9.936,0.69,0.7,0.3,0.31,0.01,0.01,77559.15,1777103408000
1777103410.433,10.433,0.69,0.7,0.3,0.31,0.01,0.01,77559.18,1777103409000
1777103410.782,10.782,0.69,0.7,0.3,0.31,0.01,0.01,77559.18,1777103409000
1777103411.233,11.233,0.69,0.7,0.3,0.31,0.01,0.01,77559.18,1777103409000
1777103411.567,11.567,0.69,0.7,0.3,0.31,0.01,0.01,77559.16,1777103410000
1777103411.916,11.916,0.69,0.7,0.3,0.31,0.01,0.01,77559.16,1777103410000
1777103412.69,12.69,0.69,0.7,0.3,0.31,0.01,0.01,77559.14,1777103411000
1777103413.026,13.026,0.69,0.71,0.29,0.31,0.02,0.02,77559.14,1777103411000
1777103413.938,13.938,0.69,0.7,0.29,0.31,0.01,0.02,77559.17,1777103412000
1777103414.371,14.371,0.69,0.71,0.29,0.31,0.02,0.02,77559.27,1777103413000
1777103414.75,14.75,0.7,0.71,0.29,0.3,0.01,0.01,77559.27,1777103413000
1777103415.113,15.113,0.7,0.71,0.29,0.3,0.01,0.01,77559.27,1777103413000
1777103415.53,15.53,0.7,0.72,0.28,0.3,0.02,0.02,77559.26,1777103414000
1777103416.146,16.146,0.7,0.72,0.28,0.3,0.02,0.02,77559.26,1777103415000
1777103416.489,16.489,0.71,0.72,0.28,0.29,0.01,0.01,77559.26,1777103415000
1777103416.882,16.882,0.71,0.72,0.28,0.29,0.01,0.01,77559.26,1777103415000
1777103417.229,17.229,0.71,0.72,0.28,0.29,0.01,0.01,77559.27,1777103416000
1777103417.581,17.581,0.72,0.73,0.27,0.29,0.01,0.02,77559.27,1777103416000
1777103417.92,17.92,0.72,0.73,0.27,0.28,0.01,0.01,77559.27,1777103416000
1777103418.393,18.393,0.72,0.73,0.27,0.28,0.01,0.01,77559.33,1777103417000
1777103418.766,18.766,0.72,0.73,0.27,0.28,0.01,0.01,77559.33,1777103417000
1777103419.398,19.398,0.72,0.73,0.27,0.28,0.01,0.01,77559.32,1777103418000
1777103420.177,20.177,0.72,0.73,0.27,0.28,0.01,0.01,77559.36,1777103419000
1777103420.635,20.635,0.72,0.73,0.27,0.28,0.01,0.01,77559.36,1777103419000
1777103420.985,20.985,0.72,0.73,0.27,0.28,0.01,0.01,77559.36,1777103419000
1777103421.324,21.324,0.72,0.73,0.27,0.28,0.01,0.01,77559.36,1777103419000
1777103421.806,21.806,0.72,0.73,0.27,0.3,0.01,0.03,77559.35,1777103420000
1777103422.432,22.432,0.72,0.73,0.27,0.28,0.01,0.01,77559.3,1777103421000
1777103422.865,22.865,0.7,0.72,0.28,0.29,0.02,0.01,77559.3,1777103421000
1777103423.257,23.257,0.7,0.71,0.29,0.3,0.01,0.01,77559.3,1777103422000
1777103423.593,23.593,0.7,0.71,0.29,0.3,0.01,0.01,77559.3,1777103422000
1777103423.998,23.998,0.69,0.7,0.29,0.31,0.01,0.02,77559.3,1777103422000
1777103424.375,24.375,0.65,0.67,0.33,0.34,0.02,0.01,77559.3,1777103423000
1777103424.765,24.765,0.64,0.65,0.34,0.37,0.01,0.03,77559.3,1777103423000
1777103425.128,25.128,0.64,0.65,0.35,0.36,0.01,0.01,77559.3,1777103423000
1777103425.662,25.662,0.64,0.65,0.35,0.36,0.01,0.01,77559.3,1777103423000
1777103426.199,26.199,0.64,0.65,0.35,0.36,0.01,0.01,77555.62,1777103425000
1777103426.811,26.811,0.64,0.65,0.35,0.36,0.01,0.01,77555.62,1777103425000
1777103427.214,27.214,0.64,0.65,0.35,0.36,0.01,0.01,77554.84,1777103426000
1777103427.735,27.735,0.64,0.66,0.35,0.36,0.02,0.01,77554.84,1777103426000
1777103428.213,28.213,0.64,0.65,0.34,0.36,0.01,0.02,77554.84,1777103426000
1777103428.614,28.614,0.64,0.65,0.35,0.36,0.01,0.01,77554.68,1777103427000
1777103429.153,29.153,0.64,0.65,0.35,0.36,0.01,0.01,77554.68,1777103427000
1777103429.64,29.64,0.63,0.64,0.36,0.37,0.01,0.01,77554.26,1777103428000
1777103429.977,29.977,0.63,0.64,0.36,0.37,0.01,0.01,77553.32,1777103429000
1777103430.408,30.408,0.63,0.64,0.36,0.37,0.01,0.01,77553.32,1777103429000
1777103430.826,30.826,0.63,0.64,0.36,0.37,0.01,0.01,77553.32,1777103429000
1777103431.188,31.188,0.63,0.64,0.36,0.37,0.01,0.01,77552.58,1777103430000
1777103431.63,31.63,0.58,0.59,0.41,0.42,0.01,0.01,77552.58,1777103430000
1777103432.049,32.049,0.57,0.58,0.42,0.43,0.01,0.01,77552.48,1777103431000
1777103432.424,32.424,0.57,0.58,0.42,0.43,0.01,0.01,77552.48,1777103431000
1777103432.791,32.791,0.57,0.58,0.42,0.43,0.01,0.01,77552.48,1777103431000
1777103434.079,34.079,0.57,0.59,0.41,0.43,0.02,0.02,77551.71,1777103433000
1777103434.616,34.616,0.58,0.59,0.41,0.43,0.01,0.02,77551.71,1777103433000
1777103435.16,35.16,0.58,0.59,0.41,0.42,0.01,0.01,77552.19,1777103434000
1777103435.637,35.637,0.58,0.59,0.41,0.42,0.01,0.01,77552.19,1777103434000
1777103436.165,36.165,0.59,0.6,0.4,0.41,0.01,0.01,77551.62,1777103435000
1777103436.806,36.806,0.58,0.6,0.4,0.42,0.02,0.02,77551.62,1777103435000
1777103437.174,37.174,0.59,0.6,0.4,0.41,0.01,0.01,77551.62,1777103435000
1777103437.929,37.929,0.59,0.6,0.4,0.41,0.01,0.01,77553.02,1777103436000
1777103438.296,38.296,0.59,0.6,0.4,0.41,0.01,0.01,77554.3,1777103437000
1777103438.665,38.665,0.59,0.61,0.4,0.41,0.02,0.01,77554.3,1777103437000
1777103439.417,39.417,0.59,0.6,0.4,0.41,0.01,0.01,77554.3,1777103438000
1777103439.882,39.882,0.61,0.62,0.38,0.4,0.01,0.02,77554.3,1777103438000
1777103440.867,40.867,0.61,0.62,0.38,0.39,0.01,0.01,77554.33,1777103439000
1777103441.315,41.315,0.61,0.62,0.38,0.39,0.01,0.01,77554.43,1777103440000
1777103442.141,42.141,0.61,0.62,0.38,0.39,0.01,0.01,77554.43,1777103440000
1777103442.624,42.624,0.61,0.62,0.38,0.39,0.01,0.01,77554.39,1777103441000
1777103443.089,43.089,0.61,0.62,0.38,0.39,0.01,0.01,77554.39,1777103441000
1777103443.659,43.659,0.6,0.62,0.38,0.4,0.02,0.02,77554.4,1777103442000
1777103444.019,44.019,0.6,0.61,0.39,0.4,0.01,0.01,77554.4,1777103442000
1777103444.485,44.485,0.6,0.61,0.39,0.4,0.01,0.01,77554.41,1777103443000
1777103445.022,45.022,0.59,0.6,0.4,0.41,0.01,0.01,77554.37,1777103444000
1777103445.833,45.833,0.59,0.6,0.4,0.41,0.01,0.01,77554.37,1777103444000
1777103446.182,46.182,0.58,0.6,0.4,0.42,0.02,0.02,77554.34,1777103445000
1777103446.669,46.669,0.58,0.6,0.4,0.41,0.02,0.01,77554.34,1777103445000
1777103447.016,47.016,0.58,0.6,0.4,0.42,0.02,0.02,77554.34,1777103445000
1777103448.131,48.131,0.58,0.59,0.4,0.42,0.01,0.02,77554.36,1777103446000
1777103448.608,48.608,0.58,0.59,0.41,0.42,0.01,0.01,77554.37,1777103447000
1777103449.039,49.039,0.58,0.59,0.41,0.42,0.01,0.01,77554.31,1777103448000
1777103449.403,49.403,0.58,0.59,0.41,0.42,0.01,0.01,77554.31,1777103448000
1777103449.792,49.792,0.58,0.59,0.41,0.42,0.01,0.01,77554.31,1777103448000
1777103450.21,50.21,0.58,0.59,0.41,0.42,0.01,0.01,77554.27,1777103449000
1777103450.582,50.582,0.59,0.6,0.4,0.41,0.01,0.01,77554.27,1777103449000
1777103450.99,50.99,0.59,0.6,0.4,0.41,0.01,0.01,77554.27,1777103449000
1777103452.197,52.197,0.59,0.6,0.4,0.41,0.01,0.01,77554.31,1777103450000
1777103452.693,52.693,0.59,0.6,0.4,0.41,0.01,0.01,77554.32,1777103451000
1777103453.375,53.375,0.59,0.61,0.4,0.41,0.02,0.01,77554.32,1777103451000
1777103454.063,54.063,0.59,0.61,0.39,0.41,0.02,0.02,77554.28,1777103452000
1777103454.877,54.877,0.59,0.61,0.39,0.41,0.02,0.02,77554.27,1777103453000
1777103455.394,55.394,0.6,0.61,0.39,0.41,0.01,0.02,77554.27,1777103453000
1777103455.762,55.762,0.63,0.64,0.36,0.4,0.01,0.04,77554.32,1777103454000
1777103456.158,56.158,0.63,0.64,0.36,0.37,0.01,0.01,77554.32,1777103454000
1777103456.575,56.575,0.63,0.64,0.36,0.37,0.01,0.01,77551.97,1777103455000
1777103457.017,57.017,0.63,0.64,0.36,0.37,0.01,0.01,77551.97,1777103455000
1777103457.567,57.567,0.63,0.64,0.36,0.37,0.01,0.01,77551.97,1777103455000
1777103458.067,58.067,0.63,0.64,0.36,0.37,0.01,0.01,77551.95,1777103456000
1777103458.4,58.4,0.63,0.64,0.36,0.37,0.01,0.01,77551.77,1777103457000
1777103458.848,58.848,0.63,0.64,0.36,0.37,0.01,0.01,77551.77,1777103457000
1777103459.447,59.447,0.62,0.63,0.37,0.38,0.01,0.01,77551.77,1777103457000
1777103459.914,59.914,0.61,0.62,0.37,0.38,0.01,0.01,77551.77,1777103457000
1777103460.321,60.321,0.61,0.62,0.38,0.39,0.01,0.01,77551.8,1777103458000
1777103460.723,60.723,0.61,0.62,0.38,0.39,0.01,0.01,77551.89,1777103459000
1777103461.204,61.204,0.61,0.63,0.37,0.39,0.02,0.02,77551.78,1777103460000
1777103462.234,62.234,0.62,0.63,0.37,0.39,0.01,0.02,77551.78,1777103460000
1777103462.627,62.627,0.61,0.63,0.37,0.39,0.02,0.02,77551.78,1777103460000
1777103463.234,63.234,0.61,0.63,0.37,0.39,0.02,0.02,77551.76,1777103462000
1777103463.59,63.59,0.61,0.62,0.37,0.39,0.01,0.02,77551.76,1777103462000
1777103463.968,63.968,0.61,0.62,0.38,0.39,0.01,0.01,77551.76,1777103462000
1777103464.303,64.303,0.62,0.63,0.37,0.39,0.01,0.02,77551.76,1777103462000
1777103464.685,64.685,0.62,0.63,0.37,0.38,0.01,0.01,77551.76,1777103462000
1777103465.242,65.242,0.62,0.63,0.37,0.38,0.01,0.01,77551.77,1777103463000
1777103465.937,65.937,0.62,0.63,0.38,0.39,0.01,0.01,77551.62,1777103464000
1777103466.325,66.325,0.62,0.63,0.37,0.38,0.01,0.01,77551.86,1777103465000
1777103466.736,66.736,0.62,0.63,0.37,0.38,0.01,0.01,77551.86,1777103465000
1777103467.221,67.221,0.62,0.63,0.37,0.38,0.01,0.01,77551.86,1777103465000
1777103467.771,67.771,0.62,0.63,0.37,0.38,0.01,0.01,77551.86,1777103466000
1777103468.429,68.429,0.62,0.63,0.37,0.38,0.01,0.01,77551.86,1777103467000
1777103468.99,68.99,0.62,0.63,0.37,0.38,0.01,0.01,77551.86,1777103467000
1777103470.158,70.158,0.62,0.63,0.37,0.38,0.01,0.01,77552.13,1777103468000
1777103470.531,70.531,0.62,0.63,0.37,0.38,0.01,0.01,77552.17,1777103469000
1777103471.023,71.023,0.62,0.63,0.37,0.38,0.01,0.01,77552.17,1777103469000
1777103471.646,71.646,0.62,0.63,0.37,0.38,0.01,0.01,77552.17,1777103470000
1777103472.256,72.256,0.62,0.65,0.35,0.38,0.03,0.03,77552.16,1777103471000
1777103472.701,72.701,0.64,0.65,0.35,0.37,0.01,0.02,77552.16,1777103471000
1777103473.082,73.082,0.63,0.65,0.35,0.36,0.02,0.01,77552.16,1777103471000
1777103473.572,73.572,0.64,0.65,0.35,0.37,0.01,0.02,77552.16,1777103471000
1777103474.211,74.211,0.64,0.65,0.35,0.36,0.01,0.01,77551.99,1777103472000
1777103474.805,74.805,0.64,0.65,0.35,0.36,0.01,0.01,77551.98,1777103473000
1777103475.443,75.443,0.64,0.65,0.35,0.36,0.01,0.01,77552.09,1777103474000
1777103475.789,75.789,0.64,0.65,0.35,0.36,0.01,0.01,77552.09,1777103474000
1777103476.146,76.146,0.62,0.65,0.35,0.38,0.03,0.03,77552.09,1777103475000
1777103476.599,76.599,0.63,0.64,0.35,0.36,0.01,0.01,77552.09,1777103475000
1777103476.999,76.999,0.63,0.64,0.36,0.37,0.01,0.01,77552.09,1777103475000
1777103477.567,77.567,0.63,0.64,0.36,0.37,0.01,0.01,77552.11,1777103476000
1777103477.982,77.982,0.63,0.64,0.36,0.37,0.01,0.01,77552.11,1777103476000
1777103478.325,78.325,0.63,0.64,0.36,0.37,0.01,0.01,77552.11,1777103476000
1777103479.129,79.129,0.63,0.64,0.36,0.37,0.01,0.01,77552.1,1777103477000
1777103479.597,79.597,0.63,0.64,0.36,0.37,0.01,0.01,77552.1,1777103478000
1777103480.226,80.226,0.63,0.64,0.36,0.37,0.01,0.01,77552.1,1777103479000
1777103481.117,81.117,0.63,0.64,0.36,0.37,0.01,0.01,77552.1,1777103479000
1777103481.506,81.506,0.63,0.64,0.36,0.37,0.01,0.01,77552.11,1777103480000
1777103482.252,82.252,0.63,0.64,0.36,0.37,0.01,0.01,77552.06,1777103481000
1777103482.785,82.785,0.63,0.64,0.36,0.37,0.01,0.01,77552.06,1777103481000
1777103483.151,83.151,0.63,0.64,0.36,0.37,0.01,0.01,77552.06,1777103481000
1777103483.495,83.495,0.63,0.64,0.36,0.37,0.01,0.01,77551.88,1777103482000
1777103484.044,84.044,0.63,0.64,0.36,0.37,0.01,0.01,77551.88,1777103482000
1777103485.248,85.248,0.62,0.64,0.36,0.37,0.02,0.01,77552.05,1777103483000
1777103485.698,85.698,0.62,0.63,0.37,0.38,0.01,0.01,77552.04,1777103484000
1777103486.065,86.065,0.62,0.63,0.37,0.38,0.01,0.01,77552.04,1777103484000
1777103486.46,86.46,0.62,0.63,0.37,0.38,0.01,0.01,77552.03,1777103485000
1777103487.252,87.252,0.62,0.63,0.37,0.38,0.01,0.01,77552.03,1777103485000
1777103487.657,87.657,0.62,0.64,0.36,0.38,0.02,0.02,77552.03,1777103485000
1777103488.199,88.199,0.63,0.64,0.36,0.37,0.01,0.01,77552.0,1777103487000
1777103488.69,88.69,0.63,0.64,0.36,0.37,0.01,0.01,77552.0,1777103487000
1777103489.221,89.221,0.63,0.64,0.36,0.37,0.01,0.01,77552.0,1777103487000
1777103489.845,89.845,0.63,0.64,0.36,0.37,0.01,0.01,77552.01,1777103488000
1777103490.369,90.369,0.63,0.64,0.36,0.37,0.01,0.01,77551.96,1777103489000
1777103490.801,90.801,0.63,0.64,0.36,0.37,0.01,0.01,77551.96,1777103489000
1777103491.196,91.196,0.64,0.65,0.36,0.37,0.01,0.01,77551.96,1777103489000
1777103491.751,91.751,0.64,0.66,0.34,0.36,0.02,0.02,77551.94,1777103490000
1777103492.209,92.209,0.64,0.66,0.34,0.36,0.02,0.02,77551.94,1777103491000
1777103492.567,92.567,0.65,0.66,0.34,0.35,0.01,0.01,77551.94,1777103491000
1777103493.157,93.157,0.65,0.66,0.34,0.35,0.01,0.01,77551.94,1777103491000
1777103493.498,93.498,0.65,0.66,0.34,0.35,0.01,0.01,77551.94,1777103492000
1777103493.92,93.92,0.65,0.66,0.34,0.35,0.01,0.01,77551.94,1777103492000
1777103494.295,94.295,0.65,0.66,0.34,0.35,0.01,0.01,77551.92,1777103493000
1777103494.754,94.754,0.65,0.66,0.34,0.35,0.01,0.01,77551.92,1777103493000
1777103495.265,95.265,0.65,0.66,0.34,0.35,0.01,0.01,77551.94,1777103494000
1777103496.225,96.225,0.65,0.66,0.34,0.35,0.01,0.01,77551.94,1777103494000
1777103496.633,96.633,0.65,0.66,0.34,0.35,0.01,0.01,77551.98,1777103495000
1777103497.195,97.195,0.65,0.66,0.34,0.35,0.01,0.01,77551.97,1777103496000
1777103497.564,97.564,0.65,0.66,0.34,0.35,0.01,0.01,77551.97,1777103496000
1777103498.035,98.035,0.65,0.67,0.34,0.35,0.02,0.01,77551.97,1777103496000
1777103498.827,98.827,0.65,0.67,0.33,0.35,0.02,0.02,77551.97,1777103497000
1777103499.417,99.417,0.65,0.67,0.33,0.35,0.02,0.02,77551.97,1777103498000
1777103499.767,99.767,0.65,0.66,0.33,0.35,0.01,0.02,77551.97,1777103498000
1777103500.382,100.382,0.65,0.67,0.34,0.35,0.02,0.01,77551.93,1777103499000
1777103500.93,100.93,0.66,0.67,0.33,0.35,0.01,0.02,77551.93,1777103499000
1777103501.393,101.393,0.65,0.67,0.33,0.35,0.02,0.02,77551.93,1777103500000
1777103502.049,102.049,0.65,0.66,0.33,0.35,0.01,0.02,77551.93,1777103500000
1777103502.411,102.411,0.65,0.66,0.34,0.35,0.01,0.01,77551.93,1777103501000
1777103502.928,102.928,0.65,0.66,0.34,0.35,0.01,0.01,77551.93,1777103502000
1777103503.304,103.304,0.65,0.67,0.33,0.35,0.02,0.02,77551.93,1777103502000
1777103504.498,104.498,0.66,0.67,0.33,0.34,0.01,0.01,77551.92,1777103503000
1777103505.073,105.073,0.66,0.67,0.33,0.34,0.01,0.01,77551.92,1777103504000
1777103505.936,105.936,0.66,0.67,0.33,0.34,0.01,0.01,77552.58,1777103505000
1777103506.561,106.561,0.66,0.67,0.33,0.34,0.01,0.01,77552.58,1777103505000
1777103506.905,106.905,0.66,0.67,0.33,0.34,0.01,0.01,77552.58,1777103506000
1777103507.243,107.243,0.66,0.67,0.33,0.34,0.01,0.01,77552.58,1777103506000
1777103507.919,107.919,0.66,0.67,0.33,0.34,0.01,0.01,77552.6,1777103507000
1777103508.399,108.399,0.66,0.67,0.33,0.34,0.01,0.01,77552.6,1777103507000
1777103509.145,109.145,0.67,0.68,0.33,0.34,0.01,0.01,77552.6,1777103507000
1777103509.643,109.643,0.67,0.68,0.32,0.33,0.01,0.01,77552.63,1777103508000
1777103510.265,110.265,0.66,0.68,0.32,0.34,0.02,0.02,77552.68,1777103509000
1777103511.003,111.003,0.67,0.68,0.32,0.34,0.01,0.02,77552.68,1777103509000
1777103511.366,111.366,0.67,0.68,0.32,0.33,0.01,0.01,77552.69,1777103510000
1777103511.737,111.737,0.67,0.68,0.32,0.33,0.01,0.01,77552.69,1777103510000
1777103512.204,112.204,0.67,0.68,0.32,0.33,0.01,0.01,77552.89,1777103511000
1777103513.178,113.178,0.67,0.68,0.32,0.33,0.01,0.01,77552.9,1777103512000
1777103514.098,114.098,0.67,0.68,0.32,0.33,0.01,0.01,77552.89,1777103513000
1777103515.03,115.03,0.67,0.68,0.32,0.33,0.01,0.01,77552.87,1777103514000
1777103515.412,115.412,0.67,0.68,0.32,0.33,0.01,0.01,77552.87,1777103514000
1777103515.954,115.954,0.67,0.68,0.32,0.33,0.01,0.01,77552.87,1777103515000
1777103517.011,117.011,0.67,0.68,0.32,0.33,0.01,0.01,77552.87,1777103515000
1777103517.45,117.45,0.67,0.68,0.32,0.33,0.01,0.01,77552.88,1777103516000
1777103518.171,118.171,0.67,0.68,0.32,0.33,0.01,0.01,77552.88,1777103517000
1777103519.182,119.182,0.67,0.68,0.32,0.33,0.01,0.01,77552.88,1777103518000
1777103520.256,120.256,0.67,0.68,0.32,0.33,0.01,0.01,77552.87,1777103519000
1777103520.771,120.771,0.67,0.69,0.32,0.33,0.02,0.01,77552.87,1777103519000
1777103521.357,121.357,0.67,0.69,0.31,0.33,0.02,0.02,77552.82,1777103520000
1777103521.74,121.74,0.67,0.68,0.32,0.33,0.01,0.01,77552.82,1777103520000
1777103522.364,122.364,0.67,0.69,0.32,0.33,0.02,0.01,77552.82,1777103520000
1777103522.846,122.846,0.68,0.69,0.31,0.33,0.01,0.02,77552.82,1777103521000
1777103523.212,123.212,0.68,0.69,0.31,0.32,0.01,0.01,77552.79,1777103522000
1777103523.692,123.692,0.68,0.7,0.31,0.32,0.02,0.01,77552.79,1777103522000
1777103524.146,124.146,0.69,0.7,0.3,0.31,0.01,0.01,77552.78,1777103523000
1777103524.558,124.558,0.68,0.7,0.3,0.31,0.02,0.01,77552.78,1777103523000
1777103525.165,125.165,0.68,0.7,0.3,0.32,0.02,0.02,77552.77,1777103524000
1777103525.513,125.513,0.69,0.7,0.3,0.31,0.01,0.01,77552.77,1777103524000
1777103526.066,126.066,0.69,0.7,0.3,0.31,0.01,0.01,77552.77,1777103524000
1777103527.282,127.282,0.69,0.7,0.3,0.31,0.01,0.01,77552.53,1777103526000
1777103527.746,127.746,0.69,0.7,0.3,0.31,0.01,0.01,77552.53,1777103526000
1777103528.224,128.224,0.69,0.7,0.3,0.31,0.01,0.01,77552.53,1777103526000
1777103528.649,128.649,0.69,0.7,0.3,0.31,0.01,0.01,77552.7,1777103527000
1777103529.373,129.373,0.69,0.7,0.3,0.32,0.01,0.02,77552.7,1777103527000
1777103529.834,129.834,0.69,0.7,0.3,0.31,0.01,0.01,77552.52,1777103529000
1777103530.815,130.815,0.68,0.69,0.31,0.32,0.01,0.01,77552.52,1777103529000
1777103531.161,131.161,0.68,0.69,0.31,0.32,0.01,0.01,77552.52,1777103529000
1777103531.72,131.72,0.68,0.69,0.31,0.32,0.01,0.01,77552.5,1777103530000
1777103532.169,132.169,0.68,0.69,0.31,0.32,0.01,0.01,77552.5,1777103530000
1777103532.923,132.923,0.68,0.69,0.31,0.32,0.01,0.01,77552.47,1777103532000
1777103533.722,133.722,0.68,0.69,0.31,0.32,0.01,0.01,77552.47,1777103532000
1777103534.656,134.656,0.68,0.71,0.31,0.32,0.03,0.01,77552.49,1777103533000
1777103535.053,135.053,0.7,0.71,0.29,0.32,0.01,0.03,77552.49,1777103533000
1777103535.698,135.698,0.7,0.71,0.29,0.3,0.01,0.01,77552.57,1777103534000
1777103536.291,136.291,0.7,0.71,0.29,0.3,0.01,0.01,77552.55,1777103535000
1777103537.411,137.411,0.7,0.71,0.29,0.3,0.01,0.01,77552.56,1777103536000
1777103537.971,137.971,0.7,0.71,0.29,0.3,0.01,0.01,77552.56,1777103536000
1777103538.459,138.459,0.7,0.71,0.29,0.3,0.01,0.01,77552.57,1777103537000
1777103538.991,138.991,0.7,0.71,0.29,0.3,0.01,0.01,77552.57,1777103538000
1777103539.565,139.565,0.7,0.71,0.29,0.3,0.01,0.01,77552.57,1777103538000
1777103540.049,140.049,0.7,0.71,0.29,0.3,0.01,0.01,77552.56,1777103539000
1777103540.454,140.454,0.7,0.71,0.29,0.3,0.01,0.01,77552.56,1777103539000
1777103540.914,140.914,0.69,0.7,0.29,0.32,0.01,0.03,77552.56,1777103539000
1777103541.272,141.272,0.69,0.7,0.3,0.31,0.01,0.01,77552.56,1777103540000
1777103542.308,142.308,0.69,0.71,0.3,0.31,0.02,0.01,77552.56,1777103540000
1777103542.783,142.783,0.69,0.7,0.3,0.31,0.01,0.01,77552.6,1777103541000
1777103543.358,143.358,0.71,0.72,0.27,0.31,0.01,0.04,77552.6,1777103541000
1777103544.006,144.006,0.71,0.72,0.28,0.29,0.01,0.01,77552.7,1777103542000
1777103544.721,144.721,0.71,0.72,0.28,0.29,0.01,0.01,77552.7,1777103542000
1777103545.104,145.104,0.71,0.72,0.28,0.29,0.01,0.01,77552.67,1777103543000
1777103545.45,145.45,0.71,0.72,0.28,0.29,0.01,0.01,77552.67,1777103543000
1777103545.961,145.961,0.71,0.72,0.28,0.29,0.01,0.01,77552.67,1777103544000
1777103546.558,146.558,0.71,0.73,0.28,0.29,0.02,0.01,77552.67,1777103545000
1777103546.969,146.969,0.72,0.73,0.27,0.29,0.01,0.02,77552.67,1777103545000
1777103547.838,147.838,0.72,0.73,0.27,0.28,0.01,0.01,77553.11,1777103546000
1777103549.001,149.001,0.72,0.73,0.27,0.28,0.01,0.01,77553.05,1777103547000
1777103549.485,149.485,0.72,0.73,0.27,0.28,0.01,0.01,77552.99,1777103548000
1777103549.82,149.82,0.72,0.73,0.27,0.28,0.01,0.01,77552.99,1777103548000
1777103550.365,150.365,0.72,0.73,0.27,0.28,0.01,0.01,77553.2,1777103549000
1777103550.737,150.737,0.72,0.73,0.27,0.28,0.01,0.01,77553.2,1777103549000
1777103551.122,151.122,0.72,0.73,0.27,0.28,0.01,0.01,77553.2,1777103549000
1777103551.49,151.49,0.72,0.73,0.27,0.28,0.01,0.01,77553.21,1777103550000
1777103552.174,152.174,0.72,0.73,0.27,0.28,0.01,0.01,77553.2,1777103551000
1777103552.594,152.594,0.72,0.73,0.27,0.28,0.01,0.01,77553.2,1777103551000
1777103553.17,153.17,0.72,0.73,0.27,0.28,0.01,0.01,77553.2,1777103552000
1777103554.197,154.197,0.72,0.73,0.27,0.28,0.01,0.01,77553.21,1777103553000
1777103554.704,154.704,0.72,0.73,0.27,0.28,0.01,0.01,77553.21,1777103553000
1777103555.151,155.151,0.72,0.73,0.27,0.28,0.01,0.01,77553.21,1777103553000
1777103556.008,156.008,0.72,0.73,0.27,0.28,0.01,0.01,77553.23,1777103554000
1777103556.387,156.387,0.72,0.73,0.27,0.28,0.01,0.01,77553.23,1777103555000
1777103556.948,156.948,0.72,0.73,0.27,0.28,0.01,0.01,77553.23,1777103555000
1777103557.397,157.397,0.71,0.73,0.27,0.29,0.02,0.02,77554.09,1777103556000
1777103557.84,157.84,0.71,0.72,0.27,0.29,0.01,0.02,77554.09,1777103556000
1777103558.325,158.325,0.71,0.72,0.28,0.29,0.01,0.01,77555.45,1777103557000
1777103559.252,159.252,0.71,0.72,0.28,0.29,0.01,0.01,77555.43,1777103558000
1777103559.724,159.724,0.72,0.73,0.27,0.28,0.01,0.01,77555.43,1777103558000
1777103560.184,160.184,0.72,0.73,0.27,0.28,0.01,0.01,77555.43,1777103558000
1777103560.607,160.607,0.72,0.74,0.27,0.28,0.02,0.01,77555.43,1777103559000
1777103561.371,161.371,0.73,0.74,0.26,0.28,0.01,0.02,77555.43,1777103559000
1777103561.788,161.788,0.73,0.74,0.26,0.27,0.01,0.01,77555.4,1777103560000
1777103562.348,162.348,0.73,0.74,0.26,0.27,0.01,0.01,77555.42,1777103561000
1777103563.42,163.42,0.73,0.74,0.26,0.27,0.01,0.01,77555.42,1777103562000
1777103563.822,163.822,0.73,0.74,0.26,0.27,0.01,0.01,77555.42,1777103562000
1777103564.172,164.172,0.69,0.74,0.26,0.31,0.05,0.05,77554.24,1777103563000
1777103564.529,164.529,0.64,0.66,0.34,0.36,0.02,0.02,77554.24,1777103563000
1777103564.898,164.898,0.67,0.69,0.31,0.33,0.02,0.02,77552.24,1777103564000
1777103565.328,165.328,0.67,0.68,0.32,0.33,0.01,0.01,77552.24,1777103564000
1777103565.87,165.87,0.67,0.68,0.32,0.33,0.01,0.01,77552.35,1777103565000
1777103566.305,166.305,0.67,0.68,0.32,0.33,0.01,0.01,77552.35,1777103565000
1777103566.885,166.885,0.67,0.68,0.32,0.33,0.01,0.01,77552.36,1777103566000
1777103567.309,167.309,0.67,0.68,0.32,0.33,0.01,0.01,77552.36,1777103566000
1777103567.796,167.796,0.67,0.68,0.32,0.33,0.01,0.01,77552.36,1777103566000
1777103568.587,168.587,0.67,0.68,0.32,0.33,0.01,0.01,77552.27,1777103567000
1777103568.945,168.945,0.67,0.68,0.32,0.33,0.01,0.01,77552.37,1777103568000
1777103569.946,169.946,0.66,0.67,0.32,0.33,0.01,0.01,77552.37,1777103568000
1777103570.288,170.288,0.66,0.67,0.33,0.34,0.01,0.01,77552.37,1777103568000
1777103571.373,171.373,0.65,0.66,0.33,0.35,0.01,0.02,77552.36,1777103569000
1777103572.351,172.351,0.65,0.66,0.34,0.35,0.01,0.01,77552.32,1777103571000
1777103573.175,173.175,0.65,0.66,0.34,0.35,0.01,0.01,77552.32,1777103571000
1777103573.803,173.803,0.65,0.66,0.34,0.35,0.01,0.01,77552.32,1777103571000
1777103574.21,174.21,0.65,0.66,0.34,0.35,0.01,0.01,77552.39,1777103572000
1777103574.558,174.558,0.65,0.66,0.34,0.35,0.01,0.01,77552.39,1777103572000
1777103574.916,174.916,0.65,0.66,0.34,0.35,0.01,0.01,77552.5,1777103573000
1777103575.423,175.423,0.65,0.66,0.34,0.35,0.01,0.01,77552.5,1777103573000
1777103575.769,175.769,0.65,0.67,0.33,0.35,0.02,0.02,77552.39,1777103574000
1777103576.107,176.107,0.66,0.67,0.33,0.34,0.01,0.01,77552.39,1777103574000
1777103577.122,177.122,0.66,0.67,0.33,0.34,0.01,0.01,77552.5,1777103576000
1777103577.95,177.95,0.66,0.67,0.33,0.34,0.01,0.01,77552.5,1777103576000
1777103578.508,178.508,0.66,0.67,0.33,0.34,0.01,0.01,77552.5,1777103576000
1777103578.847,178.847,0.66,0.67,0.33,0.34,0.01,0.01,77554.05,1777103577000
1777103579.22,179.22,0.66,0.67,0.33,0.34,0.01,0.01,77554.05,1777103578000
1777103579.793,179.793,0.66,0.67,0.33,0.34,0.01,0.01,77554.05,1777103578000
1777103580.469,180.469,0.67,0.68,0.33,0.34,0.01,0.01,77554.05,1777103578000
1777103580.915,180.915,0.67,0.68,0.32,0.33,0.01,0.01,77554.22,1777103579000
1777103581.261,181.261,0.68,0.7,0.31,0.33,0.02,0.02,77554.22,1777103579000
1777103581.983,181.983,0.71,0.72,0.29,0.3,0.01,0.01,77554.22,1777103580000
1777103582.716,182.716,0.71,0.72,0.28,0.29,0.01,0.01,77554.22,1777103580000
1777103583.096,183.096,0.71,0.72,0.28,0.29,0.01,0.01,77554.18,1777103581000
1777103583.697,183.697,0.71,0.72,0.28,0.29,0.01,0.01,77554.18,1777103582000
1777103584.053,184.053,0.71,0.72,0.28,0.29,0.01,0.01,77554.18,1777103582000
1777103584.39,184.39,0.71,0.72,0.28,0.29,0.01,0.01,77552.55,1777103583000
1777103584.796,184.796,0.71,0.72,0.28,0.29,0.01,0.01,77552.55,1777103583000
1777103585.593,185.593,0.71,0.72,0.28,0.29,0.01,0.01,77552.55,1777103583000
1777103585.962,185.962,0.71,0.72,0.28,0.29,0.01,0.01,77552.55,1777103584000
1777103586.399,186.399,0.71,0.73,0.28,0.29,0.02,0.01,77552.55,1777103584000
1777103586.926,186.926,0.72,0.73,0.27,0.29,0.01,0.02,77552.55,1777103585000
1777103587.269,187.269,0.72,0.73,0.27,0.28,0.01,0.01,77554.47,1777103586000
1777103587.696,187.696,0.73,0.74,0.26,0.28,0.01,0.02,77554.47,1777103586000
1777103588.437,188.437,0.73,0.74,0.26,0.27,0.01,0.01,77554.47,1777103586000
1777103589.009,189.009,0.73,0.75,0.26,0.27,0.02,0.01,77554.47,1777103586000
1777103589.451,189.451,0.74,0.75,0.25,0.26,0.01,0.01,77554.48,1777103587000
1777103589.856,189.856,0.74,0.75,0.25,0.26,0.01,0.01,77552.49,1777103588000
1777103590.884,190.884,0.74,0.75,0.25,0.26,0.01,0.01,77552.49,1777103588000
1777103591.364,191.364,0.74,0.75,0.25,0.26,0.01,0.01,77552.49,1777103589000
1777103591.856,191.856,0.74,0.75,0.25,0.26,0.01,0.01,77552.33,1777103590000
1777103592.746,192.746,0.74,0.75,0.25,0.26,0.01,0.01,77554.48,1777103591000
1777103593.085,193.085,0.74,0.75,0.25,0.26,0.01,0.01,77554.48,1777103592000
1777103594.152,194.152,0.74,0.75,0.25,0.26,0.01,0.01,77554.48,1777103592000
1777103594.722,194.722,0.74,0.76,0.25,0.26,0.02,0.01,77554.49,1777103593000
1777103595.644,195.644,0.75,0.76,0.24,0.25,0.01,0.01,77554.46,1777103594000
1777103596.273,196.273,0.75,0.76,0.24,0.25,0.01,0.01,77554.47,1777103595000
1777103596.89,196.89,0.75,0.76,0.24,0.25,0.01,0.01,77554.47,1777103596000
1777103597.777,197.777,0.75,0.76,0.24,0.25,0.01,0.01,77554.47,1777103596000
1777103598.312,198.312,0.75,0.78,0.24,0.25,0.03,0.01,77554.49,1777103597000
1777103598.661,198.661,0.75,0.77,0.24,0.25,0.02,0.01,77554.49,1777103597000
1777103599.046,199.046,0.75,0.77,0.23,0.25,0.02,0.02,77554.49,1777103598000
1777103599.508,199.508,0.76,0.77,0.23,0.24,0.01,0.01,77554.49,1777103598000
1777103600.006,200.006,0.76,0.77,0.23,0.24,0.01,0.01,77554.49,1777103599000
1777103600.476,200.476,0.77,0.78,0.22,0.23,0.01,0.01,77554.49,1777103599000
1777103600.886,200.886,0.77,0.78,0.22,0.23,0.01,0.01,77554.49,1777103599000
1777103602.044,202.044,0.77,0.78,0.22,0.23,0.01,0.01,77552.43,1777103601000
1777103602.411,202.411,0.77,0.78,0.22,0.23,0.01,0.01,77552.43,1777103601000
1777103603.106,203.106,0.76,0.78,0.22,0.24,0.02,0.02,77554.46,1777103602000
1777103603.841,203.841,0.76,0.77,0.22,0.24,0.01,0.02,77554.46,1777103602000
1777103604.227,204.227,0.76,0.77,0.23,0.24,0.01,0.01,77554.46,1777103602000
1777103604.693,204.693,0.76,0.77,0.23,0.24,0.01,0.01,77554.46,1777103602000
1777103605.281,205.281,0.76,0.77,0.23,0.24,0.01,0.01,77554.42,1777103603000
1777103605.825,205.825,0.76,0.77,0.23,0.24,0.01,0.01,77554.41,1777103604000
1777103606.159,206.159,0.76,0.77,0.23,0.24,0.01,0.01,77554.41,1777103604000
1777103606.533,206.533,0.76,0.77,0.23,0.24,0.01,0.01,77554.41,1777103605000
1777103606.9,206.9,0.75,0.77,0.23,0.24,0.02,0.01,77554.41,1777103605000
1777103607.41,207.41,0.75,0.76,0.24,0.25,0.01,0.01,77554.41,1777103606000
1777103608.154,208.154,0.75,0.76,0.24,0.25,0.01,0.01,77554.41,1777103607000
1777103608.637,208.637,0.75,0.76,0.24,0.25,0.01,0.01,77554.41,1777103607000
1777103609.307,209.307,0.75,0.77,0.23,0.25,0.02,0.02,77554.42,1777103608000
1777103610.441,210.441,0.76,0.77,0.23,0.24,0.01,0.01,77554.42,1777103609000
1777103610.82,210.82,0.76,0.77,0.23,0.24,0.01,0.01,77554.42,1777103609000
1777103611.359,211.359,0.77,0.78,0.23,0.24,0.01,0.01,77554.43,1777103610000
1777103611.85,211.85,0.77,0.78,0.22,0.23,0.01,0.01,77554.43,1777103610000
1777103612.201,212.201,0.77,0.78,0.22,0.23,0.01,0.01,77554.43,1777103611000
1777103612.737,212.737,0.77,0.79,0.22,0.23,0.02,0.01,77554.43,1777103611000
1777103613.075,213.075,0.78,0.79,0.21,0.23,0.01,0.02,77554.43,1777103611000
1777103613.608,213.608,0.78,0.79,0.21,0.22,0.01,0.01,77551.96,1777103612000
1777103614.267,214.267,0.78,0.79,0.21,0.22,0.01,0.01,77551.96,1777103612000
1777103614.604,214.604,0.78,0.79,0.21,0.22,0.01,0.01,77554.47,1777103613000
1777103615.153,215.153,0.78,0.79,0.21,0.22,0.01,0.01,77554.48,1777103614000
1777103616.351,216.351,0.78,0.79,0.21,0.22,0.01,0.01,77554.46,1777103615000
1777103617.193,217.193,0.78,0.79,0.21,0.22,0.01,0.01,77554.46,1777103615000
1777103617.705,217.705,0.78,0.79,0.21,0.22,0.01,0.01,77554.41,1777103616000
1777103618.484,218.484,0.78,0.79,0.21,0.22,0.01,0.01,77554.4,1777103617000
1777103618.952,218.952,0.78,0.79,0.21,0.22,0.01,0.01,77554.4,1777103617000
1777103619.79,219.79,0.78,0.79,0.2,0.22,0.01,0.02,77554.41,1777103618000
1777103620.209,220.209,0.78,0.79,0.21,0.22,0.01,0.01,77554.41,1777103618000
1777103620.967,220.967,0.79,0.8,0.2,0.22,0.01,0.02,77554.41,1777103619000
1777103621.371,221.371,0.79,0.8,0.2,0.21,0.01,0.01,77554.41,1777103619000
1777103621.89,221.89,0.79,0.8,0.2,0.21,0.01,0.01,77554.45,1777103620000
1777103622.226,222.226,0.8,0.81,0.2,0.21,0.01,0.01,77554.45,1777103621000
1777103622.982,222.982,0.8,0.81,0.19,0.2,0.01,0.01,77554.45,1777103622000
1777103623.349,223.349,0.8,0.81,0.19,0.2,0.01,0.01,77554.45,1777103622000
1777103623.843,223.843,0.8,0.81,0.19,0.2,0.01,0.01,77554.45,1777103622000
1777103624.213,224.213,0.8,0.81,0.19,0.2,0.01,0.01,77554.45,1777103623000
1777103624.788,224.788,0.8,0.81,0.19,0.2,0.01,0.01,77554.45,1777103623000
1777103625.623,225.623,0.8,0.81,0.19,0.2,0.01,0.01,77554.46,1777103624000
1777103625.959,225.959,0.8,0.81,0.19,0.2,0.01,0.01,77554.46,1777103624000
1777103626.383,226.383,0.8,0.81,0.19,0.2,0.01,0.01,77554.46,1777103625000
1777103626.748,226.748,0.8,0.82,0.19,0.2,0.02,0.01,77554.46,1777103625000
1777103627.294,227.294,0.8,0.82,0.17,0.2,0.02,0.03,77554.46,1777103625000
1777103627.665,227.665,0.81,0.82,0.18,0.19,0.01,0.01,77554.45,1777103626000
1777103628.02,228.02,0.81,0.82,0.18,0.19,0.01,0.01,77554.45,1777103626000
1777103628.428,228.428,0.82,0.83,0.17,0.18,0.01,0.01,77554.46,1777103627000
1777103629.008,229.008,0.82,0.83,0.17,0.18,0.01,0.01,77554.46,1777103627000
1777103629.399,229.399,0.82,0.84,0.17,0.18,0.02,0.01,77554.46,1777103627000
1777103630.109,230.109,0.82,0.84,0.16,0.18,0.02,0.02,77552.22,1777103629000
1777103630.677,230.677,0.82,0.84,0.16,0.18,0.02,0.02,77552.22,1777103629000
1777103631.149,231.149,0.82,0.84,0.16,0.18,0.02,0.02,77554.45,1777103630000
1777103631.739,231.739,0.83,0.84,0.16,0.17,0.01,0.01,77554.45,1777103630000
1777103632.279,232.279,0.83,0.84,0.16,0.17,0.01,0.01,77554.45,1777103630000
1777103632.65,232.65,0.83,0.84,0.16,0.17,0.01,0.01,77552.21,1777103631000
1777103633.063,233.063,0.83,0.84,0.16,0.17,0.01,0.01,77552.21,1777103631000
1777103633.412,233.412,0.83,0.84,0.16,0.17,0.01,0.01,77552.21,1777103631000
1777103634.001,234.001,0.83,0.84,0.16,0.17,0.01,0.01,77554.45,1777103632000
1777103634.437,234.437,0.82,0.83,0.17,0.18,0.01,0.01,77554.45,1777103632000
1777103634.779,234.779,0.82,0.83,0.17,0.18,0.01,0.01,77554.45,1777103632000
1777103635.154,235.154,0.83,0.84,0.16,0.17,0.01,0.01,77554.45,1777103633000
1777103635.516,235.516,0.83,0.84,0.16,0.17,0.01,0.01,77554.45,1777103634000
1777103636.155,236.155,0.83,0.84,0.16,0.17,0.01,0.01,77554.45,1777103634000
1777103636.607,236.607,0.83,0.84,0.16,0.17,0.01,0.01,77552.21,1777103635000
1777103637.967,237.967,0.83,0.84,0.16,0.17,0.01,0.01,77552.21,1777103636000
1777103638.329,238.329,0.83,0.84,0.16,0.17,0.01,0.01,77554.45,1777103637000
1777103639.061,239.061,0.84,0.85,0.15,0.17,0.01,0.02,77554.45,1777103637000
1777103639.543,239.543,0.84,0.85,0.15,0.16,0.01,0.01,77554.41,1777103638000
1777103639.95,239.95,0.84,0.85,0.15,0.16,0.01,0.01,77552.07,1777103639000
1777103640.376,240.376,0.84,0.85,0.15,0.16,0.01,0.01,77552.07,1777103639000
1777103640.743,240.743,0.84,0.85,0.15,0.16,0.01,0.01,77552.07,1777103639000
1777103641.118,241.118,0.84,0.85,0.15,0.16,0.01,0.01,77554.4,1777103640000
1777103641.629,241.629,0.83,0.85,0.15,0.17,0.02,0.02,77554.4,1777103640000
1777103642.093,242.093,0.83,0.84,0.15,0.17,0.01,0.02,77554.4,1777103640000
1777103642.495,242.495,0.83,0.84,0.16,0.17,0.01,0.01,77554.34,1777103641000
1777103643.388,243.388,0.83,0.84,0.16,0.17,0.01,0.01,77554.35,1777103642000
1777103643.914,243.914,0.83,0.84,0.16,0.17,0.01,0.01,77554.35,1777103642000
1777103644.326,244.326,0.84,0.85,0.15,0.16,0.01,0.01,77554.27,1777103643000
1777103644.698,244.698,0.83,0.85,0.15,0.17,0.02,0.02,77554.27,1777103643000
1777103645.08,245.08,0.84,0.86,0.13,0.16,0.02,0.03,77554.27,1777103643000
1777103645.416,245.416,0.84,0.87,0.13,0.16,0.03,0.03,77554.28,1777103644000
1777103645.833,245.833,0.83,0.85,0.15,0.17,0.02,0.02,77554.28,1777103644000
1777103646.282,246.282,0.84,0.85,0.15,0.16,0.01,0.01,77554.28,1777103644000
1777103646.781,246.781,0.84,0.85,0.15,0.16,0.01,0.01,77554.28,1777103645000
1777103647.124,247.124,0.84,0.88,0.13,0.16,0.04,0.03,77554.28,1777103645000
1777103647.716,247.716,0.85,0.86,0.14,0.15,0.01,0.01,77552.19,1777103646000
1777103648.13,248.13,0.85,0.88,0.12,0.15,0.03,0.03,77554.29,1777103647000
1777103648.522,248.522,0.86,0.87,0.12,0.15,0.01,0.03,77554.29,1777103647000
1777103649.006,249.006,0.86,0.87,0.13,0.14,0.01,0.01,77554.29,1777103648000
1777103649.563,249.563,0.87,0.88,0.13,0.14,0.01,0.01,77554.29,1777103648000
1777103650.061,250.061,0.87,0.88,0.12,0.13,0.01,0.01,77554.29,1777103648000
1777103650.401,250.401,0.87,0.88,0.12,0.13,0.01,0.01,77554.07,1777103649000
1777103650.828,250.828,0.87,0.89,0.12,0.13,0.02,0.01,77554.07,1777103649000
1777103651.194,251.194,0.89,0.9,0.1,0.11,0.01,0.01,77554.07,1777103649000
1777103651.637,251.637,0.89,0.9,0.1,0.11,0.01,0.01,77554.07,1777103650000
1777103652.012,252.012,0.89,0.9,0.1,0.11,0.01,0.01,77554.08,1777103651000
1777103652.373,252.373,0.9,0.91,0.09,0.11,0.01,0.02,77554.08,1777103651000
1777103652.847,252.847,0.9,0.91,0.09,0.1,0.01,0.01,77554.08,1777103651000
1777103653.214,253.214,0.9,0.91,0.09,0.1,0.01,0.01,77554.08,1777103651000
1777103653.568,253.568,0.9,0.91,0.09,0.1,0.01,0.01,77552.95,1777103652000
1777103653.914,253.914,0.9,0.91,0.09,0.1,0.01,0.01,77552.95,1777103652000
1777103654.251,254.251,0.9,0.91,0.09,0.1,0.01,0.01,77552.95,1777103652000
1777103654.588,254.588,0.9,0.91,0.09,0.1,0.01,0.01,77552.93,1777103653000
1777103654.972,254.972,0.9,0.91,0.09,0.1,0.01,0.01,77552.93,1777103653000
1777103655.312,255.312,0.9,0.91,0.09,0.1,0.01,0.01,77552.93,1777103654000
1777103655.711,255.711,0.9,0.91,0.09,0.1,0.01,0.01,77552.93,1777103654000
1777103656.045,256.045,0.9,0.91,0.09,0.1,0.01,0.01,77552.93,1777103654000
1777103656.475,256.475,0.92,0.93,0.07,0.08,0.01,0.01,77553.67,1777103655000
1777103656.903,256.903,0.92,0.93,0.07,0.08,0.01,0.01,77553.67,1777103655000
1777103657.283,257.283,0.92,0.93,0.07,0.08,0.01,0.01,77553.7,1777103656000
1777103657.634,257.634,0.95,0.96,0.04,0.08,0.01,0.04,77553.7,1777103656000
1777103657.989,257.989,0.95,0.96,0.04,0.05,0.01,0.01,77553.7,1777103656000
1777103658.374,258.374,0.95,0.96,0.04,0.05,0.01,0.01,77553.86,1777103657000
1777103658.747,258.747,0.95,0.96,0.04,0.05,0.01,0.01,77553.86,1777103657000
1777103659.096,259.096,0.95,0.96,0.04,0.05,0.01,0.01,77553.93,1777103658000
1777103659.52,259.52,0.94,0.96,0.04,0.05,0.02,0.01,77553.93,1777103658000
1777103659.868,259.868,0.95,0.96,0.04,0.05,0.01,0.01,77553.93,1777103658000
1777103660.276,260.276,0.95,0.96,0.03,0.07,0.01,0.04,77552.54,1777103659000
1777103660.783,260.783,0.95,0.96,0.04,0.05,0.01,0.01,77552.54,1777103659000
1777103661.308,261.308,0.95,0.97,0.03,0.05,0.02,0.02,77553.99,1777103660000
1777103661.755,261.755,0.94,0.96,0.04,0.05,0.02,0.01,77553.99,1777103660000
1777103662.11,262.11,0.93,0.94,0.06,0.07,0.01,0.01,77553.99,1777103660000
1777103662.557,262.557,0.93,0.94,0.06,0.07,0.01,0.01,77554.0,1777103661000
1777103662.977,262.977,0.89,0.94,0.06,0.07,0.05,0.01,77554.0,1777103661000
1777103663.367,263.367,0.89,0.9,0.1,0.11,0.01,0.01,77554.0,1777103661000
1777103663.708,263.708,0.89,0.94,0.1,0.11,0.05,0.01,77554.0,1777103661000
1777103664.069,264.069,0.9,0.91,0.09,0.1,0.01,0.01,77554.24,1777103663000
1777103664.669,264.669,0.91,0.92,0.09,0.1,0.01,0.01,77554.24,1777103663000
1777103665.227,265.227,0.91,0.92,0.08,0.09,0.01,0.01,77554.24,1777103663000
1777103665.585,265.585,0.91,0.92,0.08,0.09,0.01,0.01,77554.24,1777103663000
1777103666.194,266.194,0.91,0.92,0.07,0.09,0.01,0.02,77554.24,1777103664000
1777103666.571,266.571,0.92,0.93,0.06,0.09,0.01,0.03,77554.21,1777103665000
1777103667.224,267.224,0.91,0.92,0.08,0.09,0.01,0.01,77554.24,1777103666000
1777103668.229,268.229,0.91,0.92,0.08,0.09,0.01,0.01,77554.28,1777103667000
1777103669.018,269.018,0.91,0.97,0.08,0.09,0.06,0.01,77554.28,1777103667000
1777103669.495,269.495,0.94,0.95,0.05,0.06,0.01,0.01,77554.31,1777103668000
1777103669.858,269.858,0.96,0.97,0.03,0.04,0.01,0.01,77554.31,1777103668000
1777103670.277,270.277,0.96,0.97,0.03,0.04,0.01,0.01,77554.3,1777103669000
1777103670.752,270.752,0.96,0.97,0.03,0.04,0.01,0.01,77554.3,1777103669000
1777103671.09,271.09,0.93,0.94,0.06,0.08,0.01,0.02,77554.3,1777103669000
1777103671.424,271.424,0.92,0.93,0.07,0.08,0.01,0.01,77554.3,1777103670000
1777103671.855,271.855,0.92,0.93,0.06,0.08,0.01,0.02,77554.3,1777103670000
1777103672.258,272.258,0.94,0.95,0.05,0.07,0.01,0.02,77554.3,1777103670000
1777103672.598,272.598,0.94,0.95,0.05,0.06,0.01,0.01,77554.31,1777103671000
1777103672.934,272.934,0.94,0.95,0.05,0.06,0.01,0.01,77554.31,1777103671000
1777103673.388,273.388,0.94,0.95,0.05,0.06,0.01,0.01,77554.23,1777103672000
1777103673.968,273.968,0.94,0.95,0.05,0.06,0.01,0.01,77554.29,1777103673000
1777103674.358,274.358,0.94,0.96,0.05,0.06,0.02,0.01,77554.29,1777103673000
1777103674.822,274.822,0.94,0.95,0.05,0.06,0.01,0.01,77554.29,1777103673000
1777103675.272,275.272,0.94,0.95,0.05,0.08,0.01,0.03,77554.67,1777103674000
1777103675.802,275.802,0.95,0.96,0.04,0.05,0.01,0.01,77554.67,1777103674000
1777103676.298,276.298,0.95,0.96,0.04,0.05,0.01,0.01,77554.67,1777103675000
1777103676.637,276.637,0.96,0.97,0.03,0.04,0.01,0.01,77554.67,1777103675000
1777103676.986,276.986,0.96,0.97,0.03,0.04,0.01,0.01,77554.67,1777103676000
1777103677.5,277.5,0.94,0.97,0.03,0.04,0.03,0.01,77554.67,1777103676000
1777103678.137,278.137,0.96,0.98,0.03,0.04,0.02,0.01,77554.67,1777103676000
1777103678.525,278.525,0.97,0.98,0.02,0.04,0.01,0.02,77554.67,1777103676000
1777103678.894,278.894,0.97,0.98,0.02,0.03,0.01,0.01,77554.72,1777103677000
1777103679.233,279.233,0.97,0.98,0.02,0.03,0.01,0.01,77554.72,1777103677000
1777103679.669,279.669,0.97,0.98,0.02,0.03,0.01,0.01,77555.62,1777103678000
1777103680.041,280.041,0.97,0.98,0.02,0.03,0.01,0.01,77555.62,1777103678000
1777103680.56,280.56,0.97,0.98,0.02,0.03,0.01,0.01,77557.51,1777103679000
1777103681.035,281.035,0.97,0.98,0.02,0.03,0.01,0.01,77557.51,1777103679000
1777103681.389,281.389,0.97,0.98,0.02,0.03,0.01,0.01,77557.5,1777103680000
1777103682.008,282.008,0.97,0.98,0.02,0.03,0.01,0.01,77557.5,1777103680000
1777103682.454,282.454,0.97,0.98,0.02,0.03,0.01,0.01,77557.5,1777103681000
1777103682.939,282.939,0.97,0.98,0.02,0.03,0.01,0.01,77557.5,1777103681000
1777103683.447,283.447,0.97,0.98,0.02,0.03,0.01,0.01,77557.5,1777103682000
1777103683.909,283.909,0.97,0.98,0.02,0.03,0.01,0.01,77557.5,1777103682000
1777103684.382,284.382,0.97,0.98,0.02,0.03,0.01,0.01,77557.55,1777103683000
1777103684.853,284.853,0.97,0.98,0.02,0.03,0.01,0.01,77557.55,1777103683000
1777103685.299,285.299,0.97,0.98,0.02,0.03,0.01,0.01,77557.54,1777103684000
1777103685.647,285.647,0.97,0.98,0.02,0.04,0.01,0.02,77557.54,1777103684000
1777103686.041,286.041,0.97,0.98,0.02,0.03,0.01,0.01,77557.54,1777103684000
1777103686.427,286.427,0.97,0.98,0.02,0.03,0.01,0.01,77557.52,1777103685000
1777103686.794,286.794,0.97,0.98,0.02,0.03,0.01,0.01,77557.52,1777103685000
1777103687.177,287.177,0.97,0.99,0.02,0.03,0.02,0.01,77557.52,1777103685000
1777103687.609,287.609,0.98,0.99,0.01,0.02,0.01,0.01,77557.54,1777103686000
1777103688.166,288.166,0.98,0.99,0.01,0.02,0.01,0.01,77557.54,1777103687000
1777103688.52,288.52,0.98,0.99,0.01,0.02,0.01,0.01,77557.54,1777103687000
1777103688.911,288.911,0.98,0.99,0.01,0.02,0.01,0.01,77557.54,1777103687000
1777103689.246,289.246,0.98,0.99,0.01,0.02,0.01,0.01,77557.51,1777103688000
1777103689.67,289.67,0.98,0.99,0.01,0.02,0.01,0.01,77557.51,1777103688000
1777103690.335,290.335,0.98,0.99,0.01,0.02,0.01,0.01,77557.51,1777103689000
1777103690.724,290.724,0.98,0.99,0.01,0.02,0.01,0.01,77557.51,1777103689000
1777103691.118,291.118,0.98,0.99,0.01,0.02,0.01,0.01,77557.51,1777103689000
1777103691.52,291.52,0.98,0.99,0.01,0.02,0.01,0.01,77557.68,1777103690000
1777103691.903,291.903,0.98,0.99,0.01,0.02,0.01,0.01,77557.68,1777103690000
1777103692.309,292.309,0.98,0.99,0.01,0.02,0.01,0.01,77557.68,1777103691000
1777103692.662,292.662,0.98,0.99,0.01,0.02,0.01,0.01,77557.68,1777103691000
1777103693.386,293.386,0.98,0.99,0.01,0.02,0.01,0.01,77557.68,1777103692000
1777103693.84,293.84,0.98,0.99,0.01,0.02,0.01,0.01,77557.68,1777103692000
1777103694.202,294.202,0.98,0.99,0.01,0.02,0.01,0.01,77557.68,1777103692000
1777103694.874,294.874,0.99,0.99,0.01,0.02,0.0,0.01,77556.05,1777103693000
1777103695.223,295.223,0.99,0.99,0.01,0.01,0.0,0.0,77556.05,1777103693000
1777103695.636,295.636,0.99,0.99,0.01,0.01,0.0,0.0,77557.69,1777103694000
1777103696.318,296.318,0.99,0.99,0.01,0.01,0.0,0.0,77557.69,1777103694000
1777103696.682,296.682,0.99,0.99,0.01,0.01,0.0,0.0,77557.69,1777103695000
1777103697.175,297.175,0.99,0.99,0.01,0.01,0.0,0.0,77557.69,1777103695000
1777103698.414,298.414,0.99,0.99,0.01,0.01,0.0,0.0,77557.7,1777103697000
1777103699.341,299.341,0.99,0.99,0.01,0.01,0.0,0.0,77556.02,1777103698000
1777103700.365,300.365,0.99,0.99,0.01,0.01,0.0,0.0,77557.74,1777103699000
1777103700.745,300.745,0.99,0.99,0.01,0.01,0.0,0.0,77557.74,1777103699000
1777103701.283,301.283,0.99,0.99,0.01,0.01,0.0,0.0,77557.79,1777103700000
1777103702.229,302.229,0.99,0.99,0.01,0.01,0.0,0.0,77557.78,1777103701000

# RESULT,winner=Up,slug=btc-updown-5m-1777103400,ticks=579
