timestamp,elapsed_sec,up_bid,up_ask,down_bid,down_ask,up_spread,down_spread,btc_price,btc_oracle_ts
1776727200.7,0.7,0.54,0.55,0.45,0.46,0.01,0.01,75740.32,1776727199000
1776727201.098,1.098,0.54,0.55,0.45,0.46,0.01,0.01,75740.32,1776727199000
1776727201.479,1.479,0.54,0.55,0.45,0.46,0.01,0.01,75740.32,1776727199000
1776727201.83,1.83,0.54,0.55,0.45,0.46,0.01,0.01,75740.32,1776727199000
1776727202.287,2.287,0.54,0.55,0.45,0.46,0.01,0.01,75738.32,1776727200000
1776727202.63,2.63,0.54,0.55,0.45,0.46,0.01,0.01,75739.14,1776727201000
1776727202.987,2.987,0.54,0.55,0.45,0.46,0.01,0.01,75739.14,1776727202000
1776727203.85,3.85,0.54,0.55,0.45,0.46,0.01,0.01,75739.14,1776727202000
1776727205.142,5.142,0.54,0.58,0.42,0.46,0.04,0.04,75739.86,1776727204000
1776727205.484,5.484,0.55,0.56,0.44,0.45,0.01,0.01,75739.86,1776727204000
1776727205.825,5.825,0.55,0.56,0.44,0.45,0.01,0.01,75739.86,1776727204000
1776727206.43,6.43,0.55,0.56,0.44,0.45,0.01,0.01,75739.79,1776727205000
1776727206.83,6.83,0.54,0.56,0.44,0.45,0.02,0.01,75739.79,1776727205000
1776727207.293,7.293,0.54,0.55,0.44,0.46,0.01,0.02,75739.79,1776727205000
1776727207.718,7.718,0.54,0.55,0.45,0.46,0.01,0.01,75737.88,1776727206000
1776727208.109,8.109,0.54,0.55,0.45,0.46,0.01,0.01,75737.95,1776727207000
1776727208.834,8.834,0.54,0.55,0.45,0.46,0.01,0.01,75737.95,1776727207000
1776727209.208,9.208,0.54,0.55,0.45,0.46,0.01,0.01,75739.72,1776727208000
1776727210.1,10.1,0.54,0.55,0.45,0.46,0.01,0.01,75739.72,1776727208000
1776727210.533,10.533,0.53,0.54,0.46,0.47,0.01,0.01,75739.16,1776727209000
1776727211.013,11.013,0.53,0.54,0.46,0.47,0.01,0.01,75739.16,1776727209000
1776727211.725,11.725,0.53,0.54,0.46,0.47,0.01,0.01,75736.54,1776727210000
1776727212.106,12.106,0.53,0.54,0.46,0.48,0.01,0.02,75736.54,1776727210000
1776727212.612,12.612,0.52,0.53,0.46,0.48,0.01,0.02,75739.42,1776727211000
1776727213.032,13.032,0.52,0.53,0.47,0.48,0.01,0.01,75739.42,1776727211000
1776727213.375,13.375,0.52,0.53,0.47,0.48,0.01,0.01,75739.43,1776727212000
1776727213.876,13.876,0.52,0.53,0.47,0.48,0.01,0.01,75739.43,1776727212000
1776727214.217,14.217,0.52,0.53,0.47,0.48,0.01,0.01,75739.43,1776727212000
1776727214.688,14.688,0.52,0.53,0.47,0.48,0.01,0.01,75739.02,1776727213000
1776727215.15,15.15,0.52,0.53,0.47,0.48,0.01,0.01,75739.02,1776727214000
1776727215.485,15.485,0.54,0.57,0.43,0.46,0.03,0.03,75739.02,1776727214000
1776727215.837,15.837,0.58,0.59,0.41,0.43,0.01,0.02,75739.02,1776727214000
1776727216.177,16.177,0.58,0.59,0.41,0.42,0.01,0.01,75739.02,1776727214000
1776727216.542,16.542,0.58,0.59,0.41,0.42,0.01,0.01,75738.85,1776727215000
1776727216.883,16.883,0.58,0.59,0.41,0.42,0.01,0.01,75738.85,1776727215000
1776727217.346,17.346,0.58,0.59,0.41,0.42,0.01,0.01,75739.38,1776727216000
1776727218.112,18.112,0.58,0.59,0.41,0.42,0.01,0.01,75745.24,1776727217000
1776727218.511,18.511,0.58,0.59,0.41,0.42,0.01,0.01,75745.24,1776727217000
1776727218.903,18.903,0.58,0.59,0.41,0.42,0.01,0.01,75745.24,1776727217000
1776727219.395,19.395,0.58,0.59,0.41,0.42,0.01,0.01,75747.35,1776727218000
1776727219.776,19.776,0.58,0.6,0.4,0.42,0.02,0.02,75747.35,1776727218000
1776727220.314,20.314,0.59,0.6,0.4,0.41,0.01,0.01,75746.46,1776727219000
1776727220.833,20.833,0.6,0.61,0.39,0.4,0.01,0.01,75746.46,1776727219000
1776727221.218,21.218,0.6,0.61,0.39,0.4,0.01,0.01,75746.46,1776727219000
1776727221.763,21.763,0.6,0.61,0.39,0.4,0.01,0.01,75747.09,1776727220000
1776727222.099,22.099,0.6,0.61,0.39,0.4,0.01,0.01,75747.09,1776727220000
1776727222.766,22.766,0.6,0.61,0.39,0.4,0.01,0.01,75747.03,1776727221000
1776727223.104,23.104,0.6,0.61,0.39,0.4,0.01,0.01,75747.03,1776727221000
1776727223.487,23.487,0.6,0.61,0.39,0.4,0.01,0.01,75746.93,1776727222000
1776727223.908,23.908,0.6,0.61,0.39,0.4,0.01,0.01,75746.93,1776727222000
1776727224.306,24.306,0.6,0.61,0.39,0.4,0.01,0.01,75746.93,1776727222000
1776727224.677,24.677,0.6,0.61,0.39,0.4,0.01,0.01,75746.88,1776727223000
1776727225.079,25.079,0.6,0.61,0.39,0.4,0.01,0.01,75746.88,1776727223000
1776727225.622,25.622,0.6,0.61,0.39,0.4,0.01,0.01,75747.13,1776727224000
1776727226.237,26.237,0.6,0.61,0.39,0.4,0.01,0.01,75747.13,1776727225000
1776727226.796,26.796,0.59,0.6,0.4,0.41,0.01,0.01,75747.13,1776727225000
1776727227.19,27.19,0.6,0.61,0.39,0.4,0.01,0.01,75747.13,1776727225000
1776727227.661,27.661,0.6,0.61,0.39,0.4,0.01,0.01,75747.13,1776727226000
1776727228.148,28.148,0.6,0.61,0.39,0.4,0.01,0.01,75747.13,1776727226000
1776727228.482,28.482,0.6,0.61,0.39,0.4,0.01,0.01,75747.06,1776727227000
1776727228.897,28.897,0.6,0.61,0.39,0.4,0.01,0.01,75747.06,1776727227000
1776727229.245,29.245,0.6,0.61,0.39,0.4,0.01,0.01,75747.06,1776727228000
1776727229.667,29.667,0.6,0.61,0.39,0.4,0.01,0.01,75747.06,1776727228000
1776727230.066,30.066,0.6,0.61,0.39,0.4,0.01,0.01,75747.06,1776727228000
1776727230.424,30.424,0.6,0.61,0.39,0.4,0.01,0.01,75747.06,1776727228000
1776727230.86,30.86,0.61,0.62,0.38,0.39,0.01,0.01,75747.11,1776727229000
1776727231.232,31.232,0.61,0.62,0.38,0.39,0.01,0.01,75750.67,1776727230000
1776727231.578,31.578,0.61,0.63,0.38,0.39,0.02,0.01,75750.67,1776727230000
1776727232.112,32.112,0.62,0.63,0.37,0.38,0.01,0.01,75750.67,1776727230000
1776727232.52,32.52,0.62,0.63,0.37,0.38,0.01,0.01,75752.49,1776727231000
1776727232.887,32.887,0.62,0.63,0.37,0.38,0.01,0.01,75752.49,1776727231000
1776727233.308,33.308,0.62,0.63,0.37,0.38,0.01,0.01,75752.49,1776727231000
1776727233.715,33.715,0.62,0.63,0.37,0.38,0.01,0.01,75753.41,1776727232000
1776727234.155,34.155,0.62,0.63,0.37,0.38,0.01,0.01,75753.41,1776727232000
1776727234.67,34.67,0.62,0.63,0.37,0.38,0.01,0.01,75754.28,1776727233000
1776727235.043,35.043,0.62,0.63,0.37,0.38,0.01,0.01,75753.42,1776727234000
1776727235.436,35.436,0.62,0.63,0.37,0.38,0.01,0.01,75753.42,1776727234000
1776727235.777,35.777,0.62,0.63,0.37,0.38,0.01,0.01,75753.42,1776727234000
1776727236.171,36.171,0.61,0.63,0.37,0.38,0.02,0.01,75753.35,1776727235000
1776727236.516,36.516,0.61,0.62,0.38,0.39,0.01,0.01,75753.35,1776727235000
1776727237.153,37.153,0.61,0.62,0.38,0.39,0.01,0.01,75753.3,1776727236000
1776727237.523,37.523,0.61,0.62,0.38,0.39,0.01,0.01,75753.3,1776727236000
1776727238.388,38.388,0.61,0.62,0.38,0.39,0.01,0.01,75753.3,1776727236000
1776727238.777,38.777,0.61,0.62,0.38,0.39,0.01,0.01,75753.41,1776727237000
1776727239.224,39.224,0.61,0.62,0.38,0.39,0.01,0.01,75753.75,1776727238000
1776727239.616,39.616,0.61,0.62,0.38,0.39,0.01,0.01,75753.75,1776727238000
1776727240.507,40.507,0.61,0.62,0.38,0.39,0.01,0.01,75753.75,1776727238000
1776727240.875,40.875,0.61,0.62,0.38,0.39,0.01,0.01,75754.14,1776727239000
1776727241.257,41.257,0.61,0.62,0.38,0.39,0.01,0.01,75754.14,1776727239000
1776727241.635,41.635,0.61,0.62,0.38,0.39,0.01,0.01,75753.85,1776727240000
1776727241.984,41.984,0.61,0.62,0.38,0.39,0.01,0.01,75753.85,1776727240000
1776727242.703,42.703,0.61,0.62,0.38,0.39,0.01,0.01,75753.91,1776727241000
1776727243.082,43.082,0.61,0.62,0.38,0.39,0.01,0.01,75753.91,1776727241000
1776727243.704,43.704,0.61,0.62,0.38,0.39,0.01,0.01,75753.33,1776727242000
1776727244.209,44.209,0.61,0.62,0.38,0.39,0.01,0.01,75753.49,1776727243000
1776727244.726,44.726,0.61,0.62,0.38,0.39,0.01,0.01,75753.49,1776727243000
1776727245.105,45.105,0.61,0.62,0.38,0.39,0.01,0.01,75753.49,1776727243000
1776727245.679,45.679,0.59,0.6,0.39,0.41,0.01,0.02,75754.29,1776727244000
1776727246.203,46.203,0.59,0.6,0.4,0.41,0.01,0.01,75754.29,1776727244000
1776727246.682,46.682,0.59,0.6,0.4,0.41,0.01,0.01,75754.3,1776727245000
1776727247.017,47.017,0.54,0.55,0.45,0.46,0.01,0.01,75752.39,1776727246000
1776727247.543,47.543,0.54,0.55,0.45,0.46,0.01,0.01,75752.39,1776727246000
1776727247.885,47.885,0.54,0.55,0.45,0.46,0.01,0.01,75750.04,1776727247000
1776727248.29,48.29,0.54,0.55,0.45,0.46,0.01,0.01,75750.04,1776727247000
1776727248.641,48.641,0.54,0.55,0.45,0.46,0.01,0.01,75750.04,1776727247000
1776727249.03,49.03,0.54,0.55,0.45,0.46,0.01,0.01,75750.04,1776727247000
1776727249.456,49.456,0.54,0.55,0.45,0.46,0.01,0.01,75745.57,1776727248000
1776727249.793,49.793,0.54,0.55,0.45,0.46,0.01,0.01,75745.57,1776727248000
1776727250.234,50.234,0.54,0.55,0.45,0.46,0.01,0.01,75745.57,1776727248000
1776727250.73,50.73,0.56,0.57,0.43,0.44,0.01,0.01,75744.42,1776727249000
1776727251.074,51.074,0.65,0.67,0.33,0.38,0.02,0.05,75744.42,1776727249000
1776727251.465,51.465,0.66,0.69,0.31,0.34,0.03,0.03,75744.42,1776727250000
1776727251.833,51.833,0.66,0.71,0.29,0.34,0.05,0.05,75744.42,1776727250000
1776727252.194,52.194,0.7,0.72,0.28,0.32,0.02,0.04,75744.42,1776727250000
1776727252.527,52.527,0.71,0.72,0.28,0.29,0.01,0.01,75757.75,1776727251000
1776727252.879,52.879,0.71,0.72,0.28,0.29,0.01,0.01,75757.75,1776727251000
1776727253.247,53.247,0.71,0.73,0.28,0.29,0.02,0.01,75757.75,1776727251000
1776727253.591,53.591,0.72,0.73,0.27,0.28,0.01,0.01,75768.32,1776727252000
1776727253.999,53.999,0.72,0.73,0.27,0.28,0.01,0.01,75769.01,1776727253000
1776727254.495,54.495,0.72,0.73,0.27,0.28,0.01,0.01,75769.01,1776727253000
1776727255.024,55.024,0.72,0.73,0.27,0.28,0.01,0.01,75769.01,1776727253000
1776727255.369,55.369,0.72,0.73,0.27,0.28,0.01,0.01,75769.01,1776727254000
1776727255.826,55.826,0.72,0.73,0.27,0.28,0.01,0.01,75769.01,1776727254000
1776727256.185,56.185,0.72,0.73,0.27,0.28,0.01,0.01,75769.01,1776727254000
1776727256.538,56.538,0.72,0.73,0.27,0.28,0.01,0.01,75769.01,1776727255000
1776727256.951,56.951,0.72,0.73,0.27,0.28,0.01,0.01,75769.01,1776727255000
1776727257.713,57.713,0.72,0.73,0.27,0.28,0.01,0.01,75769.83,1776727256000
1776727258.223,58.223,0.72,0.73,0.27,0.28,0.01,0.01,75769.91,1776727257000
1776727258.585,58.585,0.72,0.73,0.27,0.28,0.01,0.01,75769.91,1776727257000
1776727258.945,58.945,0.72,0.73,0.27,0.28,0.01,0.01,75769.91,1776727257000
1776727259.306,59.306,0.72,0.73,0.27,0.28,0.01,0.01,75769.91,1776727258000
1776727259.644,59.644,0.72,0.73,0.27,0.28,0.01,0.01,75769.91,1776727258000
1776727260.094,60.094,0.72,0.73,0.27,0.28,0.01,0.01,75769.91,1776727258000
1776727260.489,60.489,0.72,0.73,0.27,0.29,0.01,0.02,75769.91,1776727258000
1776727260.929,60.929,0.72,0.73,0.27,0.28,0.01,0.01,75770.06,1776727259000
1776727261.283,61.283,0.72,0.73,0.27,0.29,0.01,0.02,75770.06,1776727260000
1776727261.658,61.658,0.71,0.72,0.28,0.29,0.01,0.01,75770.06,1776727260000
1776727262.089,62.089,0.7,0.72,0.28,0.29,0.02,0.01,75770.06,1776727260000
1776727262.512,62.512,0.7,0.71,0.29,0.3,0.01,0.01,75770.07,1776727261000
1776727262.925,62.925,0.7,0.71,0.29,0.3,0.01,0.01,75771.2,1776727262000
1776727263.312,63.312,0.7,0.71,0.29,0.3,0.01,0.01,75771.2,1776727262000
1776727263.709,63.709,0.7,0.71,0.29,0.3,0.01,0.01,75771.2,1776727262000
1776727264.055,64.055,0.7,0.71,0.29,0.3,0.01,0.01,75771.45,1776727263000
1776727264.407,64.407,0.7,0.71,0.29,0.3,0.01,0.01,75771.45,1776727263000
1776727264.952,64.952,0.7,0.71,0.29,0.3,0.01,0.01,75771.45,1776727263000
1776727265.296,65.296,0.7,0.71,0.29,0.3,0.01,0.01,75772.82,1776727264000
1776727265.695,65.695,0.69,0.71,0.29,0.3,0.02,0.01,75772.82,1776727264000
1776727266.093,66.093,0.69,0.7,0.3,0.31,0.01,0.01,75772.82,1776727264000
1776727266.452,66.452,0.69,0.7,0.3,0.31,0.01,0.01,75772.97,1776727265000
1776727266.895,66.895,0.69,0.7,0.3,0.31,0.01,0.01,75772.97,1776727265000
1776727267.343,67.343,0.69,0.7,0.3,0.31,0.01,0.01,75773.02,1776727266000
1776727267.879,67.879,0.69,0.7,0.3,0.31,0.01,0.01,75773.02,1776727266000
1776727268.259,68.259,0.69,0.7,0.3,0.31,0.01,0.01,75773.12,1776727267000
1776727268.955,68.955,0.7,0.71,0.29,0.31,0.01,0.02,75773.12,1776727267000
1776727269.297,69.297,0.76,0.78,0.22,0.24,0.02,0.02,75772.72,1776727268000
1776727269.652,69.652,0.77,0.78,0.22,0.23,0.01,0.01,75772.72,1776727268000
1776727270.073,70.073,0.77,0.78,0.22,0.23,0.01,0.01,75772.72,1776727268000
1776727270.417,70.417,0.77,0.78,0.22,0.23,0.01,0.01,75773.12,1776727269000
1776727270.755,70.755,0.77,0.78,0.22,0.23,0.01,0.01,75773.12,1776727269000
1776727271.193,71.193,0.77,0.78,0.22,0.23,0.01,0.01,75773.97,1776727270000
1776727271.673,71.673,0.77,0.78,0.22,0.23,0.01,0.01,75773.97,1776727270000
1776727272.029,72.029,0.77,0.78,0.22,0.23,0.01,0.01,75779.32,1776727271000
1776727272.453,72.453,0.77,0.78,0.22,0.23,0.01,0.01,75779.32,1776727271000
1776727272.86,72.86,0.77,0.78,0.22,0.23,0.01,0.01,75779.32,1776727271000
1776727273.245,73.245,0.77,0.78,0.22,0.23,0.01,0.01,75779.35,1776727272000
1776727273.683,73.683,0.77,0.78,0.22,0.23,0.01,0.01,75779.35,1776727272000
1776727274.153,74.153,0.77,0.78,0.22,0.23,0.01,0.01,75779.35,1776727272000
1776727274.489,74.489,0.77,0.78,0.22,0.23,0.01,0.01,75778.23,1776727273000
1776727275.321,75.321,0.77,0.78,0.22,0.23,0.01,0.01,75778.23,1776727273000
1776727275.955,75.955,0.77,0.78,0.22,0.23,0.01,0.01,75778.23,1776727273000
1776727276.508,76.508,0.77,0.78,0.22,0.23,0.01,0.01,75778.73,1776727275000
1776727277.037,77.037,0.78,0.79,0.21,0.22,0.01,0.01,75778.73,1776727275000
1776727277.378,77.378,0.78,0.79,0.21,0.22,0.01,0.01,75778.73,1776727275000
1776727277.824,77.824,0.79,0.8,0.2,0.21,0.01,0.01,75779.39,1776727276000
1776727278.266,78.266,0.79,0.8,0.2,0.21,0.01,0.01,75780.57,1776727277000
1776727278.667,78.667,0.79,0.8,0.2,0.21,0.01,0.01,75780.57,1776727277000
1776727279.125,79.125,0.79,0.8,0.2,0.21,0.01,0.01,75780.57,1776727277000
1776727279.541,79.541,0.79,0.8,0.2,0.21,0.01,0.01,75780.57,1776727277000
1776727279.886,79.886,0.79,0.8,0.2,0.21,0.01,0.01,75780.57,1776727277000
1776727280.219,80.219,0.79,0.8,0.2,0.21,0.01,0.01,75780.57,1776727278000
1776727280.597,80.597,0.79,0.8,0.2,0.21,0.01,0.01,75780.58,1776727279000
1776727281.065,81.065,0.79,0.8,0.2,0.21,0.01,0.01,75780.58,1776727279000
1776727281.436,81.436,0.79,0.8,0.2,0.21,0.01,0.01,75780.86,1776727280000
1776727281.797,81.797,0.79,0.8,0.2,0.21,0.01,0.01,75780.86,1776727280000
1776727282.188,82.188,0.79,0.8,0.2,0.21,0.01,0.01,75780.86,1776727280000
1776727282.626,82.626,0.79,0.8,0.2,0.21,0.01,0.01,75779.76,1776727281000
1776727282.99,82.99,0.79,0.8,0.2,0.21,0.01,0.01,75779.76,1776727281000
1776727283.354,83.354,0.79,0.8,0.2,0.21,0.01,0.01,75779.76,1776727281000
1776727283.749,83.749,0.79,0.8,0.2,0.21,0.01,0.01,75779.7,1776727282000
1776727284.096,84.096,0.79,0.8,0.2,0.21,0.01,0.01,75779.7,1776727282000
1776727284.517,84.517,0.76,0.77,0.23,0.24,0.01,0.01,75779.7,1776727283000
1776727284.932,84.932,0.75,0.76,0.24,0.25,0.01,0.01,75779.7,1776727283000
1776727285.403,85.403,0.75,0.76,0.24,0.25,0.01,0.01,75779.7,1776727283000
1776727285.968,85.968,0.75,0.76,0.24,0.25,0.01,0.01,75778.84,1776727284000
1776727286.324,86.324,0.75,0.76,0.24,0.25,0.01,0.01,75777.55,1776727285000
1776727286.947,86.947,0.75,0.76,0.24,0.25,0.01,0.01,75777.55,1776727285000
1776727287.511,87.511,0.75,0.76,0.24,0.25,0.01,0.01,75775.24,1776727286000
1776727287.881,87.881,0.75,0.76,0.24,0.25,0.01,0.01,75775.24,1776727286000
1776727288.354,88.354,0.75,0.76,0.24,0.25,0.01,0.01,75774.38,1776727287000
1776727288.828,88.828,0.75,0.76,0.24,0.25,0.01,0.01,75774.38,1776727287000
1776727289.32,89.32,0.75,0.76,0.24,0.25,0.01,0.01,75775,1776727288000
1776727289.677,89.677,0.75,0.76,0.24,0.25,0.01,0.01,75775,1776727288000
1776727290.034,90.034,0.69,0.71,0.29,0.3,0.02,0.01,75775,1776727288000
1776727290.39,90.39,0.7,0.71,0.29,0.3,0.01,0.01,75775,1776727288000
1776727290.726,90.726,0.78,0.79,0.21,0.22,0.01,0.01,75775.11,1776727289000
1776727291.061,91.061,0.78,0.79,0.21,0.22,0.01,0.01,75775.11,1776727289000
1776727291.403,91.403,0.78,0.79,0.21,0.22,0.01,0.01,75777.86,1776727290000
1776727291.744,91.744,0.78,0.79,0.21,0.22,0.01,0.01,75777.86,1776727290000
1776727292.145,92.145,0.78,0.79,0.21,0.22,0.01,0.01,75777.86,1776727290000
1776727292.529,92.529,0.75,0.78,0.22,0.25,0.03,0.03,75777.86,1776727290000
1776727293.003,93.003,0.7,0.72,0.28,0.33,0.02,0.05,75777.86,1776727290000
1776727293.433,93.433,0.7,0.71,0.29,0.3,0.01,0.01,75782.54,1776727292000
1776727293.993,93.993,0.69,0.71,0.29,0.3,0.02,0.01,75782.54,1776727292000
1776727294.387,94.387,0.63,0.65,0.35,0.36,0.02,0.01,75778.56,1776727293000
1776727294.799,94.799,0.63,0.64,0.36,0.37,0.01,0.01,75778.56,1776727293000
1776727295.171,95.171,0.63,0.64,0.36,0.37,0.01,0.01,75778.56,1776727293000
1776727295.613,95.613,0.63,0.64,0.36,0.37,0.01,0.01,75771.82,1776727294000
1776727295.969,95.969,0.61,0.62,0.38,0.39,0.01,0.01,75771.82,1776727294000
1776727296.342,96.342,0.61,0.62,0.38,0.39,0.01,0.01,75771.82,1776727294000
1776727296.684,96.684,0.61,0.62,0.38,0.39,0.01,0.01,75767.31,1776727295000
1776727297.052,97.052,0.61,0.62,0.38,0.39,0.01,0.01,75765.21,1776727296000
1776727297.538,97.538,0.62,0.63,0.37,0.38,0.01,0.01,75765.21,1776727296000
1776727297.913,97.913,0.62,0.63,0.37,0.38,0.01,0.01,75765.21,1776727296000
1776727298.291,98.291,0.62,0.63,0.37,0.38,0.01,0.01,75761.97,1776727297000
1776727298.828,98.828,0.64,0.65,0.37,0.38,0.01,0.01,75761.97,1776727297000
1776727299.169,99.169,0.66,0.68,0.32,0.34,0.02,0.02,75761.97,1776727297000
1776727299.583,99.583,0.67,0.68,0.32,0.33,0.01,0.01,75761.97,1776727298000
1776727299.957,99.957,0.69,0.7,0.3,0.31,0.01,0.01,75761.97,1776727298000
1776727300.441,100.441,0.69,0.7,0.3,0.31,0.01,0.01,75761.96,1776727299000
1776727300.864,100.864,0.69,0.7,0.3,0.31,0.01,0.01,75761.96,1776727299000
1776727301.204,101.204,0.69,0.7,0.3,0.31,0.01,0.01,75763.66,1776727300000
1776727301.698,101.698,0.69,0.7,0.3,0.31,0.01,0.01,75763.66,1776727300000
1776727302.095,102.095,0.69,0.7,0.3,0.31,0.01,0.01,75763.66,1776727300000
1776727302.43,102.43,0.69,0.7,0.3,0.31,0.01,0.01,75768.0,1776727301000
1776727302.829,102.829,0.69,0.7,0.3,0.31,0.01,0.01,75768.0,1776727301000
1776727303.198,103.198,0.69,0.7,0.3,0.31,0.01,0.01,75768.0,1776727301000
1776727303.571,103.571,0.69,0.7,0.3,0.31,0.01,0.01,75769.82,1776727302000
1776727303.945,103.945,0.69,0.7,0.3,0.31,0.01,0.01,75769.9,1776727303000
1776727304.314,104.314,0.69,0.7,0.3,0.31,0.01,0.01,75769.9,1776727303000
1776727304.927,104.927,0.69,0.74,0.3,0.31,0.05,0.01,75769.9,1776727303000
1776727305.278,105.278,0.73,0.74,0.26,0.27,0.01,0.01,75768.47,1776727304000
1776727305.631,105.631,0.73,0.74,0.26,0.27,0.01,0.01,75768.47,1776727304000
1776727306.201,106.201,0.73,0.74,0.26,0.27,0.01,0.01,75768.47,1776727304000
1776727306.574,106.574,0.72,0.73,0.27,0.28,0.01,0.01,75768.52,1776727305000
1776727307.02,107.02,0.72,0.74,0.27,0.28,0.02,0.01,75768.52,1776727305000
1776727307.429,107.429,0.73,0.74,0.26,0.27,0.01,0.01,75768.52,1776727305000
1776727308.008,108.008,0.74,0.76,0.25,0.27,0.02,0.02,75768.52,1776727305000
1776727308.514,108.514,0.75,0.77,0.24,0.25,0.02,0.01,75769.43,1776727306000
1776727309.024,109.024,0.76,0.77,0.23,0.24,0.01,0.01,75769.45,1776727307000
1776727309.358,109.358,0.76,0.77,0.23,0.24,0.01,0.01,75769.45,1776727307000
1776727309.942,109.942,0.76,0.77,0.23,0.24,0.01,0.01,75771.06,1776727308000
1776727310.824,110.824,0.76,0.77,0.23,0.24,0.01,0.01,75771.97,1776727309000
1776727311.69,111.69,0.76,0.77,0.23,0.24,0.01,0.01,75773.09,1776727310000
1776727312.075,112.075,0.76,0.77,0.23,0.24,0.01,0.01,75773.09,1776727310000
1776727312.422,112.422,0.76,0.77,0.23,0.24,0.01,0.01,75773.09,1776727310000
1776727312.962,112.962,0.76,0.77,0.23,0.24,0.01,0.01,75773.51,1776727311000
1776727313.363,113.363,0.76,0.77,0.23,0.24,0.01,0.01,75773.52,1776727312000
1776727314.277,114.277,0.76,0.77,0.23,0.24,0.01,0.01,75773.53,1776727313000
1776727314.747,114.747,0.76,0.77,0.23,0.24,0.01,0.01,75773.53,1776727313000
1776727315.196,115.196,0.76,0.77,0.23,0.24,0.01,0.01,75773.53,1776727313000
1776727315.672,115.672,0.76,0.77,0.23,0.24,0.01,0.01,75773.27,1776727314000
1776727316.291,116.291,0.76,0.77,0.23,0.24,0.01,0.01,75773.27,1776727315000
1776727316.839,116.839,0.76,0.77,0.23,0.24,0.01,0.01,75773.27,1776727315000
1776727317.348,117.348,0.76,0.77,0.23,0.24,0.01,0.01,75773.27,1776727315000
1776727317.93,117.93,0.76,0.77,0.23,0.24,0.01,0.01,75773.27,1776727316000
1776727318.436,118.436,0.76,0.77,0.23,0.24,0.01,0.01,75773.3,1776727317000
1776727318.84,118.84,0.76,0.77,0.23,0.24,0.01,0.01,75773.3,1776727317000
1776727319.46,119.46,0.76,0.77,0.23,0.24,0.01,0.01,75773.3,1776727318000
1776727319.823,119.823,0.76,0.77,0.23,0.24,0.01,0.01,75773.3,1776727318000
1776727320.179,120.179,0.76,0.77,0.23,0.24,0.01,0.01,75773.3,1776727318000
1776727320.57,120.57,0.76,0.77,0.23,0.24,0.01,0.01,75773.77,1776727319000
1776727320.961,120.961,0.76,0.77,0.23,0.24,0.01,0.01,75773.77,1776727319000
1776727321.326,121.326,0.7,0.71,0.29,0.3,0.01,0.01,75773.77,1776727319000
1776727321.681,121.681,0.69,0.7,0.29,0.31,0.01,0.02,75773.78,1776727320000
1776727322.02,122.02,0.69,0.7,0.3,0.31,0.01,0.01,75773.78,1776727320000
1776727322.475,122.475,0.68,0.69,0.3,0.32,0.01,0.02,75773.78,1776727320000
1776727322.861,122.861,0.68,0.69,0.31,0.32,0.01,0.01,75772.02,1776727321000
1776727323.257,123.257,0.68,0.69,0.31,0.32,0.01,0.01,75765.87,1776727322000
1776727323.684,123.684,0.68,0.69,0.31,0.32,0.01,0.01,75765.87,1776727322000
1776727324.404,124.404,0.68,0.69,0.31,0.32,0.01,0.01,75765.87,1776727322000
1776727324.851,124.851,0.68,0.69,0.31,0.32,0.01,0.01,75765.87,1776727322000
1776727325.608,125.608,0.68,0.69,0.31,0.32,0.01,0.01,75765.51,1776727324000
1776727325.951,125.951,0.64,0.65,0.35,0.36,0.01,0.01,75765.51,1776727324000
1776727326.316,126.316,0.64,0.65,0.35,0.36,0.01,0.01,75765.51,1776727325000
1776727327.09,127.09,0.64,0.65,0.35,0.36,0.01,0.01,75765.51,1776727325000
1776727327.446,127.446,0.64,0.65,0.35,0.36,0.01,0.01,75765.05,1776727326000
1776727327.926,127.926,0.64,0.65,0.35,0.36,0.01,0.01,75765.05,1776727326000
1776727328.369,128.369,0.64,0.65,0.35,0.36,0.01,0.01,75763.09,1776727327000
1776727328.934,128.934,0.64,0.65,0.35,0.36,0.01,0.01,75764.19,1776727328000
1776727329.757,129.757,0.64,0.65,0.35,0.36,0.01,0.01,75764.19,1776727328000
1776727330.228,130.228,0.64,0.66,0.35,0.36,0.02,0.01,75764.2,1776727329000
1776727330.611,130.611,0.65,0.66,0.35,0.36,0.01,0.01,75764.2,1776727329000
1776727331.172,131.172,0.65,0.66,0.34,0.35,0.01,0.01,75762.43,1776727330000
1776727331.973,131.973,0.65,0.66,0.34,0.35,0.01,0.01,75762.43,1776727330000
1776727332.326,132.326,0.66,0.67,0.34,0.35,0.01,0.01,75763.15,1776727331000
1776727333.004,133.004,0.66,0.67,0.33,0.34,0.01,0.01,75763.15,1776727331000
1776727333.446,133.446,0.66,0.7,0.3,0.34,0.04,0.04,75764.1,1776727332000
1776727333.961,133.961,0.68,0.69,0.31,0.32,0.01,0.01,75764.1,1776727332000
1776727334.884,134.884,0.68,0.69,0.31,0.32,0.01,0.01,75763.2,1776727333000
1776727335.361,135.361,0.68,0.69,0.31,0.32,0.01,0.01,75762.21,1776727334000
1776727336.03,136.03,0.68,0.69,0.31,0.32,0.01,0.01,75762.21,1776727334000
1776727337.251,137.251,0.68,0.69,0.31,0.32,0.01,0.01,75762.4,1776727336000
1776727337.749,137.749,0.68,0.69,0.31,0.32,0.01,0.01,75762.4,1776727336000
1776727338.361,138.361,0.68,0.69,0.31,0.32,0.01,0.01,75762.4,1776727336000
1776727338.987,138.987,0.68,0.69,0.31,0.32,0.01,0.01,75762.42,1776727337000
1776727339.92,139.92,0.68,0.69,0.31,0.32,0.01,0.01,75762.42,1776727337000
1776727340.482,140.482,0.68,0.69,0.31,0.32,0.01,0.01,75762.42,1776727337000
1776727341.093,141.093,0.68,0.69,0.31,0.32,0.01,0.01,75762.92,1776727340000
1776727341.734,141.734,0.68,0.69,0.31,0.32,0.01,0.01,75762.92,1776727340000
1776727342.136,142.136,0.68,0.69,0.31,0.32,0.01,0.01,75762.42,1776727341000
1776727342.875,142.875,0.68,0.69,0.31,0.32,0.01,0.01,75762.42,1776727341000
1776727343.783,143.783,0.68,0.69,0.31,0.32,0.01,0.01,75762.73,1776727342000
1776727344.466,144.466,0.68,0.69,0.31,0.32,0.01,0.01,75762.96,1776727343000
1776727344.958,144.958,0.68,0.69,0.31,0.32,0.01,0.01,75762.96,1776727343000
1776727345.984,145.984,0.68,0.69,0.31,0.32,0.01,0.01,75762.75,1776727344000
1776727346.348,146.348,0.68,0.69,0.31,0.32,0.01,0.01,75762.7,1776727345000
1776727346.692,146.692,0.71,0.73,0.27,0.3,0.02,0.03,75762.7,1776727345000
1776727347.079,147.079,0.72,0.74,0.27,0.29,0.02,0.02,75762.6,1776727346000
1776727347.421,147.421,0.76,0.78,0.23,0.25,0.02,0.02,75762.6,1776727346000
1776727347.821,147.821,0.78,0.79,0.21,0.22,0.01,0.01,75762.6,1776727346000
1776727348.342,148.342,0.78,0.8,0.21,0.22,0.02,0.01,75762.94,1776727347000
1776727348.691,148.691,0.79,0.82,0.19,0.21,0.03,0.02,75762.94,1776727347000
1776727349.254,149.254,0.81,0.82,0.18,0.19,0.01,0.01,75768.04,1776727348000
1776727349.768,149.768,0.82,0.83,0.17,0.18,0.01,0.01,75768.04,1776727348000
1776727350.188,150.188,0.82,0.83,0.17,0.18,0.01,0.01,75771.37,1776727349000
1776727350.552,150.552,0.82,0.83,0.17,0.18,0.01,0.01,75771.37,1776727349000
1776727351.152,151.152,0.82,0.83,0.17,0.18,0.01,0.01,75772.86,1776727350000
1776727351.576,151.576,0.82,0.83,0.17,0.18,0.01,0.01,75772.86,1776727350000
1776727351.938,151.938,0.82,0.83,0.17,0.18,0.01,0.01,75775.25,1776727351000
1776727352.283,152.283,0.86,0.87,0.13,0.14,0.01,0.01,75775.25,1776727351000
1776727352.629,152.629,0.86,0.87,0.13,0.14,0.01,0.01,75775.25,1776727351000
1776727353.177,153.177,0.87,0.88,0.12,0.13,0.01,0.01,75775.25,1776727351000
1776727353.529,153.529,0.87,0.88,0.12,0.13,0.01,0.01,75775.25,1776727352000
1776727354.145,154.145,0.87,0.88,0.12,0.13,0.01,0.01,75775.25,1776727352000
1776727354.633,154.633,0.87,0.88,0.12,0.13,0.01,0.01,75780.94,1776727353000
1776727355.259,155.259,0.87,0.88,0.12,0.13,0.01,0.01,75780.94,1776727353000
1776727355.866,155.866,0.87,0.88,0.12,0.13,0.01,0.01,75782.11,1776727354000
1776727356.225,156.225,0.87,0.88,0.12,0.13,0.01,0.01,75782.11,1776727354000
1776727356.679,156.679,0.87,0.88,0.12,0.13,0.01,0.01,75782.11,1776727355000
1776727357.019,157.019,0.85,0.87,0.13,0.14,0.02,0.01,75782.11,1776727355000
1776727357.533,157.533,0.85,0.86,0.13,0.15,0.01,0.02,75784.05,1776727356000
1776727357.886,157.886,0.85,0.86,0.14,0.15,0.01,0.01,75784.05,1776727356000
1776727358.342,158.342,0.84,0.85,0.14,0.16,0.01,0.02,75783.59,1776727357000
1776727358.688,158.688,0.85,0.86,0.15,0.16,0.01,0.01,75783.59,1776727357000
1776727359.24,159.24,0.85,0.86,0.14,0.15,0.01,0.01,75783.59,1776727357000
1776727359.585,159.585,0.83,0.86,0.14,0.15,0.03,0.01,75783.14,1776727358000
1776727359.932,159.932,0.85,0.86,0.14,0.15,0.01,0.01,75783.14,1776727358000
1776727360.277,160.277,0.85,0.86,0.14,0.15,0.01,0.01,75783.13,1776727359000
1776727360.635,160.635,0.85,0.86,0.14,0.15,0.01,0.01,75783.13,1776727359000
1776727360.97,160.97,0.85,0.86,0.14,0.15,0.01,0.01,75783.13,1776727359000
1776727361.416,161.416,0.85,0.86,0.14,0.15,0.01,0.01,75783.43,1776727360000
1776727361.758,161.758,0.85,0.86,0.14,0.15,0.01,0.01,75783.43,1776727360000
1776727362.115,162.115,0.85,0.86,0.14,0.15,0.01,0.01,75783.43,1776727360000
1776727362.506,162.506,0.85,0.86,0.14,0.15,0.01,0.01,75783.43,1776727361000
1776727362.959,162.959,0.85,0.86,0.14,0.15,0.01,0.01,75783.43,1776727361000
1776727363.626,163.626,0.85,0.86,0.14,0.15,0.01,0.01,75783.61,1776727362000
1776727364.03,164.03,0.85,0.86,0.14,0.15,0.01,0.01,75783.59,1776727363000
1776727364.816,164.816,0.85,0.86,0.14,0.15,0.01,0.01,75783.59,1776727363000
1776727365.197,165.197,0.85,0.86,0.14,0.15,0.01,0.01,75783.56,1776727364000
1776727365.592,165.592,0.85,0.86,0.14,0.15,0.01,0.01,75783.56,1776727364000
1776727366.145,166.145,0.85,0.86,0.14,0.15,0.01,0.01,75783.56,1776727364000
1776727367.374,167.374,0.85,0.86,0.14,0.15,0.01,0.01,75783.57,1776727365000
1776727367.905,167.905,0.85,0.86,0.14,0.15,0.01,0.01,75783.9,1776727366000
1776727368.41,168.41,0.85,0.86,0.14,0.15,0.01,0.01,75784.51,1776727367000
1776727369.108,169.108,0.85,0.86,0.14,0.15,0.01,0.01,75784.51,1776727367000
1776727369.962,169.962,0.85,0.86,0.14,0.15,0.01,0.01,75784.51,1776727368000
1776727370.302,170.302,0.85,0.86,0.14,0.15,0.01,0.01,75784.51,1776727368000
1776727371.183,171.183,0.85,0.86,0.14,0.15,0.01,0.01,75784.22,1776727369000
1776727371.962,171.962,0.85,0.86,0.14,0.15,0.01,0.01,75782.82,1776727370000
1776727372.322,172.322,0.85,0.86,0.14,0.15,0.01,0.01,75782.82,1776727370000
1776727372.806,172.806,0.85,0.86,0.14,0.15,0.01,0.01,75782.82,1776727371000
1776727373.37,173.37,0.85,0.86,0.14,0.15,0.01,0.01,75782.98,1776727372000
1776727374.061,174.061,0.85,0.86,0.14,0.15,0.01,0.01,75783.0,1776727373000
1776727374.886,174.886,0.86,0.87,0.13,0.14,0.01,0.01,75783.0,1776727373000
1776727375.255,175.255,0.86,0.87,0.13,0.14,0.01,0.01,75781.76,1776727374000
1776727375.635,175.635,0.86,0.87,0.13,0.14,0.01,0.01,75781.76,1776727374000
1776727376.185,176.185,0.86,0.87,0.13,0.14,0.01,0.01,75781.76,1776727374000
1776727376.53,176.53,0.86,0.87,0.13,0.14,0.01,0.01,75782.83,1776727375000
1776727377.123,177.123,0.86,0.87,0.13,0.14,0.01,0.01,75784.0,1776727376000
1776727377.526,177.526,0.86,0.87,0.13,0.14,0.01,0.01,75784.0,1776727376000
1776727378.095,178.095,0.86,0.87,0.13,0.14,0.01,0.01,75784.0,1776727376000
1776727378.699,178.699,0.86,0.87,0.13,0.14,0.01,0.01,75781.72,1776727377000
1776727379.311,179.311,0.86,0.87,0.13,0.14,0.01,0.01,75783.9,1776727378000
1776727379.649,179.649,0.86,0.87,0.13,0.14,0.01,0.01,75783.9,1776727378000
1776727380.01,180.01,0.86,0.87,0.13,0.14,0.01,0.01,75783.9,1776727378000
1776727380.423,180.423,0.87,0.88,0.13,0.14,0.01,0.01,75783.9,1776727378000
1776727380.802,180.802,0.87,0.88,0.12,0.13,0.01,0.01,75782.55,1776727379000
1776727381.273,181.273,0.88,0.89,0.11,0.13,0.01,0.02,75782.55,1776727379000
1776727381.687,181.687,0.88,0.89,0.11,0.12,0.01,0.01,75781.94,1776727380000
1776727382.092,182.092,0.88,0.89,0.11,0.12,0.01,0.01,75782.92,1776727381000
1776727382.59,182.59,0.88,0.89,0.11,0.12,0.01,0.01,75782.92,1776727381000
1776727383.129,183.129,0.88,0.89,0.11,0.12,0.01,0.01,75782.92,1776727381000
1776727383.468,183.468,0.88,0.89,0.11,0.12,0.01,0.01,75784.41,1776727382000
1776727384.183,184.183,0.88,0.89,0.11,0.12,0.01,0.01,75784.18,1776727383000
1776727384.526,184.526,0.89,0.9,0.11,0.12,0.01,0.01,75784.18,1776727383000
1776727384.86,184.86,0.89,0.9,0.1,0.11,0.01,0.01,75784.18,1776727383000
1776727385.214,185.214,0.89,0.9,0.1,0.11,0.01,0.01,75784.18,1776727383000
1776727385.637,185.637,0.89,0.9,0.1,0.11,0.01,0.01,75784.16,1776727384000
1776727385.99,185.99,0.89,0.9,0.1,0.11,0.01,0.01,75784.16,1776727384000
1776727386.327,186.327,0.89,0.9,0.1,0.11,0.01,0.01,75784.16,1776727384000
1776727386.684,186.684,0.89,0.9,0.1,0.11,0.01,0.01,75782.17,1776727385000
1776727387.166,187.166,0.89,0.9,0.1,0.11,0.01,0.01,75782.0,1776727386000
1776727387.56,187.56,0.89,0.9,0.1,0.11,0.01,0.01,75782.0,1776727386000
1776727387.984,187.984,0.89,0.9,0.1,0.11,0.01,0.01,75782.0,1776727387000
1776727388.38,188.38,0.89,0.9,0.1,0.11,0.01,0.01,75782.0,1776727387000
1776727388.776,188.776,0.89,0.9,0.1,0.11,0.01,0.01,75782.0,1776727387000
1776727389.155,189.155,0.89,0.9,0.1,0.11,0.01,0.01,75781.98,1776727388000
1776727389.667,189.667,0.89,0.9,0.1,0.11,0.01,0.01,75781.98,1776727388000
1776727390.1,190.1,0.89,0.9,0.1,0.11,0.01,0.01,75784.13,1776727389000
1776727390.447,190.447,0.89,0.9,0.1,0.11,0.01,0.01,75784.13,1776727389000
1776727390.823,190.823,0.9,0.91,0.09,0.11,0.01,0.02,75784.13,1776727389000
1776727391.234,191.234,0.9,0.91,0.09,0.1,0.01,0.01,75782.03,1776727390000
1776727391.569,191.569,0.9,0.91,0.09,0.1,0.01,0.01,75782.03,1776727390000
1776727391.977,191.977,0.9,0.91,0.09,0.1,0.01,0.01,75782.03,1776727390000
1776727392.5,192.5,0.9,0.91,0.09,0.1,0.01,0.01,75781.54,1776727391000
1776727393.352,193.352,0.9,0.91,0.09,0.1,0.01,0.01,75781.69,1776727392000
1776727393.749,193.749,0.91,0.92,0.08,0.09,0.01,0.01,75781.69,1776727392000
1776727394.098,194.098,0.91,0.92,0.08,0.09,0.01,0.01,75781.69,1776727392000
1776727394.522,194.522,0.91,0.92,0.08,0.09,0.01,0.01,75781.58,1776727393000
1776727395.295,195.295,0.91,0.92,0.08,0.09,0.01,0.01,75781.58,1776727393000
1776727395.69,195.69,0.91,0.92,0.08,0.09,0.01,0.01,75781.58,1776727394000
1776727396.103,196.103,0.91,0.92,0.08,0.09,0.01,0.01,75781.58,1776727395000
1776727396.446,196.446,0.91,0.92,0.08,0.09,0.01,0.01,75781.58,1776727395000
1776727396.916,196.916,0.91,0.92,0.08,0.09,0.01,0.01,75781.58,1776727395000
1776727397.29,197.29,0.91,0.92,0.08,0.09,0.01,0.01,75781.58,1776727395000
1776727397.699,197.699,0.91,0.92,0.08,0.09,0.01,0.01,75781.71,1776727396000
1776727398.095,198.095,0.91,0.92,0.08,0.09,0.01,0.01,75781.71,1776727396000
1776727398.511,198.511,0.88,0.89,0.11,0.12,0.01,0.01,75781.38,1776727397000
1776727398.924,198.924,0.88,0.89,0.11,0.12,0.01,0.01,75781.38,1776727397000
1776727399.453,199.453,0.88,0.89,0.11,0.12,0.01,0.01,75781.38,1776727397000
1776727400.087,200.087,0.88,0.89,0.11,0.12,0.01,0.01,75778.58,1776727399000
1776727400.542,200.542,0.88,0.89,0.11,0.12,0.01,0.01,75778.58,1776727399000
1776727400.921,200.921,0.88,0.89,0.11,0.12,0.01,0.01,75778.58,1776727399000
1776727401.326,201.326,0.88,0.89,0.11,0.12,0.01,0.01,75778.58,1776727399000
1776727401.685,201.685,0.88,0.9,0.11,0.12,0.02,0.01,75777.3,1776727400000
1776727402.266,202.266,0.88,0.9,0.1,0.12,0.02,0.02,75777.62,1776727401000
1776727402.765,202.765,0.89,0.9,0.1,0.11,0.01,0.01,75777.62,1776727401000
1776727403.118,203.118,0.89,0.91,0.1,0.11,0.02,0.01,75777.62,1776727401000
1776727403.483,203.483,0.89,0.91,0.09,0.11,0.02,0.02,75777.76,1776727402000
1776727404.177,204.177,0.9,0.91,0.09,0.1,0.01,0.01,75777.76,1776727403000
1776727404.528,204.528,0.9,0.91,0.09,0.1,0.01,0.01,75777.76,1776727403000
1776727405.022,205.022,0.9,0.91,0.09,0.1,0.01,0.01,75777.76,1776727403000
1776727405.483,205.483,0.9,0.91,0.09,0.1,0.01,0.01,75777.76,1776727403000
1776727406.126,206.126,0.9,0.91,0.09,0.1,0.01,0.01,75783.59,1776727405000
1776727406.51,206.51,0.9,0.91,0.09,0.1,0.01,0.01,75783.59,1776727405000
1776727407.057,207.057,0.9,0.91,0.09,0.1,0.01,0.01,75783.59,1776727405000
1776727407.551,207.551,0.9,0.91,0.09,0.1,0.01,0.01,75783.96,1776727406000
1776727407.97,207.97,0.91,0.92,0.09,0.1,0.01,0.01,75783.96,1776727406000
1776727408.667,208.667,0.91,0.92,0.08,0.09,0.01,0.01,75784.47,1776727407000
1776727409.302,209.302,0.91,0.92,0.08,0.09,0.01,0.01,75784.47,1776727407000
1776727409.712,209.712,0.91,0.92,0.08,0.09,0.01,0.01,75784.54,1776727408000
1776727410.161,210.161,0.91,0.92,0.08,0.09,0.01,0.01,75784.76,1776727409000
1776727410.508,210.508,0.91,0.92,0.08,0.09,0.01,0.01,75784.76,1776727409000
1776727411.01,211.01,0.91,0.92,0.08,0.09,0.01,0.01,75784.76,1776727409000
1776727411.429,211.429,0.91,0.92,0.08,0.09,0.01,0.01,75784.76,1776727409000
1776727412.174,212.174,0.91,0.92,0.08,0.09,0.01,0.01,75784.51,1776727410000
1776727412.576,212.576,0.92,0.93,0.07,0.08,0.01,0.01,75783.51,1776727411000
1776727412.956,212.956,0.92,0.93,0.07,0.08,0.01,0.01,75783.51,1776727411000
1776727413.682,213.682,0.92,0.93,0.07,0.08,0.01,0.01,75782.27,1776727412000
1776727414.022,214.022,0.92,0.93,0.07,0.08,0.01,0.01,75782.27,1776727412000
1776727414.366,214.366,0.92,0.93,0.07,0.08,0.01,0.01,75784.18,1776727413000
1776727415.169,215.169,0.92,0.93,0.07,0.08,0.01,0.01,75784.18,1776727413000
1776727415.837,215.837,0.92,0.93,0.07,0.08,0.01,0.01,75784.13,1776727414000
1776727416.214,216.214,0.89,0.9,0.1,0.11,0.01,0.01,75784.13,1776727414000
1776727416.631,216.631,0.89,0.9,0.1,0.11,0.01,0.01,75782.7,1776727415000
1776727416.972,216.972,0.89,0.9,0.1,0.11,0.01,0.01,75782.7,1776727415000
1776727417.403,217.403,0.89,0.9,0.1,0.11,0.01,0.01,75781.87,1776727416000
1776727417.783,217.783,0.88,0.89,0.1,0.12,0.01,0.02,75781.87,1776727416000
1776727418.212,218.212,0.88,0.89,0.11,0.12,0.01,0.01,75777.0,1776727417000
1776727418.75,218.75,0.88,0.89,0.11,0.12,0.01,0.01,75777.0,1776727417000
1776727419.137,219.137,0.76,0.78,0.22,0.24,0.02,0.02,75777.0,1776727417000
1776727419.516,219.516,0.77,0.78,0.22,0.23,0.01,0.01,75776.91,1776727418000
1776727419.852,219.852,0.77,0.78,0.22,0.23,0.01,0.01,75776.91,1776727418000
1776727420.189,220.189,0.77,0.78,0.22,0.23,0.01,0.01,75776.91,1776727418000
1776727420.525,220.525,0.75,0.76,0.22,0.25,0.01,0.03,75772.46,1776727419000
1776727420.874,220.874,0.75,0.76,0.24,0.25,0.01,0.01,75772.46,1776727419000
1776727421.244,221.244,0.75,0.76,0.24,0.25,0.01,0.01,75763.87,1776727420000
1776727421.958,221.958,0.75,0.76,0.24,0.25,0.01,0.01,75763.87,1776727420000
1776727422.339,222.339,0.75,0.76,0.24,0.25,0.01,0.01,75762.55,1776727421000
1776727422.824,222.824,0.75,0.76,0.24,0.25,0.01,0.01,75762.55,1776727421000
1776727423.214,223.214,0.75,0.76,0.24,0.25,0.01,0.01,75762.55,1776727421000
1776727423.654,223.654,0.75,0.76,0.24,0.25,0.01,0.01,75761.97,1776727422000
1776727424.356,224.356,0.75,0.78,0.22,0.25,0.03,0.03,75761.83,1776727423000
1776727424.766,224.766,0.75,0.76,0.24,0.25,0.01,0.01,75761.83,1776727423000
1776727425.129,225.129,0.69,0.7,0.3,0.31,0.01,0.01,75761.83,1776727423000
1776727425.483,225.483,0.66,0.67,0.33,0.34,0.01,0.01,75761.83,1776727423000
1776727425.962,225.962,0.65,0.66,0.34,0.35,0.01,0.01,75761.83,1776727423000
1776727426.3,226.3,0.65,0.66,0.34,0.35,0.01,0.01,75759.74,1776727424000
1776727426.703,226.703,0.65,0.66,0.34,0.35,0.01,0.01,75754.85,1776727425000
1776727427.378,227.378,0.65,0.66,0.34,0.35,0.01,0.01,75751.42,1776727426000
1776727427.715,227.715,0.71,0.77,0.21,0.24,0.06,0.03,75751.42,1776727426000
1776727428.056,228.056,0.76,0.77,0.23,0.24,0.01,0.01,75750.37,1776727427000
1776727428.414,228.414,0.76,0.77,0.23,0.24,0.01,0.01,75750.37,1776727427000
1776727428.791,228.791,0.76,0.77,0.23,0.24,0.01,0.01,75755.66,1776727428000
1776727429.417,229.417,0.76,0.77,0.23,0.24,0.01,0.01,75755.66,1776727428000
1776727429.822,229.822,0.76,0.77,0.23,0.24,0.01,0.01,75755.66,1776727428000
1776727430.247,230.247,0.76,0.77,0.23,0.24,0.01,0.01,75760.04,1776727429000
1776727430.912,230.912,0.76,0.77,0.23,0.24,0.01,0.01,75760.04,1776727429000
1776727431.263,231.263,0.76,0.77,0.23,0.24,0.01,0.01,75760.04,1776727429000
1776727431.637,231.637,0.77,0.78,0.22,0.23,0.01,0.01,75761.18,1776727430000
1776727432.043,232.043,0.77,0.78,0.22,0.23,0.01,0.01,75761.18,1776727430000
1776727432.573,232.573,0.77,0.78,0.22,0.23,0.01,0.01,75759.89,1776727431000
1776727433.255,233.255,0.77,0.8,0.2,0.23,0.03,0.03,75759.89,1776727432000
1776727433.697,233.697,0.81,0.82,0.18,0.19,0.01,0.01,75759.89,1776727432000
1776727434.075,234.075,0.81,0.82,0.18,0.19,0.01,0.01,75759.89,1776727432000
1776727434.416,234.416,0.81,0.82,0.18,0.19,0.01,0.01,75759.87,1776727433000
1776727435.007,235.007,0.8,0.81,0.19,0.2,0.01,0.01,75759.87,1776727433000
1776727435.408,235.408,0.8,0.81,0.19,0.2,0.01,0.01,75761.75,1776727434000
1776727435.792,235.792,0.8,0.81,0.19,0.2,0.01,0.01,75761.75,1776727434000
1776727436.239,236.239,0.8,0.81,0.19,0.2,0.01,0.01,75762.68,1776727435000
1776727437.009,237.009,0.8,0.81,0.19,0.2,0.01,0.01,75762.68,1776727435000
1776727437.545,237.545,0.8,0.81,0.19,0.2,0.01,0.01,75761.21,1776727436000
1776727437.948,237.948,0.8,0.81,0.19,0.2,0.01,0.01,75761.21,1776727436000
1776727438.335,238.335,0.8,0.81,0.19,0.2,0.01,0.01,75761.21,1776727436000
1776727439.027,239.027,0.77,0.79,0.19,0.2,0.02,0.01,75761.21,1776727436000
1776727439.412,239.412,0.75,0.76,0.24,0.25,0.01,0.01,75760.62,1776727437000
1776727439.79,239.79,0.75,0.76,0.24,0.25,0.01,0.01,75760.62,1776727437000
1776727440.165,240.165,0.75,0.76,0.24,0.25,0.01,0.01,75760.66,1776727438000
1776727440.499,240.499,0.75,0.76,0.24,0.25,0.01,0.01,75760.66,1776727438000
1776727440.873,240.873,0.75,0.76,0.24,0.25,0.01,0.01,75760.56,1776727439000
1776727441.248,241.248,0.75,0.76,0.24,0.25,0.01,0.01,75760.56,1776727439000
1776727441.676,241.676,0.76,0.77,0.23,0.25,0.01,0.02,75760.56,1776727439000
1776727442.049,242.049,0.76,0.77,0.23,0.24,0.01,0.01,75756.9,1776727440000
1776727442.413,242.413,0.76,0.77,0.23,0.24,0.01,0.01,75756.9,1776727440000
1776727442.791,242.791,0.76,0.77,0.23,0.24,0.01,0.01,75756.87,1776727441000
1776727443.322,243.322,0.76,0.77,0.23,0.24,0.01,0.01,75756.87,1776727442000
1776727443.698,243.698,0.76,0.77,0.23,0.24,0.01,0.01,75756.87,1776727442000
1776727444.135,244.135,0.7,0.71,0.29,0.3,0.01,0.01,75756.87,1776727442000
1776727444.503,244.503,0.7,0.71,0.29,0.3,0.01,0.01,75756.87,1776727442000
1776727444.877,244.877,0.7,0.71,0.29,0.3,0.01,0.01,75756.88,1776727443000
1776727445.214,245.214,0.7,0.71,0.29,0.3,0.01,0.01,75756.88,1776727443000
1776727445.968,245.968,0.7,0.71,0.29,0.3,0.01,0.01,75756.29,1776727444000
1776727446.37,246.37,0.72,0.74,0.29,0.3,0.02,0.01,75756.29,1776727444000
1776727446.759,246.759,0.78,0.79,0.21,0.24,0.01,0.03,75756.29,1776727444000
1776727447.181,247.181,0.78,0.79,0.21,0.22,0.01,0.01,75755.08,1776727445000
1776727447.698,247.698,0.78,0.79,0.21,0.22,0.01,0.01,75755.08,1776727446000
1776727448.151,248.151,0.78,0.79,0.21,0.22,0.01,0.01,75755.08,1776727446000
1776727448.806,248.806,0.78,0.79,0.21,0.22,0.01,0.01,75754.95,1776727447000
1776727449.305,249.305,0.78,0.79,0.21,0.22,0.01,0.01,75754.95,1776727447000
1776727449.853,249.853,0.78,0.79,0.21,0.22,0.01,0.01,75755.4,1776727448000
1776727450.31,250.31,0.78,0.79,0.21,0.22,0.01,0.01,75755.4,1776727448000
1776727450.847,250.847,0.78,0.79,0.21,0.22,0.01,0.01,75755.46,1776727449000
1776727451.195,251.195,0.8,0.83,0.18,0.2,0.03,0.02,75755.46,1776727449000
1776727451.604,251.604,0.82,0.83,0.17,0.18,0.01,0.01,75755.39,1776727450000
1776727452.294,252.294,0.82,0.87,0.17,0.18,0.05,0.01,75755.39,1776727450000
1776727452.765,252.765,0.86,0.87,0.13,0.14,0.01,0.01,75755.97,1776727451000
1776727453.177,253.177,0.86,0.87,0.13,0.14,0.01,0.01,75755.97,1776727451000
1776727453.541,253.541,0.86,0.87,0.13,0.14,0.01,0.01,75757.79,1776727452000
1776727454.242,254.242,0.86,0.87,0.13,0.14,0.01,0.01,75759.13,1776727453000
1776727454.733,254.733,0.86,0.87,0.13,0.14,0.01,0.01,75759.13,1776727453000
1776727455.499,255.499,0.86,0.87,0.13,0.14,0.01,0.01,75759.13,1776727453000
1776727455.927,255.927,0.87,0.88,0.12,0.13,0.01,0.01,75760.13,1776727454000
1776727456.408,256.408,0.87,0.88,0.12,0.13,0.01,0.01,75760.5,1776727455000
1776727456.788,256.788,0.87,0.88,0.12,0.13,0.01,0.01,75760.5,1776727455000
1776727457.229,257.229,0.87,0.88,0.12,0.13,0.01,0.01,75760.5,1776727455000
1776727457.808,257.808,0.87,0.88,0.12,0.13,0.01,0.01,75760.5,1776727455000
1776727458.19,258.19,0.87,0.88,0.12,0.13,0.01,0.01,75760.53,1776727457000
1776727458.612,258.612,0.86,0.88,0.12,0.13,0.02,0.01,75760.53,1776727457000
1776727459.22,259.22,0.86,0.87,0.13,0.14,0.01,0.01,75759.92,1776727458000
1776727460.011,260.011,0.86,0.87,0.13,0.14,0.01,0.01,75759.92,1776727458000
1776727460.351,260.351,0.86,0.87,0.13,0.14,0.01,0.01,75759.04,1776727459000
1776727460.89,260.89,0.86,0.87,0.13,0.14,0.01,0.01,75759.04,1776727459000
1776727461.289,261.289,0.86,0.87,0.13,0.14,0.01,0.01,75759.04,1776727459000
1776727461.848,261.848,0.86,0.87,0.13,0.14,0.01,0.01,75759.04,1776727460000
1776727462.304,262.304,0.86,0.87,0.13,0.14,0.01,0.01,75759.11,1776727461000
1776727462.822,262.822,0.86,0.87,0.13,0.14,0.01,0.01,75759.11,1776727461000
1776727463.26,263.26,0.86,0.87,0.13,0.14,0.01,0.01,75759.11,1776727461000
1776727464.086,264.086,0.86,0.87,0.13,0.14,0.01,0.01,75759.33,1776727463000
1776727464.468,264.468,0.86,0.87,0.13,0.14,0.01,0.01,75759.33,1776727463000
1776727464.857,264.857,0.87,0.9,0.12,0.14,0.03,0.02,75759.33,1776727463000
1776727465.275,265.275,0.89,0.9,0.1,0.11,0.01,0.01,75759.23,1776727464000
1776727465.957,265.957,0.9,0.91,0.09,0.1,0.01,0.01,75759.23,1776727464000
1776727466.424,266.424,0.9,0.91,0.09,0.1,0.01,0.01,75759.24,1776727465000
1776727466.761,266.761,0.89,0.91,0.09,0.1,0.02,0.01,75759.24,1776727465000
1776727467.11,267.11,0.9,0.91,0.09,0.1,0.01,0.01,75759.47,1776727466000
1776727467.531,267.531,0.83,0.84,0.16,0.17,0.01,0.01,75759.47,1776727466000
1776727468.05,268.05,0.83,0.85,0.15,0.17,0.02,0.02,75759.42,1776727467000
1776727468.641,268.641,0.84,0.85,0.15,0.16,0.01,0.01,75759.42,1776727467000
1776727469.015,269.015,0.84,0.86,0.15,0.16,0.02,0.01,75759.42,1776727467000
1776727469.573,269.573,0.86,0.91,0.14,0.15,0.05,0.01,75759.42,1776727467000
1776727469.998,269.998,0.9,0.91,0.09,0.1,0.01,0.01,75759.36,1776727468000
1776727470.369,270.369,0.9,0.91,0.09,0.1,0.01,0.01,75759.84,1776727469000
1776727470.765,270.765,0.88,0.89,0.11,0.12,0.01,0.01,75759.84,1776727469000
1776727471.228,271.228,0.88,0.89,0.11,0.12,0.01,0.01,75759.84,1776727469000
1776727471.588,271.588,0.88,0.89,0.11,0.12,0.01,0.01,75759.79,1776727470000
1776727471.922,271.922,0.88,0.89,0.11,0.12,0.01,0.01,75759.74,1776727471000
1776727472.589,272.589,0.88,0.9,0.11,0.12,0.02,0.01,75759.74,1776727471000
1776727473.123,273.123,0.9,0.91,0.09,0.1,0.01,0.01,75759.74,1776727471000
1776727473.723,273.723,0.91,0.92,0.08,0.1,0.01,0.02,75759.24,1776727472000
1776727474.181,274.181,0.91,0.92,0.08,0.09,0.01,0.01,75759.24,1776727472000
1776727474.561,274.561,0.9,0.91,0.08,0.1,0.01,0.02,75761.11,1776727473000
1776727474.903,274.903,0.9,0.91,0.09,0.1,0.01,0.01,75761.11,1776727473000
1776727475.24,275.24,0.91,0.92,0.08,0.09,0.01,0.01,75761.1,1776727474000
1776727475.658,275.658,0.96,0.97,0.03,0.09,0.01,0.06,75761.1,1776727474000
1776727475.998,275.998,0.96,0.97,0.03,0.04,0.01,0.01,75761.1,1776727474000
1776727476.368,276.368,0.96,0.97,0.03,0.04,0.01,0.01,75760.7,1776727475000
1776727476.872,276.872,0.96,0.97,0.03,0.04,0.01,0.01,75760.7,1776727475000
1776727477.22,277.22,0.96,0.97,0.03,0.04,0.01,0.01,75759.97,1776727476000
1776727477.563,277.563,0.96,0.97,0.03,0.04,0.01,0.01,75759.97,1776727476000
1776727477.944,277.944,0.96,0.98,0.02,0.04,0.02,0.02,75759.97,1776727476000
1776727478.378,278.378,0.97,0.98,0.02,0.03,0.01,0.01,75759.77,1776727477000
1776727478.74,278.74,0.97,0.98,0.02,0.03,0.01,0.01,75759.77,1776727477000
1776727479.085,279.085,0.97,0.98,0.02,0.03,0.01,0.01,75760.16,1776727478000
1776727479.454,279.454,0.97,0.98,0.02,0.03,0.01,0.01,75760.16,1776727478000
1776727479.862,279.862,0.97,0.98,0.02,0.03,0.01,0.01,75760.16,1776727478000
1776727480.305,280.305,0.95,0.98,0.02,0.03,0.03,0.01,75766.46,1776727479000
1776727480.639,280.639,0.97,0.98,0.02,0.03,0.01,0.01,75766.46,1776727479000
1776727481.001,281.001,0.97,0.98,0.02,0.03,0.01,0.01,75766.46,1776727479000
1776727481.345,281.345,0.97,0.98,0.02,0.03,0.01,0.01,75773.85,1776727480000
1776727481.679,281.679,0.98,0.99,0.01,0.03,0.01,0.02,75773.85,1776727480000
1776727482.018,282.018,0.97,0.98,0.02,0.03,0.01,0.01,75773.85,1776727480000
1776727482.385,282.385,0.95,0.99,0.01,0.02,0.04,0.01,75777.94,1776727481000
1776727482.779,282.779,0.96,0.97,0.03,0.04,0.01,0.01,75777.94,1776727481000
1776727483.184,283.184,0.99,0.97,0.03,0.01,-0.02,-0.02,75778.95,1776727482000
1776727483.526,283.526,0.99,0.97,0.03,0.01,-0.02,-0.02,75778.95,1776727482000
1776727483.908,283.908,0.99,0.97,0.03,0.01,-0.02,-0.02,75778.95,1776727482000
1776727484.545,284.545,0.99,0.97,0.03,0.01,-0.02,-0.02,75780.34,1776727483000
1776727485.132,285.132,0.99,0.97,0.03,0.01,-0.02,-0.02,75780.34,1776727484000
1776727485.539,285.539,0.99,0.97,0.03,0.01,-0.02,-0.02,75780.34,1776727484000
1776727486.065,286.065,0.99,0.97,0.03,0.01,-0.02,-0.02,75780.34,1776727484000
1776727486.83,286.83,0.99,0.97,0.03,0.01,-0.02,-0.02,75780.34,1776727485000
1776727487.728,287.728,0.99,0.97,0.03,0.01,-0.02,-0.02,75780.35,1776727486000
1776727488.233,288.233,0.99,0.97,0.03,0.01,-0.02,-0.02,75782.19,1776727487000
1776727488.862,288.862,0.99,0.97,0.03,0.01,-0.02,-0.02,75782.19,1776727487000
1776727489.457,289.457,0.99,0.97,0.03,0.01,-0.02,-0.02,75782.18,1776727488000
1776727489.944,289.944,0.99,0.97,0.03,0.01,-0.02,-0.02,75782.37,1776727489000
1776727490.723,290.723,0.99,0.97,0.03,0.01,-0.02,-0.02,75782.37,1776727489000
1776727491.094,291.094,0.99,0.97,0.03,0.01,-0.02,-0.02,75782.52,1776727490000
1776727491.57,291.57,0.99,0.97,0.03,0.01,-0.02,-0.02,75782.52,1776727490000
1776727492.168,292.168,0.99,0.97,0.03,0.01,-0.02,-0.02,75782.57,1776727491000
1776727492.565,292.565,0.99,0.97,0.03,0.01,-0.02,-0.02,75782.57,1776727491000
1776727493.133,293.133,0.99,0.97,0.03,0.01,-0.02,-0.02,75782.57,1776727491000
1776727493.842,293.842,0.99,0.97,0.03,0.01,-0.02,-0.02,75782.6,1776727492000
1776727494.251,294.251,0.99,0.97,0.03,0.01,-0.02,-0.02,75783.34,1776727493000
1776727494.824,294.824,0.99,0.97,0.03,0.01,-0.02,-0.02,75783.34,1776727493000
1776727495.335,295.335,0.99,0.97,0.03,0.01,-0.02,-0.02,75782.09,1776727494000
1776727495.978,295.978,0.99,0.97,0.03,0.01,-0.02,-0.02,75783.4,1776727495000
1776727497.047,297.047,0.99,0.97,0.03,0.01,-0.02,-0.02,75784.24,1776727496000
1776727498.193,298.193,0.99,0.97,0.03,0.01,-0.02,-0.02,75783.2,1776727497000
1776727499.212,299.212,0.99,0.97,0.03,0.01,-0.02,-0.02,75783.19,1776727498000
1776727500.352,300.352,0.99,0.97,0.03,0.01,-0.02,-0.02,75783.21,1776727499000
1776727500.845,300.845,0.99,0.97,0.03,0.01,-0.02,-0.02,75783.21,1776727499000
1776727501.984,301.984,0.99,0.97,0.03,0.01,-0.02,-0.02,75783.27,1776727500000
1776727502.507,302.507,0.99,0.97,0.03,0.01,-0.02,-0.02,75783.11,1776727501000

# RESULT,winner=Up,slug=btc-updown-5m-1776727200,ticks=644
