timestamp,elapsed_sec,up_bid,up_ask,down_bid,down_ask,up_spread,down_spread,btc_price,btc_oracle_ts
1776279300.641,0.641,0.48,0.49,0.42,0.52,0.01,0.1,74380.92,1776279299000
1776279301.004,1.004,0.48,0.49,0.51,0.52,0.01,0.01,74380.92,1776279299000
1776279301.417,1.417,0.47,0.49,0.51,0.53,0.02,0.02,74380.92,1776279300000
1776279301.848,1.848,0.47,0.48,0.52,0.53,0.01,0.01,74380.92,1776279300000
1776279302.205,2.205,0.47,0.48,0.52,0.53,0.01,0.01,74380.92,1776279301000
1776279302.662,2.662,0.47,0.48,0.52,0.53,0.01,0.01,74380.92,1776279301000
1776279303.22,3.22,0.47,0.48,0.52,0.53,0.01,0.01,74380.92,1776279301000
1776279303.667,3.667,0.47,0.48,0.52,0.53,0.01,0.01,74380.92,1776279302000
1776279304.073,4.073,0.47,0.48,0.52,0.53,0.01,0.01,74380.92,1776279302000
1776279304.407,4.407,0.47,0.48,0.52,0.53,0.01,0.01,74380.92,1776279302000
1776279304.757,4.757,0.47,0.48,0.52,0.53,0.01,0.01,74381.02,1776279303000
1776279305.092,5.092,0.47,0.48,0.52,0.54,0.01,0.02,74381.02,1776279303000
1776279305.621,5.621,0.47,0.48,0.52,0.53,0.01,0.01,74381.02,1776279303000
1776279305.978,5.978,0.47,0.48,0.52,0.53,0.01,0.01,74381.27,1776279304000
1776279306.409,6.409,0.4,0.42,0.58,0.6,0.02,0.02,74381.27,1776279304000
1776279306.745,6.745,0.4,0.41,0.59,0.6,0.01,0.01,74381.5,1776279305000
1776279307.08,7.08,0.4,0.41,0.59,0.6,0.01,0.01,74381.5,1776279305000
1776279307.504,7.504,0.4,0.41,0.59,0.61,0.01,0.02,74381.5,1776279305000
1776279307.862,7.862,0.39,0.4,0.6,0.61,0.01,0.01,74381.44,1776279306000
1776279308.326,8.326,0.39,0.4,0.6,0.61,0.01,0.01,74375.5,1776279307000
1776279308.663,8.663,0.38,0.4,0.6,0.62,0.02,0.02,74375.5,1776279307000
1776279308.999,8.999,0.38,0.39,0.61,0.62,0.01,0.01,74375.5,1776279307000
1776279309.385,9.385,0.38,0.39,0.61,0.62,0.01,0.01,74370.51,1776279308000
1776279309.72,9.72,0.37,0.38,0.62,0.63,0.01,0.01,74370.51,1776279308000
1776279310.062,10.062,0.37,0.38,0.62,0.63,0.01,0.01,74370.51,1776279308000
1776279310.45,10.45,0.37,0.38,0.62,0.63,0.01,0.01,74370.27,1776279309000
1776279310.8,10.8,0.37,0.39,0.62,0.63,0.02,0.01,74370.27,1776279309000
1776279311.176,11.176,0.38,0.39,0.61,0.62,0.01,0.01,74369.81,1776279310000
1776279311.544,11.544,0.38,0.39,0.61,0.62,0.01,0.01,74369.81,1776279310000
1776279311.883,11.883,0.38,0.39,0.61,0.62,0.01,0.01,74369.45,1776279311000
1776279312.27,12.27,0.39,0.4,0.6,0.61,0.01,0.01,74369.45,1776279311000
1776279312.728,12.728,0.39,0.4,0.6,0.61,0.01,0.01,74369.45,1776279311000
1776279313.083,13.083,0.39,0.4,0.6,0.61,0.01,0.01,74369.45,1776279311000
1776279313.582,13.582,0.39,0.4,0.6,0.61,0.01,0.01,74369.82,1776279312000
1776279314.011,14.011,0.39,0.4,0.6,0.61,0.01,0.01,74369.82,1776279312000
1776279314.382,14.382,0.39,0.4,0.6,0.61,0.01,0.01,74369.82,1776279312000
1776279314.743,14.743,0.39,0.4,0.6,0.61,0.01,0.01,74369.81,1776279313000
1776279315.109,15.109,0.39,0.4,0.6,0.61,0.01,0.01,74369.81,1776279313000
1776279315.487,15.487,0.39,0.4,0.6,0.61,0.01,0.01,74369.59,1776279314000
1776279315.823,15.823,0.39,0.4,0.6,0.61,0.01,0.01,74369.59,1776279314000
1776279316.231,16.231,0.39,0.4,0.6,0.61,0.01,0.01,74369.59,1776279314000
1776279317.368,17.368,0.4,0.41,0.59,0.61,0.01,0.02,74369.59,1776279315000
1776279317.759,17.759,0.36,0.39,0.61,0.64,0.03,0.03,74369.6,1776279316000
1776279318.105,18.105,0.35,0.36,0.64,0.65,0.01,0.01,74369.6,1776279317000
1776279318.469,18.469,0.35,0.36,0.64,0.65,0.01,0.01,74369.6,1776279317000
1776279318.846,18.846,0.34,0.35,0.65,0.66,0.01,0.01,74369.6,1776279317000
1776279319.248,19.248,0.34,0.35,0.65,0.66,0.01,0.01,74369.46,1776279318000
1776279319.917,19.917,0.33,0.34,0.66,0.67,0.01,0.01,74369.46,1776279318000
1776279320.396,20.396,0.33,0.34,0.66,0.67,0.01,0.01,74363.82,1776279319000
1776279320.877,20.877,0.33,0.34,0.66,0.67,0.01,0.01,74363.82,1776279319000
1776279321.485,21.485,0.33,0.34,0.66,0.67,0.01,0.01,74363.82,1776279319000
1776279322.238,22.238,0.33,0.34,0.66,0.67,0.01,0.01,74361.95,1776279320000
1776279322.59,22.59,0.32,0.33,0.66,0.68,0.01,0.02,74361.94,1776279321000
1776279323.029,23.029,0.32,0.33,0.67,0.68,0.01,0.01,74361.94,1776279321000
1776279323.415,23.415,0.32,0.33,0.67,0.68,0.01,0.01,74361.69,1776279322000
1776279323.768,23.768,0.32,0.33,0.67,0.68,0.01,0.01,74361.69,1776279322000
1776279324.13,24.13,0.31,0.32,0.68,0.69,0.01,0.01,74360.72,1776279323000
1776279325.043,25.043,0.31,0.32,0.68,0.69,0.01,0.01,74360.72,1776279323000
1776279325.528,25.528,0.31,0.32,0.68,0.69,0.01,0.01,74360.39,1776279324000
1776279325.908,25.908,0.32,0.33,0.67,0.68,0.01,0.01,74360.39,1776279324000
1776279326.261,26.261,0.32,0.33,0.67,0.68,0.01,0.01,74360.51,1776279325000
1776279326.618,26.618,0.33,0.34,0.66,0.67,0.01,0.01,74360.51,1776279325000
1776279327.025,27.025,0.34,0.35,0.65,0.66,0.01,0.01,74362.84,1776279326000
1776279327.433,27.433,0.35,0.36,0.64,0.65,0.01,0.01,74362.84,1776279326000
1776279327.858,27.858,0.36,0.37,0.63,0.64,0.01,0.01,74362.84,1776279326000
1776279328.231,28.231,0.36,0.37,0.63,0.64,0.01,0.01,74362.84,1776279327000
1776279329.032,29.032,0.36,0.37,0.63,0.64,0.01,0.01,74363.91,1776279328000
1776279329.816,29.816,0.36,0.37,0.63,0.64,0.01,0.01,74363.91,1776279328000
1776279330.183,30.183,0.36,0.37,0.63,0.64,0.01,0.01,74365.7,1776279329000
1776279330.57,30.57,0.38,0.39,0.6,0.62,0.01,0.02,74365.7,1776279329000
1776279330.944,30.944,0.38,0.4,0.61,0.62,0.02,0.01,74365.7,1776279329000
1776279331.311,31.311,0.38,0.39,0.61,0.62,0.01,0.01,74370.37,1776279330000
1776279331.653,31.653,0.4,0.41,0.59,0.6,0.01,0.01,74370.37,1776279330000
1776279331.992,31.992,0.4,0.41,0.59,0.6,0.01,0.01,74370.37,1776279331000
1776279332.327,32.327,0.4,0.41,0.59,0.6,0.01,0.01,74370.37,1776279331000
1776279332.734,32.734,0.41,0.42,0.59,0.6,0.01,0.01,74370.37,1776279331000
1776279333.106,33.106,0.41,0.42,0.58,0.59,0.01,0.01,74371.55,1776279332000
1776279333.549,33.549,0.41,0.42,0.58,0.59,0.01,0.01,74371.55,1776279332000
1776279333.886,33.886,0.42,0.43,0.57,0.58,0.01,0.01,74371.55,1776279332000
1776279334.295,34.295,0.42,0.43,0.57,0.58,0.01,0.01,74371.55,1776279332000
1776279334.703,34.703,0.42,0.43,0.57,0.58,0.01,0.01,74371.54,1776279333000
1776279335.046,35.046,0.42,0.43,0.57,0.58,0.01,0.01,74371.54,1776279333000
1776279335.395,35.395,0.42,0.43,0.57,0.58,0.01,0.01,74371.54,1776279333000
1776279335.735,35.735,0.42,0.43,0.57,0.58,0.01,0.01,74371.53,1776279334000
1776279336.225,36.225,0.42,0.43,0.57,0.58,0.01,0.01,74371.57,1776279335000
1776279336.584,36.584,0.42,0.43,0.57,0.58,0.01,0.01,74371.57,1776279335000
1776279337.067,37.067,0.42,0.43,0.57,0.58,0.01,0.01,74371.57,1776279335000
1776279337.778,37.778,0.42,0.43,0.57,0.58,0.01,0.01,74370.99,1776279336000
1776279338.302,38.302,0.42,0.43,0.57,0.58,0.01,0.01,74370.99,1776279336000
1776279338.654,38.654,0.47,0.5,0.5,0.53,0.03,0.03,74371.52,1776279337000
1776279339.03,39.03,0.49,0.5,0.5,0.51,0.01,0.01,74371.52,1776279337000
1776279339.517,39.517,0.5,0.51,0.49,0.51,0.01,0.02,74372.12,1776279338000
1776279339.867,39.867,0.5,0.51,0.49,0.5,0.01,0.01,74372.12,1776279338000
1776279340.2,40.2,0.51,0.52,0.48,0.49,0.01,0.01,74383.43,1776279339000
1776279340.554,40.554,0.51,0.52,0.48,0.49,0.01,0.01,74383.43,1776279339000
1776279340.969,40.969,0.55,0.58,0.42,0.45,0.03,0.03,74383.43,1776279339000
1776279341.302,41.302,0.56,0.59,0.41,0.44,0.03,0.03,74384.58,1776279340000
1776279341.639,41.639,0.57,0.59,0.4,0.43,0.02,0.03,74384.58,1776279340000
1776279342.005,42.005,0.57,0.6,0.4,0.43,0.03,0.03,74384.58,1776279340000
1776279342.381,42.381,0.59,0.6,0.4,0.42,0.01,0.02,74384.58,1776279340000
1776279342.74,42.74,0.59,0.6,0.4,0.41,0.01,0.01,74391.88,1776279341000
1776279343.106,43.106,0.59,0.6,0.4,0.41,0.01,0.01,74392.6,1776279342000
1776279343.594,43.594,0.59,0.6,0.4,0.41,0.01,0.01,74392.6,1776279342000
1776279343.97,43.97,0.57,0.59,0.42,0.43,0.02,0.01,74392.6,1776279342000
1776279344.333,44.333,0.55,0.58,0.42,0.43,0.03,0.01,74393.55,1776279343000
1776279344.678,44.678,0.55,0.56,0.44,0.45,0.01,0.01,74393.55,1776279343000
1776279345.014,45.014,0.55,0.56,0.44,0.45,0.01,0.01,74393.55,1776279343000
1776279345.352,45.352,0.55,0.56,0.44,0.45,0.01,0.01,74393.29,1776279344000
1776279345.692,45.692,0.55,0.56,0.44,0.45,0.01,0.01,74393.29,1776279344000
1776279346.025,46.025,0.55,0.56,0.44,0.45,0.01,0.01,74393.29,1776279344000
1776279346.458,46.458,0.55,0.56,0.44,0.45,0.01,0.01,74393.29,1776279344000
1776279346.911,46.911,0.55,0.56,0.44,0.45,0.01,0.01,74389.41,1776279345000
1776279347.378,47.378,0.55,0.56,0.44,0.45,0.01,0.01,74389.18,1776279346000
1776279347.759,47.759,0.55,0.56,0.44,0.45,0.01,0.01,74389.18,1776279346000
1776279348.131,48.131,0.55,0.56,0.44,0.45,0.01,0.01,74389.18,1776279346000
1776279348.494,48.494,0.55,0.56,0.44,0.45,0.01,0.01,74388.15,1776279347000
1776279348.965,48.965,0.56,0.57,0.43,0.44,0.01,0.01,74388.15,1776279347000
1776279349.478,49.478,0.56,0.57,0.43,0.44,0.01,0.01,74388.15,1776279347000
1776279350.067,50.067,0.56,0.57,0.43,0.44,0.01,0.01,74388.2,1776279348000
1776279350.448,50.448,0.56,0.57,0.43,0.44,0.01,0.01,74388.2,1776279348000
1776279350.97,50.97,0.56,0.57,0.43,0.44,0.01,0.01,74388.51,1776279349000
1776279351.453,51.453,0.55,0.56,0.43,0.45,0.01,0.02,74388.51,1776279350000
1776279351.819,51.819,0.55,0.56,0.44,0.45,0.01,0.01,74388.51,1776279350000
1776279352.163,52.163,0.55,0.56,0.44,0.45,0.01,0.01,74388.51,1776279350000
1776279352.55,52.55,0.55,0.56,0.44,0.45,0.01,0.01,74389.68,1776279351000
1776279352.908,52.908,0.53,0.54,0.45,0.47,0.01,0.02,74389.68,1776279351000
1776279353.423,53.423,0.51,0.54,0.46,0.49,0.03,0.03,74389.58,1776279352000
1776279353.973,53.973,0.51,0.53,0.47,0.49,0.02,0.02,74389.55,1776279353000
1776279354.309,54.309,0.47,0.52,0.48,0.53,0.05,0.05,74389.55,1776279353000
1776279354.648,54.648,0.45,0.49,0.52,0.55,0.04,0.03,74389.55,1776279353000
1776279355.032,55.032,0.46,0.48,0.52,0.55,0.02,0.03,74389.55,1776279353000
1776279355.422,55.422,0.46,0.47,0.53,0.54,0.01,0.01,74383.91,1776279354000
1776279355.859,55.859,0.46,0.47,0.53,0.57,0.01,0.04,74383.91,1776279354000
1776279356.203,56.203,0.45,0.47,0.53,0.54,0.02,0.01,74383.91,1776279354000
1776279356.62,56.62,0.44,0.46,0.54,0.55,0.02,0.01,74377.11,1776279355000
1776279357.566,57.566,0.45,0.46,0.54,0.55,0.01,0.01,74376.09,1776279356000
1776279357.918,57.918,0.43,0.46,0.54,0.56,0.03,0.02,74376.09,1776279356000
1776279358.289,58.289,0.43,0.45,0.55,0.57,0.02,0.02,74374.22,1776279357000
1776279358.639,58.639,0.43,0.44,0.56,0.57,0.01,0.01,74374.22,1776279357000
1776279359.323,59.323,0.42,0.44,0.56,0.58,0.02,0.02,74374.22,1776279357000
1776279359.755,59.755,0.4,0.43,0.57,0.6,0.03,0.03,74374.38,1776279358000
1776279360.123,60.123,0.39,0.4,0.6,0.61,0.01,0.01,74374.38,1776279358000
1776279360.504,60.504,0.39,0.4,0.6,0.62,0.01,0.02,74374.38,1776279359000
1776279360.866,60.866,0.38,0.39,0.61,0.62,0.01,0.01,74374.38,1776279359000
1776279361.266,61.266,0.38,0.39,0.61,0.62,0.01,0.01,74367.1,1776279360000
1776279361.602,61.602,0.33,0.36,0.61,0.67,0.03,0.06,74367.1,1776279360000
1776279361.954,61.954,0.34,0.35,0.65,0.66,0.01,0.01,74367.1,1776279360000
1776279362.291,62.291,0.32,0.35,0.65,0.68,0.03,0.03,74363.68,1776279361000
1776279362.783,62.783,0.32,0.33,0.65,0.68,0.01,0.03,74363.68,1776279361000
1776279363.207,63.207,0.32,0.33,0.67,0.68,0.01,0.01,74363.68,1776279361000
1776279363.598,63.598,0.32,0.33,0.67,0.68,0.01,0.01,74360.82,1776279362000
1776279364.39,64.39,0.32,0.33,0.67,0.68,0.01,0.01,74360.82,1776279362000
1776279364.724,64.724,0.32,0.33,0.67,0.68,0.01,0.01,74360.82,1776279362000
1776279365.218,65.218,0.32,0.33,0.67,0.68,0.01,0.01,74355.9,1776279363000
1776279365.576,65.576,0.33,0.34,0.66,0.67,0.01,0.01,74355.86,1776279364000
1776279365.917,65.917,0.33,0.34,0.66,0.67,0.01,0.01,74355.86,1776279364000
1776279366.353,66.353,0.33,0.34,0.66,0.67,0.01,0.01,74355.86,1776279364000
1776279366.713,66.713,0.33,0.34,0.66,0.67,0.01,0.01,74358.36,1776279365000
1776279367.102,67.102,0.33,0.34,0.66,0.67,0.01,0.01,74358.64,1776279366000
1776279367.453,67.453,0.34,0.35,0.65,0.66,0.01,0.01,74358.64,1776279366000
1776279368.002,68.002,0.34,0.35,0.65,0.66,0.01,0.01,74358.64,1776279366000
1776279368.395,68.395,0.34,0.35,0.65,0.66,0.01,0.01,74361.29,1776279367000
1776279368.772,68.772,0.34,0.35,0.65,0.66,0.01,0.01,74361.29,1776279367000
1776279369.265,69.265,0.34,0.35,0.65,0.66,0.01,0.01,74362.25,1776279368000
1776279369.614,69.614,0.34,0.36,0.65,0.66,0.02,0.01,74362.25,1776279368000
1776279369.952,69.952,0.35,0.36,0.64,0.65,0.01,0.01,74362.25,1776279368000
1776279370.372,70.372,0.35,0.36,0.64,0.65,0.01,0.01,74361.79,1776279369000
1776279370.776,70.776,0.35,0.36,0.64,0.65,0.01,0.01,74361.79,1776279369000
1776279371.231,71.231,0.36,0.37,0.63,0.64,0.01,0.01,74361.64,1776279370000
1776279371.614,71.614,0.36,0.37,0.63,0.64,0.01,0.01,74361.64,1776279370000
1776279372.012,72.012,0.36,0.37,0.63,0.64,0.01,0.01,74361.64,1776279370000
1776279372.392,72.392,0.36,0.37,0.63,0.64,0.01,0.01,74361.92,1776279371000
1776279372.857,72.857,0.36,0.37,0.63,0.64,0.01,0.01,74361.92,1776279371000
1776279373.293,73.293,0.36,0.37,0.63,0.64,0.01,0.01,74361.92,1776279371000
1776279373.741,73.741,0.36,0.37,0.63,0.64,0.01,0.01,74362.23,1776279372000
1776279374.079,74.079,0.36,0.37,0.63,0.64,0.01,0.01,74362.21,1776279373000
1776279374.478,74.478,0.36,0.37,0.63,0.64,0.01,0.01,74362.21,1776279373000
1776279374.993,74.993,0.36,0.37,0.63,0.64,0.01,0.01,74361.71,1776279374000
1776279375.439,75.439,0.36,0.37,0.63,0.64,0.01,0.01,74361.71,1776279374000
1776279376.065,76.065,0.36,0.37,0.63,0.64,0.01,0.01,74361.71,1776279375000
1776279376.979,76.979,0.36,0.37,0.63,0.64,0.01,0.01,74361.71,1776279375000
1776279377.574,77.574,0.36,0.37,0.63,0.64,0.01,0.01,74361.73,1776279376000
1776279378.541,78.541,0.36,0.37,0.63,0.64,0.01,0.01,74361.73,1776279376000
1776279379.378,79.378,0.36,0.37,0.63,0.64,0.01,0.01,74362.05,1776279378000
1776279379.726,79.726,0.36,0.37,0.63,0.64,0.01,0.01,74362.05,1776279378000
1776279380.371,80.371,0.36,0.37,0.63,0.64,0.01,0.01,74362.05,1776279378000
1776279380.93,80.93,0.36,0.37,0.63,0.64,0.01,0.01,74362.07,1776279379000
1776279381.498,81.498,0.36,0.37,0.63,0.64,0.01,0.01,74362.23,1776279380000
1776279381.977,81.977,0.36,0.37,0.63,0.64,0.01,0.01,74362.23,1776279380000
1776279382.356,82.356,0.36,0.37,0.63,0.64,0.01,0.01,74362.2,1776279381000
1776279382.828,82.828,0.36,0.37,0.63,0.64,0.01,0.01,74362.2,1776279381000
1776279383.502,83.502,0.36,0.37,0.63,0.64,0.01,0.01,74362.23,1776279382000
1776279383.866,83.866,0.36,0.37,0.63,0.64,0.01,0.01,74362.23,1776279382000
1776279384.221,84.221,0.36,0.37,0.63,0.64,0.01,0.01,74362.33,1776279383000
1776279384.571,84.571,0.38,0.39,0.61,0.62,0.01,0.01,74362.33,1776279383000
1776279384.967,84.967,0.41,0.42,0.59,0.6,0.01,0.01,74362.33,1776279383000
1776279385.31,85.31,0.41,0.42,0.58,0.59,0.01,0.01,74362.44,1776279384000
1776279385.839,85.839,0.42,0.43,0.57,0.58,0.01,0.01,74362.44,1776279384000
1776279386.37,86.37,0.42,0.43,0.57,0.58,0.01,0.01,74364.02,1776279385000
1776279386.842,86.842,0.43,0.44,0.56,0.57,0.01,0.01,74364.02,1776279385000
1776279387.191,87.191,0.43,0.44,0.56,0.57,0.01,0.01,74364.02,1776279385000
1776279387.627,87.627,0.43,0.44,0.56,0.57,0.01,0.01,74369.77,1776279386000
1776279387.97,87.97,0.43,0.44,0.56,0.57,0.01,0.01,74369.77,1776279386000
1776279388.467,88.467,0.43,0.44,0.56,0.57,0.01,0.01,74370.03,1776279387000
1776279389.046,89.046,0.43,0.44,0.56,0.57,0.01,0.01,74370.48,1776279388000
1776279389.425,89.425,0.43,0.44,0.56,0.57,0.01,0.01,74370.48,1776279388000
1776279389.906,89.906,0.43,0.44,0.56,0.57,0.01,0.01,74370.48,1776279388000
1776279390.304,90.304,0.43,0.44,0.56,0.57,0.01,0.01,74370.47,1776279389000
1776279390.687,90.687,0.43,0.44,0.56,0.57,0.01,0.01,74370.47,1776279389000
1776279391.176,91.176,0.43,0.44,0.56,0.57,0.01,0.01,74370.47,1776279389000
1776279392.101,92.101,0.43,0.44,0.56,0.57,0.01,0.01,74370.5,1776279390000
1776279392.444,92.444,0.43,0.45,0.56,0.57,0.02,0.01,74370.5,1776279390000
1776279392.834,92.834,0.44,0.45,0.55,0.56,0.01,0.01,74370.53,1776279391000
1776279393.208,93.208,0.44,0.45,0.55,0.56,0.01,0.01,74370.53,1776279391000
1776279393.579,93.579,0.44,0.45,0.55,0.56,0.01,0.01,74370.76,1776279392000
1776279394.021,94.021,0.44,0.45,0.55,0.56,0.01,0.01,74370.76,1776279392000
1776279394.368,94.368,0.44,0.45,0.55,0.56,0.01,0.01,74370.86,1776279393000
1776279394.727,94.727,0.44,0.45,0.55,0.56,0.01,0.01,74370.86,1776279393000
1776279395.077,95.077,0.44,0.45,0.55,0.56,0.01,0.01,74372.65,1776279394000
1776279395.422,95.422,0.44,0.45,0.55,0.56,0.01,0.01,74372.65,1776279394000
1776279395.774,95.774,0.44,0.45,0.55,0.56,0.01,0.01,74372.65,1776279394000
1776279396.416,96.416,0.44,0.45,0.55,0.56,0.01,0.01,74372.7,1776279395000
1776279397.011,97.011,0.44,0.45,0.55,0.56,0.01,0.01,74372.73,1776279396000
1776279397.438,97.438,0.44,0.45,0.55,0.56,0.01,0.01,74372.73,1776279396000
1776279397.78,97.78,0.44,0.45,0.55,0.56,0.01,0.01,74372.73,1776279396000
1776279398.192,98.192,0.44,0.45,0.55,0.56,0.01,0.01,74372.64,1776279397000
1776279398.635,98.635,0.44,0.45,0.55,0.56,0.01,0.01,74372.64,1776279397000
1776279399.49,99.49,0.46,0.47,0.54,0.55,0.01,0.01,74372.73,1776279398000
1776279399.824,99.824,0.46,0.47,0.53,0.54,0.01,0.01,74372.73,1776279398000
1776279400.576,100.576,0.47,0.48,0.53,0.54,0.01,0.01,74372.75,1776279399000
1776279401.363,101.363,0.47,0.48,0.52,0.53,0.01,0.01,74374.32,1776279400000
1776279401.698,101.698,0.47,0.49,0.51,0.53,0.02,0.02,74374.32,1776279400000
1776279402.092,102.092,0.5,0.51,0.49,0.5,0.01,0.01,74376.12,1776279401000
1776279402.442,102.442,0.5,0.53,0.47,0.5,0.03,0.03,74376.12,1776279401000
1776279402.821,102.821,0.53,0.54,0.45,0.47,0.01,0.02,74376.12,1776279401000
1776279403.259,103.259,0.54,0.55,0.45,0.46,0.01,0.01,74379.82,1776279402000
1776279403.721,103.721,0.54,0.55,0.45,0.46,0.01,0.01,74379.82,1776279402000
1776279404.121,104.121,0.54,0.55,0.45,0.46,0.01,0.01,74379.82,1776279402000
1776279404.573,104.573,0.55,0.56,0.44,0.45,0.01,0.01,74383.54,1776279403000
1776279404.94,104.94,0.54,0.56,0.44,0.45,0.02,0.01,74383.54,1776279403000
1776279405.289,105.289,0.54,0.55,0.45,0.46,0.01,0.01,74383.54,1776279403000
1776279405.804,105.804,0.54,0.55,0.45,0.46,0.01,0.01,74383.77,1776279404000
1776279406.248,106.248,0.54,0.55,0.45,0.46,0.01,0.01,74383.79,1776279405000
1776279406.916,106.916,0.54,0.55,0.45,0.46,0.01,0.01,74383.79,1776279405000
1776279407.324,107.324,0.55,0.56,0.44,0.45,0.01,0.01,74383.74,1776279406000
1776279408.403,108.403,0.55,0.56,0.44,0.45,0.01,0.01,74383.74,1776279406000
1776279408.953,108.953,0.55,0.56,0.44,0.45,0.01,0.01,74388.26,1776279408000
1776279409.934,109.934,0.55,0.56,0.44,0.45,0.01,0.01,74388.26,1776279408000
1776279410.369,110.369,0.55,0.56,0.44,0.45,0.01,0.01,74383.72,1776279409000
1776279410.929,110.929,0.55,0.56,0.44,0.45,0.01,0.01,74383.72,1776279409000
1776279412.317,112.317,0.55,0.56,0.44,0.45,0.01,0.01,74383.79,1776279411000
1776279412.657,112.657,0.55,0.56,0.44,0.45,0.01,0.01,74383.79,1776279411000
1776279413.079,113.079,0.55,0.56,0.44,0.45,0.01,0.01,74383.79,1776279411000
1776279413.434,113.434,0.55,0.56,0.44,0.45,0.01,0.01,74383.68,1776279412000
1776279414.0,114.0,0.55,0.56,0.44,0.45,0.01,0.01,74383.56,1776279413000
1776279414.35,114.35,0.56,0.58,0.42,0.44,0.02,0.02,74383.56,1776279413000
1776279414.782,114.782,0.58,0.59,0.41,0.44,0.01,0.03,74383.56,1776279413000
1776279415.181,115.181,0.58,0.59,0.41,0.42,0.01,0.01,74383.87,1776279414000
1776279415.594,115.594,0.59,0.61,0.39,0.41,0.02,0.02,74383.87,1776279414000
1776279415.981,115.981,0.59,0.6,0.4,0.41,0.01,0.01,74383.87,1776279414000
1776279416.529,116.529,0.59,0.6,0.39,0.41,0.01,0.02,74388.81,1776279415000
1776279416.886,116.886,0.6,0.61,0.39,0.4,0.01,0.01,74388.81,1776279415000
1776279417.389,117.389,0.6,0.61,0.39,0.4,0.01,0.01,74391.09,1776279416000
1776279417.775,117.775,0.62,0.63,0.37,0.38,0.01,0.01,74391.09,1776279416000
1776279418.11,118.11,0.62,0.63,0.37,0.38,0.01,0.01,74392.09,1776279417000
1776279418.632,118.632,0.62,0.63,0.37,0.38,0.01,0.01,74392.09,1776279417000
1776279418.985,118.985,0.62,0.63,0.37,0.38,0.01,0.01,74392.09,1776279417000
1776279419.573,119.573,0.62,0.63,0.37,0.38,0.01,0.01,74392.36,1776279418000
1776279419.915,119.915,0.62,0.63,0.37,0.38,0.01,0.01,74392.36,1776279418000
1776279420.27,120.27,0.6,0.61,0.37,0.39,0.01,0.02,74392.36,1776279418000
1776279420.624,120.624,0.57,0.58,0.39,0.41,0.01,0.02,74392.36,1776279418000
1776279421.013,121.013,0.57,0.58,0.42,0.43,0.01,0.01,74392.22,1776279419000
1776279421.447,121.447,0.57,0.58,0.42,0.43,0.01,0.01,74392.18,1776279420000
1776279421.959,121.959,0.55,0.56,0.43,0.44,0.01,0.01,74392.18,1776279420000
1776279422.317,122.317,0.54,0.55,0.45,0.46,0.01,0.01,74392.18,1776279420000
1776279422.789,122.789,0.54,0.55,0.45,0.46,0.01,0.01,74389.11,1776279421000
1776279423.131,123.131,0.54,0.55,0.45,0.46,0.01,0.01,74386.8,1776279422000
1776279423.804,123.804,0.54,0.55,0.45,0.46,0.01,0.01,74386.8,1776279422000
1776279424.368,124.368,0.53,0.54,0.45,0.46,0.01,0.01,74386.59,1776279423000
1776279425.105,125.105,0.53,0.54,0.46,0.47,0.01,0.01,74386.59,1776279423000
1776279425.835,125.835,0.53,0.54,0.46,0.47,0.01,0.01,74386.13,1776279425000
1776279426.912,126.912,0.53,0.54,0.46,0.47,0.01,0.01,74386.02,1776279426000
1776279427.248,127.248,0.53,0.54,0.46,0.47,0.01,0.01,74386.02,1776279426000
1776279428.054,128.054,0.53,0.54,0.46,0.47,0.01,0.01,74385.89,1776279427000
1776279428.512,128.512,0.53,0.54,0.46,0.47,0.01,0.01,74385.89,1776279427000
1776279429.078,129.078,0.53,0.54,0.46,0.47,0.01,0.01,74385.89,1776279427000
1776279429.425,129.425,0.53,0.54,0.46,0.47,0.01,0.01,74385.92,1776279428000
1776279430.124,130.124,0.51,0.52,0.48,0.49,0.01,0.01,74385.92,1776279428000
1776279430.523,130.523,0.53,0.54,0.46,0.47,0.01,0.01,74386.0,1776279429000
1776279431.043,131.043,0.53,0.54,0.46,0.47,0.01,0.01,74386.0,1776279429000
1776279431.418,131.418,0.53,0.54,0.46,0.47,0.01,0.01,74385.49,1776279430000
1776279431.787,131.787,0.52,0.54,0.46,0.48,0.02,0.02,74385.49,1776279430000
1776279432.125,132.125,0.53,0.54,0.46,0.47,0.01,0.01,74384.97,1776279431000
1776279432.589,132.589,0.53,0.54,0.46,0.47,0.01,0.01,74384.97,1776279431000
1776279432.985,132.985,0.54,0.55,0.45,0.46,0.01,0.01,74384.97,1776279431000
1776279433.346,133.346,0.54,0.55,0.45,0.46,0.01,0.01,74384.75,1776279432000
1776279433.818,133.818,0.54,0.55,0.45,0.46,0.01,0.01,74384.75,1776279432000
1776279434.229,134.229,0.54,0.55,0.45,0.46,0.01,0.01,74384.63,1776279433000
1776279434.607,134.607,0.54,0.55,0.45,0.46,0.01,0.01,74384.63,1776279433000
1776279434.953,134.953,0.54,0.55,0.45,0.46,0.01,0.01,74384.63,1776279433000
1776279435.412,135.412,0.54,0.55,0.45,0.46,0.01,0.01,74386.0,1776279434000
1776279436.036,136.036,0.52,0.53,0.45,0.48,0.01,0.03,74386.0,1776279434000
1776279436.393,136.393,0.52,0.53,0.47,0.48,0.01,0.01,74385.64,1776279435000
1776279436.993,136.993,0.54,0.55,0.47,0.48,0.01,0.01,74385.64,1776279435000
1776279437.349,137.349,0.54,0.56,0.44,0.46,0.02,0.02,74385.62,1776279436000
1776279437.749,137.749,0.55,0.56,0.44,0.45,0.01,0.01,74385.62,1776279436000
1776279438.087,138.087,0.55,0.56,0.44,0.45,0.01,0.01,74385.62,1776279436000
1776279438.427,138.427,0.55,0.56,0.44,0.45,0.01,0.01,74385.44,1776279437000
1776279438.924,138.924,0.55,0.56,0.44,0.45,0.01,0.01,74385.44,1776279437000
1776279439.319,139.319,0.55,0.56,0.44,0.45,0.01,0.01,74385.44,1776279437000
1776279439.997,139.997,0.55,0.56,0.44,0.45,0.01,0.01,74386.15,1776279439000
1776279440.388,140.388,0.55,0.56,0.44,0.45,0.01,0.01,74386.15,1776279439000
1776279440.765,140.765,0.54,0.56,0.44,0.45,0.02,0.01,74386.15,1776279439000
1776279441.306,141.306,0.54,0.55,0.45,0.46,0.01,0.01,74386.1,1776279440000
1776279441.787,141.787,0.53,0.54,0.45,0.47,0.01,0.02,74386.1,1776279440000
1776279442.239,142.239,0.54,0.55,0.46,0.47,0.01,0.01,74386.1,1776279440000
1776279442.603,142.603,0.55,0.57,0.43,0.45,0.02,0.02,74385.68,1776279441000
1776279443.066,143.066,0.56,0.57,0.43,0.44,0.01,0.01,74385.68,1776279441000
1776279443.545,143.545,0.58,0.6,0.41,0.42,0.02,0.01,74385.23,1776279442000
1776279443.88,143.88,0.6,0.61,0.39,0.4,0.01,0.01,74385.23,1776279442000
1776279444.307,144.307,0.6,0.64,0.36,0.4,0.04,0.04,74385.78,1776279443000
1776279444.663,144.663,0.62,0.63,0.37,0.38,0.01,0.01,74385.78,1776279443000
1776279445.057,145.057,0.62,0.63,0.37,0.38,0.01,0.01,74387.45,1776279444000
1776279445.408,145.408,0.62,0.63,0.37,0.38,0.01,0.01,74387.45,1776279444000
1776279445.747,145.747,0.63,0.64,0.36,0.37,0.01,0.01,74387.45,1776279444000
1776279446.191,146.191,0.63,0.64,0.36,0.37,0.01,0.01,74387.45,1776279444000
1776279446.585,146.585,0.63,0.64,0.36,0.37,0.01,0.01,74393.63,1776279445000
1776279446.954,146.954,0.64,0.65,0.35,0.36,0.01,0.01,74393.63,1776279445000
1776279447.32,147.32,0.64,0.65,0.35,0.36,0.01,0.01,74393.63,1776279445000
1776279447.82,147.82,0.64,0.65,0.35,0.36,0.01,0.01,74392.99,1776279446000
1776279448.265,148.265,0.64,0.65,0.35,0.36,0.01,0.01,74393.46,1776279447000
1776279448.657,148.657,0.64,0.65,0.35,0.36,0.01,0.01,74393.46,1776279447000
1776279449.037,149.037,0.64,0.65,0.35,0.36,0.01,0.01,74393.46,1776279447000
1776279449.455,149.455,0.64,0.65,0.35,0.36,0.01,0.01,74393.44,1776279448000
1776279450.012,150.012,0.64,0.65,0.35,0.36,0.01,0.01,74393.44,1776279448000
1776279450.908,150.908,0.64,0.65,0.35,0.36,0.01,0.01,74393.44,1776279448000
1776279451.279,151.279,0.64,0.65,0.35,0.36,0.01,0.01,74393.62,1776279450000
1776279452.052,152.052,0.64,0.65,0.35,0.36,0.01,0.01,74393.62,1776279450000
1776279452.585,152.585,0.64,0.65,0.35,0.36,0.01,0.01,74393.62,1776279451000
1776279452.938,152.938,0.64,0.65,0.35,0.36,0.01,0.01,74393.62,1776279451000
1776279453.687,153.687,0.64,0.65,0.35,0.36,0.01,0.01,74393.6,1776279452000
1776279454.109,154.109,0.66,0.67,0.33,0.34,0.01,0.01,74393.6,1776279452000
1776279454.541,154.541,0.68,0.69,0.31,0.33,0.01,0.02,74393.64,1776279453000
1776279454.931,154.931,0.68,0.69,0.31,0.32,0.01,0.01,74393.64,1776279453000
1776279455.3,155.3,0.65,0.66,0.34,0.35,0.01,0.01,74393.64,1776279453000
1776279455.657,155.657,0.65,0.66,0.34,0.35,0.01,0.01,74396.0,1776279454000
1776279455.992,155.992,0.65,0.66,0.34,0.35,0.01,0.01,74398.31,1776279455000
1776279456.354,156.354,0.65,0.66,0.34,0.35,0.01,0.01,74398.31,1776279455000
1776279456.735,156.735,0.65,0.66,0.34,0.35,0.01,0.01,74398.31,1776279455000
1776279457.135,157.135,0.65,0.66,0.34,0.35,0.01,0.01,74398.47,1776279456000
1776279457.51,157.51,0.65,0.66,0.34,0.35,0.01,0.01,74398.47,1776279456000
1776279458.086,158.086,0.65,0.66,0.34,0.35,0.01,0.01,74398.47,1776279456000
1776279458.638,158.638,0.65,0.66,0.34,0.35,0.01,0.01,74396.87,1776279457000
1776279459.192,159.192,0.66,0.67,0.33,0.35,0.01,0.02,74396.87,1776279457000
1776279459.689,159.689,0.66,0.67,0.33,0.34,0.01,0.01,74396.94,1776279458000
1776279460.173,160.173,0.65,0.66,0.33,0.35,0.01,0.02,74396.94,1776279458000
1776279460.619,160.619,0.65,0.66,0.34,0.35,0.01,0.01,74397.43,1776279459000
1776279460.976,160.976,0.64,0.66,0.34,0.35,0.02,0.01,74397.43,1776279459000
1776279461.335,161.335,0.62,0.63,0.37,0.38,0.01,0.01,74397.43,1776279459000
1776279461.684,161.684,0.6,0.61,0.37,0.39,0.01,0.02,74397.42,1776279460000
1776279462.019,162.019,0.6,0.61,0.39,0.41,0.01,0.02,74397.42,1776279460000
1776279462.374,162.374,0.57,0.59,0.41,0.42,0.02,0.01,74397.42,1776279460000
1776279462.994,162.994,0.58,0.59,0.41,0.42,0.01,0.01,74396.46,1776279461000
1776279463.596,163.596,0.57,0.59,0.41,0.42,0.02,0.01,74393.76,1776279462000
1776279464.145,164.145,0.57,0.58,0.42,0.43,0.01,0.01,74393.76,1776279462000
1776279464.509,164.509,0.57,0.58,0.42,0.43,0.01,0.01,74392.99,1776279463000
1776279464.845,164.845,0.57,0.58,0.42,0.43,0.01,0.01,74392.99,1776279463000
1776279465.201,165.201,0.56,0.58,0.42,0.43,0.02,0.01,74392.99,1776279463000
1776279465.914,165.914,0.56,0.58,0.42,0.44,0.02,0.02,74390.92,1776279464000
1776279466.36,166.36,0.56,0.58,0.42,0.44,0.02,0.02,74389.75,1776279465000
1776279466.967,166.967,0.57,0.58,0.42,0.44,0.01,0.02,74389.75,1776279465000
1776279467.316,167.316,0.56,0.57,0.42,0.44,0.01,0.02,74389.75,1776279465000
1776279467.68,167.68,0.54,0.56,0.43,0.46,0.02,0.03,74389.15,1776279466000
1776279468.03,168.03,0.56,0.57,0.43,0.44,0.01,0.01,74389.15,1776279466000
1776279468.705,168.705,0.56,0.57,0.43,0.44,0.01,0.01,74387.32,1776279467000
1776279469.071,169.071,0.56,0.57,0.43,0.44,0.01,0.01,74387.32,1776279467000
1776279469.485,169.485,0.56,0.58,0.42,0.44,0.02,0.02,74387.32,1776279468000
1776279469.823,169.823,0.56,0.59,0.43,0.44,0.03,0.01,74387.32,1776279468000
1776279470.233,170.233,0.58,0.59,0.4,0.42,0.01,0.02,74387.32,1776279468000
1776279470.602,170.602,0.61,0.62,0.38,0.39,0.01,0.01,74390.86,1776279469000
1776279470.964,170.964,0.61,0.62,0.37,0.39,0.01,0.02,74390.86,1776279469000
1776279471.306,171.306,0.62,0.65,0.35,0.38,0.03,0.03,74393.98,1776279470000
1776279472.296,172.296,0.62,0.65,0.35,0.38,0.03,0.03,74394.87,1776279471000
1776279472.859,172.859,0.62,0.65,0.35,0.36,0.03,0.01,74394.87,1776279471000
1776279473.206,173.206,0.62,0.65,0.35,0.38,0.03,0.03,74396.12,1776279472000
1776279473.642,173.642,0.63,0.64,0.36,0.38,0.01,0.02,74396.12,1776279472000
1776279474.235,174.235,0.63,0.64,0.36,0.37,0.01,0.01,74399.2,1776279473000
1776279474.748,174.748,0.63,0.64,0.36,0.37,0.01,0.01,74399.2,1776279473000
1776279475.107,175.107,0.64,0.65,0.35,0.37,0.01,0.02,74399.2,1776279473000
1776279475.473,175.473,0.63,0.64,0.36,0.37,0.01,0.01,74402.27,1776279474000
1776279475.922,175.922,0.63,0.64,0.36,0.37,0.01,0.01,74402.27,1776279474000
1776279476.271,176.271,0.64,0.65,0.34,0.36,0.01,0.02,74402.9,1776279475000
1776279476.607,176.607,0.64,0.65,0.35,0.36,0.01,0.01,74402.9,1776279475000
1776279476.942,176.942,0.65,0.66,0.34,0.36,0.01,0.02,74402.9,1776279475000
1776279477.301,177.301,0.65,0.66,0.33,0.35,0.01,0.02,74403.01,1776279476000
1776279477.772,177.772,0.65,0.66,0.34,0.35,0.01,0.01,74403.01,1776279476000
1776279478.107,178.107,0.65,0.66,0.34,0.35,0.01,0.01,74403.01,1776279476000
1776279479.176,179.176,0.64,0.65,0.35,0.36,0.01,0.01,74403.01,1776279477000
1776279479.903,179.903,0.64,0.65,0.35,0.36,0.01,0.01,74401.07,1776279478000
1776279480.304,180.304,0.64,0.65,0.35,0.36,0.01,0.01,74399.19,1776279479000
1776279481.525,181.525,0.64,0.65,0.35,0.36,0.01,0.01,74398,1776279480000
1776279482.1,182.1,0.64,0.65,0.35,0.36,0.01,0.01,74398,1776279480000
1776279482.446,182.446,0.64,0.65,0.35,0.36,0.01,0.01,74398,1776279480000
1776279482.968,182.968,0.64,0.65,0.35,0.36,0.01,0.01,74398,1776279480000
1776279483.317,183.317,0.64,0.66,0.35,0.36,0.02,0.01,74398,1776279481000
1776279483.651,183.651,0.64,0.66,0.34,0.36,0.02,0.02,74386.03,1776279482000
1776279484.003,184.003,0.64,0.65,0.35,0.36,0.01,0.01,74386.03,1776279482000
1776279484.356,184.356,0.64,0.65,0.35,0.36,0.01,0.01,74377.27,1776279483000
1776279484.726,184.726,0.64,0.65,0.35,0.36,0.01,0.01,74377.27,1776279483000
1776279485.073,185.073,0.56,0.57,0.41,0.43,0.01,0.02,74377.27,1776279483000
1776279485.413,185.413,0.54,0.58,0.42,0.46,0.04,0.04,74377.27,1776279483000
1776279485.784,185.784,0.64,0.65,0.35,0.36,0.01,0.01,74377.27,1776279483000
1776279486.406,186.406,0.53,0.6,0.4,0.47,0.07,0.07,74372.04,1776279485000
1776279487.021,187.021,0.53,0.59,0.4,0.47,0.06,0.07,74372.04,1776279485000
1776279487.892,187.892,0.53,0.59,0.41,0.47,0.06,0.06,74372.55,1776279486000
1776279488.26,188.26,0.52,0.57,0.43,0.48,0.05,0.05,74372.55,1776279486000
1776279488.816,188.816,0.52,0.54,0.43,0.48,0.02,0.05,74373.52,1776279487000
1776279489.154,189.154,0.52,0.54,0.46,0.48,0.02,0.02,74375.92,1776279488000
1776279490.155,190.155,0.51,0.54,0.46,0.48,0.03,0.02,74375.92,1776279488000
1776279490.504,190.504,0.51,0.61,0.48,0.49,0.1,0.01,74375.72,1776279489000
1776279491.037,191.037,0.56,0.62,0.38,0.39,0.06,0.01,74375.72,1776279489000
1776279491.374,191.374,0.56,0.61,0.39,0.44,0.05,0.05,74375.72,1776279490000
1776279491.718,191.718,0.53,0.63,0.37,0.47,0.1,0.1,74375.72,1776279490000
1776279492.058,192.058,0.53,0.54,0.46,0.47,0.01,0.01,74375.72,1776279490000
1776279492.447,192.447,0.53,0.54,0.46,0.48,0.01,0.02,74375.72,1776279490000
1776279493.143,193.143,0.53,0.54,0.46,0.47,0.01,0.01,74374.49,1776279492000
1776279493.487,193.487,0.53,0.54,0.46,0.47,0.01,0.01,74374.49,1776279492000
1776279493.907,193.907,0.53,0.61,0.37,0.47,0.08,0.1,74374.49,1776279492000
1776279494.267,194.267,0.52,0.61,0.39,0.41,0.09,0.02,74374.49,1776279492000
1776279494.605,194.605,0.52,0.55,0.4,0.48,0.03,0.08,74374.49,1776279492000
1776279495.058,195.058,0.52,0.54,0.46,0.48,0.02,0.02,74373.65,1776279493000
1776279495.783,195.783,0.52,0.54,0.46,0.48,0.02,0.02,74373.65,1776279493000
1776279496.269,196.269,0.52,0.54,0.46,0.48,0.02,0.02,74376.09,1776279494000
1776279496.62,196.62,0.52,0.54,0.46,0.48,0.02,0.02,74376.09,1776279494000
1776279496.97,196.97,0.53,0.56,0.46,0.47,0.03,0.01,74376.09,1776279494000
1776279497.303,197.303,0.53,0.61,0.39,0.47,0.08,0.08,74376.81,1776279495000
1776279497.809,197.809,0.52,0.61,0.39,0.48,0.09,0.09,74376.86,1776279496000
1776279498.404,198.404,0.53,0.54,0.39,0.48,0.01,0.09,74376.86,1776279496000
1776279498.77,198.77,0.53,0.54,0.46,0.47,0.01,0.01,74379.21,1776279497000
1776279499.224,199.224,0.52,0.54,0.46,0.47,0.02,0.01,74379.9,1776279498000
1776279499.563,199.563,0.53,0.61,0.39,0.47,0.08,0.08,74379.9,1776279498000
1776279500.302,200.302,0.58,0.59,0.41,0.47,0.01,0.06,74379.9,1776279498000
1776279500.683,200.683,0.52,0.54,0.46,0.48,0.02,0.02,74378.38,1776279499000
1776279501.068,201.068,0.53,0.54,0.46,0.47,0.01,0.01,74377.29,1776279500000
1776279501.417,201.417,0.53,0.54,0.46,0.47,0.01,0.01,74377.29,1776279500000
1776279501.775,201.775,0.52,0.53,0.47,0.48,0.01,0.01,74377.29,1776279500000
1776279502.155,202.155,0.52,0.53,0.47,0.48,0.01,0.01,74377.29,1776279500000
1776279502.559,202.559,0.52,0.53,0.47,0.48,0.01,0.01,74375.61,1776279501000
1776279502.917,202.917,0.52,0.53,0.47,0.48,0.01,0.01,74375.61,1776279501000
1776279503.329,203.329,0.52,0.53,0.47,0.48,0.01,0.01,74375.61,1776279501000
1776279503.688,203.688,0.52,0.53,0.47,0.48,0.01,0.01,74375.56,1776279502000
1776279504.216,204.216,0.52,0.53,0.47,0.48,0.01,0.01,74375.56,1776279502000
1776279504.632,204.632,0.52,0.53,0.47,0.49,0.01,0.02,74375.59,1776279503000
1776279505.046,205.046,0.52,0.53,0.47,0.48,0.01,0.01,74375.59,1776279503000
1776279505.512,205.512,0.52,0.53,0.47,0.48,0.01,0.01,74375.59,1776279503000
1776279505.877,205.877,0.52,0.53,0.47,0.48,0.01,0.01,74375.22,1776279504000
1776279506.906,206.906,0.52,0.53,0.47,0.48,0.01,0.01,74375.64,1776279505000
1776279507.535,207.535,0.52,0.53,0.47,0.48,0.01,0.01,74377.63,1776279506000
1776279507.933,207.933,0.52,0.53,0.47,0.48,0.01,0.01,74377.63,1776279506000
1776279508.508,208.508,0.52,0.53,0.47,0.48,0.01,0.01,74377.47,1776279507000
1776279508.889,208.889,0.51,0.52,0.48,0.49,0.01,0.01,74377.47,1776279507000
1776279509.251,209.251,0.51,0.52,0.48,0.49,0.01,0.01,74377.47,1776279507000
1776279509.73,209.73,0.51,0.52,0.48,0.49,0.01,0.01,74375.47,1776279508000
1776279510.122,210.122,0.51,0.52,0.48,0.49,0.01,0.01,74377.24,1776279509000
1776279510.568,210.568,0.5,0.51,0.48,0.5,0.01,0.02,74377.24,1776279509000
1776279511.003,211.003,0.5,0.51,0.49,0.5,0.01,0.01,74377.24,1776279509000
1776279511.649,211.649,0.5,0.51,0.49,0.5,0.01,0.01,74376.28,1776279510000
1776279512.073,212.073,0.5,0.51,0.49,0.5,0.01,0.01,74376.28,1776279510000
1776279512.452,212.452,0.5,0.51,0.49,0.5,0.01,0.01,74376.28,1776279511000
1776279512.857,212.857,0.5,0.51,0.49,0.5,0.01,0.01,74376.28,1776279511000
1776279513.213,213.213,0.49,0.5,0.5,0.51,0.01,0.01,74376.28,1776279511000
1776279513.611,213.611,0.49,0.5,0.5,0.51,0.01,0.01,74376.04,1776279512000
1776279513.976,213.976,0.49,0.5,0.5,0.51,0.01,0.01,74376.04,1776279513000
1776279514.371,214.371,0.49,0.5,0.5,0.51,0.01,0.01,74376.04,1776279513000
1776279514.933,214.933,0.49,0.5,0.5,0.51,0.01,0.01,74376.04,1776279513000
1776279515.319,215.319,0.47,0.48,0.51,0.55,0.01,0.04,74376.85,1776279514000
1776279515.653,215.653,0.43,0.46,0.54,0.55,0.03,0.01,74376.85,1776279514000
1776279516.014,216.014,0.45,0.46,0.54,0.55,0.01,0.01,74376.85,1776279514000
1776279516.646,216.646,0.43,0.44,0.54,0.56,0.01,0.02,74375.66,1776279515000
1776279517.02,217.02,0.42,0.44,0.56,0.58,0.02,0.02,74371.18,1776279516000
1776279517.413,217.413,0.4,0.41,0.57,0.6,0.01,0.03,74371.18,1776279516000
1776279517.747,217.747,0.4,0.41,0.59,0.6,0.01,0.01,74371.18,1776279516000
1776279518.109,218.109,0.4,0.41,0.59,0.6,0.01,0.01,74369.68,1776279517000
1776279518.627,218.627,0.39,0.4,0.6,0.61,0.01,0.01,74369.68,1776279517000
1776279519.028,219.028,0.39,0.4,0.6,0.61,0.01,0.01,74369.38,1776279518000
1776279519.384,219.384,0.39,0.4,0.6,0.61,0.01,0.01,74369.38,1776279518000
1776279519.747,219.747,0.39,0.41,0.6,0.61,0.02,0.01,74369.38,1776279518000
1776279520.104,220.104,0.43,0.44,0.56,0.57,0.01,0.01,74370.87,1776279519000
1776279520.494,220.494,0.47,0.48,0.53,0.55,0.01,0.02,74370.87,1776279519000
1776279520.837,220.837,0.47,0.48,0.52,0.53,0.01,0.01,74370.87,1776279519000
1776279521.262,221.262,0.53,0.54,0.46,0.47,0.01,0.01,74371.11,1776279520000
1776279521.602,221.602,0.54,0.55,0.43,0.47,0.01,0.04,74371.11,1776279520000
1776279521.937,221.937,0.56,0.59,0.41,0.45,0.03,0.04,74371.11,1776279520000
1776279522.29,222.29,0.59,0.6,0.4,0.41,0.01,0.01,74371.11,1776279520000
1776279522.645,222.645,0.59,0.61,0.4,0.41,0.02,0.01,74378.89,1776279521000
1776279523.006,223.006,0.59,0.6,0.39,0.41,0.01,0.02,74378.89,1776279521000
1776279523.346,223.346,0.6,0.62,0.39,0.4,0.02,0.01,74390.25,1776279522000
1776279523.701,223.701,0.61,0.62,0.38,0.39,0.01,0.01,74390.25,1776279522000
1776279524.056,224.056,0.62,0.63,0.37,0.39,0.01,0.02,74390.25,1776279522000
1776279524.399,224.399,0.65,0.67,0.35,0.38,0.02,0.03,74391.05,1776279523000
1776279524.737,224.737,0.67,0.7,0.3,0.33,0.03,0.03,74391.05,1776279523000
1776279525.076,225.076,0.68,0.7,0.31,0.32,0.02,0.01,74391.05,1776279523000
1776279525.608,225.608,0.7,0.71,0.29,0.3,0.01,0.01,74392.17,1776279524000
1776279525.947,225.947,0.71,0.73,0.29,0.3,0.02,0.01,74392.17,1776279524000
1776279526.302,226.302,0.71,0.73,0.28,0.29,0.02,0.01,74392.17,1776279524000
1776279526.646,226.646,0.73,0.74,0.26,0.27,0.01,0.01,74392.17,1776279524000
1776279527.002,227.002,0.74,0.76,0.25,0.26,0.02,0.01,74392.17,1776279524000
1776279527.338,227.338,0.76,0.77,0.23,0.24,0.01,0.01,74403.65,1776279525000
1776279527.684,227.684,0.76,0.77,0.23,0.24,0.01,0.01,74403.65,1776279525000
1776279528.026,228.026,0.78,0.79,0.21,0.22,0.01,0.01,74406.54,1776279526000
1776279528.39,228.39,0.78,0.79,0.21,0.22,0.01,0.01,74406.54,1776279526000
1776279528.841,228.841,0.79,0.8,0.2,0.21,0.01,0.01,74406.83,1776279527000
1776279529.236,229.236,0.82,0.84,0.17,0.19,0.02,0.02,74407.23,1776279528000
1776279529.61,229.61,0.83,0.84,0.16,0.17,0.01,0.01,74407.23,1776279528000
1776279529.955,229.955,0.83,0.84,0.16,0.17,0.01,0.01,74407.23,1776279528000
1776279530.312,230.312,0.83,0.84,0.16,0.17,0.01,0.01,74409.16,1776279529000
1776279530.758,230.758,0.84,0.85,0.15,0.16,0.01,0.01,74409.16,1776279529000
1776279531.138,231.138,0.84,0.85,0.15,0.16,0.01,0.01,74409.16,1776279529000
1776279531.504,231.504,0.84,0.85,0.15,0.16,0.01,0.01,74410.58,1776279530000
1776279531.915,231.915,0.85,0.86,0.14,0.15,0.01,0.01,74410.58,1776279530000
1776279532.279,232.279,0.85,0.86,0.14,0.15,0.01,0.01,74410.84,1776279531000
1776279532.645,232.645,0.86,0.87,0.13,0.15,0.01,0.02,74410.84,1776279531000
1776279532.979,232.979,0.86,0.87,0.13,0.14,0.01,0.01,74410.84,1776279531000
1776279533.395,233.395,0.86,0.87,0.13,0.14,0.01,0.01,74410.24,1776279532000
1776279533.774,233.774,0.88,0.89,0.11,0.12,0.01,0.01,74410.24,1776279532000
1776279534.155,234.155,0.89,0.91,0.1,0.11,0.02,0.01,74410.24,1776279532000
1776279534.491,234.491,0.9,0.91,0.09,0.1,0.01,0.01,74410.94,1776279533000
1776279534.829,234.829,0.9,0.91,0.09,0.1,0.01,0.01,74410.94,1776279533000
1776279535.222,235.222,0.9,0.91,0.09,0.1,0.01,0.01,74412.45,1776279534000
1776279535.56,235.56,0.87,0.88,0.12,0.13,0.01,0.01,74412.45,1776279534000
1776279535.912,235.912,0.87,0.88,0.12,0.13,0.01,0.01,74412.45,1776279534000
1776279536.253,236.253,0.87,0.88,0.12,0.13,0.01,0.01,74412.45,1776279534000
1776279536.587,236.587,0.87,0.88,0.12,0.13,0.01,0.01,74414.86,1776279535000
1776279536.928,236.928,0.87,0.88,0.12,0.13,0.01,0.01,74414.86,1776279535000
1776279537.336,237.336,0.87,0.88,0.12,0.13,0.01,0.01,74414.86,1776279535000
1776279537.963,237.963,0.87,0.88,0.12,0.13,0.01,0.01,74414.57,1776279536000
1776279538.298,238.298,0.86,0.88,0.12,0.14,0.02,0.02,74412.95,1776279537000
1776279538.667,238.667,0.86,0.87,0.13,0.14,0.01,0.01,74412.95,1776279537000
1776279539.055,239.055,0.86,0.87,0.13,0.14,0.01,0.01,74412.95,1776279537000
1776279539.456,239.456,0.86,0.87,0.13,0.14,0.01,0.01,74412.44,1776279538000
1776279539.944,239.944,0.86,0.87,0.13,0.14,0.01,0.01,74412.44,1776279538000
1776279540.454,240.454,0.86,0.87,0.13,0.14,0.01,0.01,74412.44,1776279538000
1776279540.801,240.801,0.85,0.86,0.14,0.15,0.01,0.01,74412.44,1776279538000
1776279541.478,241.478,0.85,0.86,0.14,0.15,0.01,0.01,74410.95,1776279540000
1776279541.833,241.833,0.85,0.87,0.13,0.14,0.02,0.01,74410.95,1776279540000
1776279542.214,242.214,0.86,0.87,0.13,0.14,0.01,0.01,74410.66,1776279541000
1776279542.582,242.582,0.86,0.87,0.13,0.14,0.01,0.01,74410.66,1776279541000
1776279542.918,242.918,0.86,0.87,0.13,0.14,0.01,0.01,74410.66,1776279541000
1776279543.262,243.262,0.86,0.87,0.13,0.14,0.01,0.01,74410.62,1776279542000
1776279543.611,243.611,0.86,0.87,0.13,0.14,0.01,0.01,74410.62,1776279542000
1776279544.031,244.031,0.86,0.87,0.13,0.14,0.01,0.01,74410.62,1776279542000
1776279544.49,244.49,0.86,0.87,0.13,0.14,0.01,0.01,74410.39,1776279543000
1776279544.841,244.841,0.86,0.87,0.13,0.14,0.01,0.01,74410.39,1776279543000
1776279545.18,245.18,0.86,0.87,0.13,0.14,0.01,0.01,74410.39,1776279543000
1776279545.577,245.577,0.87,0.88,0.12,0.13,0.01,0.01,74410.12,1776279544000
1776279545.911,245.911,0.86,0.87,0.12,0.15,0.01,0.03,74410.12,1776279544000
1776279546.284,246.284,0.86,0.87,0.13,0.14,0.01,0.01,74410.14,1776279545000
1776279546.718,246.718,0.86,0.87,0.13,0.14,0.01,0.01,74410.14,1776279545000
1776279547.054,247.054,0.8,0.85,0.15,0.18,0.05,0.03,74410.14,1776279545000
1776279547.389,247.389,0.77,0.78,0.22,0.23,0.01,0.01,74410.23,1776279546000
1776279547.724,247.724,0.77,0.79,0.21,0.23,0.02,0.02,74410.23,1776279546000
1776279548.099,248.099,0.75,0.76,0.24,0.25,0.01,0.01,74410.23,1776279546000
1776279548.448,248.448,0.75,0.76,0.24,0.25,0.01,0.01,74402.6,1776279547000
1776279548.815,248.815,0.76,0.77,0.23,0.24,0.01,0.01,74402.6,1776279547000
1776279549.168,249.168,0.78,0.79,0.2,0.22,0.01,0.02,74402.6,1776279547000
1776279549.573,249.573,0.79,0.8,0.2,0.21,0.01,0.01,74399.01,1776279548000
1776279550.045,250.045,0.79,0.8,0.2,0.21,0.01,0.01,74399.01,1776279548000
1776279550.411,250.411,0.8,0.81,0.19,0.21,0.01,0.02,74399.01,1776279548000
1776279550.747,250.747,0.8,0.82,0.18,0.2,0.02,0.02,74399.64,1776279549000
1776279551.104,251.104,0.81,0.82,0.18,0.19,0.01,0.01,74399.64,1776279549000
1776279551.437,251.437,0.81,0.82,0.18,0.19,0.01,0.01,74399.99,1776279550000
1776279551.775,251.775,0.81,0.82,0.18,0.19,0.01,0.01,74399.99,1776279550000
1776279552.191,252.191,0.81,0.82,0.18,0.19,0.01,0.01,74399.99,1776279550000
1776279552.629,252.629,0.81,0.82,0.18,0.19,0.01,0.01,74399.99,1776279550000
1776279553.072,253.072,0.81,0.82,0.18,0.19,0.01,0.01,74400.41,1776279551000
1776279553.449,253.449,0.8,0.81,0.18,0.2,0.01,0.02,74400.69,1776279552000
1776279553.789,253.789,0.78,0.79,0.21,0.22,0.01,0.01,74400.69,1776279552000
1776279554.267,254.267,0.78,0.79,0.21,0.22,0.01,0.01,74400.69,1776279552000
1776279554.649,254.649,0.78,0.79,0.21,0.22,0.01,0.01,74400.82,1776279553000
1776279555.232,255.232,0.77,0.78,0.22,0.23,0.01,0.01,74400.84,1776279554000
1776279555.645,255.645,0.77,0.78,0.22,0.23,0.01,0.01,74400.84,1776279554000
1776279555.983,255.983,0.77,0.78,0.22,0.23,0.01,0.01,74400.84,1776279554000
1776279556.317,256.317,0.77,0.78,0.22,0.23,0.01,0.01,74400.21,1776279555000
1776279556.892,256.892,0.76,0.77,0.23,0.24,0.01,0.01,74400.21,1776279555000
1776279557.26,257.26,0.83,0.84,0.16,0.17,0.01,0.01,74399.31,1776279556000
1776279557.784,257.784,0.83,0.84,0.16,0.17,0.01,0.01,74399.31,1776279556000
1776279558.153,258.153,0.83,0.84,0.16,0.17,0.01,0.01,74399.24,1776279557000
1776279558.698,258.698,0.83,0.84,0.16,0.17,0.01,0.01,74399.24,1776279557000
1776279559.144,259.144,0.81,0.82,0.17,0.19,0.01,0.02,74399.69,1776279558000
1776279559.48,259.48,0.81,0.83,0.17,0.19,0.02,0.02,74399.69,1776279558000
1776279559.929,259.929,0.82,0.83,0.17,0.18,0.01,0.01,74402.21,1776279559000
1776279560.322,260.322,0.82,0.83,0.17,0.18,0.01,0.01,74402.21,1776279559000
1776279561.071,261.071,0.82,0.83,0.17,0.18,0.01,0.01,74402.21,1776279559000
1776279561.431,261.431,0.82,0.83,0.17,0.18,0.01,0.01,74402.04,1776279560000
1776279561.882,261.882,0.83,0.84,0.17,0.18,0.01,0.01,74402.04,1776279560000
1776279562.366,262.366,0.84,0.85,0.16,0.17,0.01,0.01,74402.04,1776279560000
1776279562.779,262.779,0.84,0.85,0.15,0.16,0.01,0.01,74402.81,1776279561000
1776279563.197,263.197,0.84,0.85,0.15,0.16,0.01,0.01,74402.81,1776279561000
1776279563.598,263.598,0.87,0.88,0.12,0.14,0.01,0.02,74403.0,1776279562000
1776279564.139,264.139,0.87,0.88,0.12,0.13,0.01,0.01,74403.0,1776279562000
1776279564.491,264.491,0.88,0.89,0.11,0.13,0.01,0.02,74404.58,1776279563000
1776279564.84,264.84,0.88,0.89,0.11,0.12,0.01,0.01,74404.58,1776279563000
1776279565.284,265.284,0.88,0.89,0.11,0.12,0.01,0.01,74404.58,1776279563000
1776279565.718,265.718,0.89,0.9,0.1,0.11,0.01,0.01,74405.49,1776279564000
1776279566.109,266.109,0.89,0.9,0.1,0.11,0.01,0.01,74405.49,1776279564000
1776279566.459,266.459,0.89,0.9,0.1,0.11,0.01,0.01,74406.08,1776279565000
1776279566.813,266.813,0.9,0.91,0.1,0.11,0.01,0.01,74406.08,1776279565000
1776279567.184,267.184,0.9,0.91,0.09,0.1,0.01,0.01,74406.08,1776279565000
1776279567.598,267.598,0.9,0.91,0.09,0.1,0.01,0.01,74406.1,1776279566000
1776279568.071,268.071,0.9,0.91,0.09,0.1,0.01,0.01,74406.1,1776279566000
1776279568.552,268.552,0.91,0.92,0.08,0.1,0.01,0.02,74406.05,1776279567000
1776279568.903,268.903,0.91,0.92,0.08,0.09,0.01,0.01,74406.05,1776279567000
1776279569.261,269.261,0.91,0.92,0.08,0.09,0.01,0.01,74405.46,1776279568000
1776279569.836,269.836,0.92,0.93,0.08,0.09,0.01,0.01,74405.46,1776279568000
1776279570.181,270.181,0.92,0.93,0.07,0.08,0.01,0.01,74405.46,1776279569000
1776279570.526,270.526,0.92,0.93,0.07,0.08,0.01,0.01,74405.46,1776279569000
1776279570.933,270.933,0.92,0.93,0.07,0.08,0.01,0.01,74405.46,1776279569000
1776279571.323,271.323,0.92,0.93,0.07,0.08,0.01,0.01,74405.46,1776279569000
1776279571.79,271.79,0.92,0.93,0.07,0.08,0.01,0.01,74407.47,1776279570000
1776279572.147,272.147,0.94,0.95,0.05,0.06,0.01,0.01,74407.47,1776279570000
1776279572.595,272.595,0.94,0.95,0.05,0.06,0.01,0.01,74408.03,1776279571000
1776279572.929,272.929,0.94,0.95,0.05,0.06,0.01,0.01,74408.03,1776279571000
1776279573.311,273.311,0.95,0.96,0.04,0.05,0.01,0.01,74408.03,1776279571000
1776279573.662,273.662,0.95,0.96,0.04,0.05,0.01,0.01,74408.65,1776279572000
1776279573.995,273.995,0.95,0.96,0.04,0.05,0.01,0.01,74408.65,1776279572000
1776279574.328,274.328,0.95,0.96,0.04,0.05,0.01,0.01,74408.65,1776279572000
1776279574.712,274.712,0.95,0.96,0.04,0.05,0.01,0.01,74412.04,1776279573000
1776279575.233,275.233,0.95,0.96,0.04,0.05,0.01,0.01,74412.87,1776279574000
1776279575.593,275.593,0.95,0.96,0.04,0.05,0.01,0.01,74412.87,1776279574000
1776279575.934,275.934,0.95,0.96,0.04,0.05,0.01,0.01,74412.87,1776279574000
1776279576.312,276.312,0.95,0.96,0.04,0.05,0.01,0.01,74414.16,1776279575000
1776279576.675,276.675,0.95,0.96,0.04,0.05,0.01,0.01,74414.16,1776279575000
1776279577.028,277.028,0.95,0.96,0.04,0.05,0.01,0.01,74414.16,1776279575000
1776279577.422,277.422,0.95,0.96,0.04,0.05,0.01,0.01,74414.99,1776279576000
1776279577.767,277.767,0.95,0.96,0.04,0.05,0.01,0.01,74414.99,1776279576000
1776279578.134,278.134,0.96,0.97,0.03,0.04,0.01,0.01,74414.99,1776279576000
1776279578.519,278.519,0.96,0.97,0.03,0.04,0.01,0.01,74414.55,1776279577000
1776279578.89,278.89,0.96,0.97,0.03,0.04,0.01,0.01,74414.55,1776279577000
1776279579.304,279.304,0.96,0.97,0.03,0.04,0.01,0.01,74414.55,1776279577000
1776279579.655,279.655,0.96,0.97,0.03,0.04,0.01,0.01,74414.55,1776279578000
1776279580.0,280.0,0.96,0.97,0.03,0.04,0.01,0.01,74414.55,1776279578000
1776279580.368,280.368,0.96,0.97,0.03,0.04,0.01,0.01,74413.84,1776279579000
1776279580.74,280.74,0.96,0.97,0.03,0.04,0.01,0.01,74413.84,1776279579000
1776279581.322,281.322,0.96,0.97,0.03,0.04,0.01,0.01,74413.84,1776279580000
1776279581.732,281.732,0.96,0.97,0.03,0.04,0.01,0.01,74413.84,1776279580000
1776279582.226,282.226,0.96,0.97,0.03,0.04,0.01,0.01,74412.09,1776279581000
1776279582.588,282.588,0.96,0.97,0.03,0.04,0.01,0.01,74412.09,1776279581000
1776279582.927,282.927,0.96,0.97,0.03,0.04,0.01,0.01,74412.09,1776279581000
1776279583.275,283.275,0.96,0.97,0.03,0.04,0.01,0.01,74412.85,1776279582000
1776279583.704,283.704,0.96,0.97,0.03,0.04,0.01,0.01,74412.85,1776279582000
1776279584.147,284.147,0.96,0.97,0.03,0.04,0.01,0.01,74413.8,1776279583000
1776279584.604,284.604,0.96,0.97,0.03,0.04,0.01,0.01,74413.8,1776279583000
1776279584.954,284.954,0.97,0.98,0.02,0.03,0.01,0.01,74413.8,1776279583000
1776279585.34,285.34,0.97,0.98,0.02,0.03,0.01,0.01,74413.8,1776279583000
1776279585.745,285.745,0.97,0.98,0.02,0.03,0.01,0.01,74413.8,1776279583000
1776279586.202,286.202,0.97,0.98,0.02,0.03,0.01,0.01,74414.05,1776279584000
1776279586.748,286.748,0.97,0.98,0.02,0.03,0.01,0.01,74414.16,1776279585000
1776279587.123,287.123,0.97,0.98,0.02,0.03,0.01,0.01,74414.16,1776279585000
1776279587.586,287.586,0.97,0.98,0.02,0.03,0.01,0.01,74414.16,1776279585000
1776279587.929,287.929,0.97,0.98,0.02,0.03,0.01,0.01,74414.65,1776279586000
1776279588.32,288.32,0.97,0.98,0.02,0.03,0.01,0.01,74414.65,1776279587000
1776279588.716,288.716,0.97,0.98,0.02,0.03,0.01,0.01,74414.65,1776279587000
1776279589.104,289.104,0.97,0.98,0.02,0.03,0.01,0.01,74414.84,1776279588000
1776279589.485,289.485,0.97,0.98,0.02,0.03,0.01,0.01,74414.84,1776279588000
1776279589.864,289.864,0.97,0.99,0.02,0.03,0.02,0.01,74414.84,1776279588000
1776279590.256,290.256,0.97,0.98,0.02,0.03,0.01,0.01,74414.86,1776279589000
1776279590.59,290.59,0.98,0.99,0.01,0.02,0.01,0.01,74414.86,1776279589000
1776279590.958,290.958,0.98,0.99,0.01,0.02,0.01,0.01,74414.86,1776279589000
1776279591.309,291.309,0.98,0.99,0.01,0.02,0.01,0.01,74414.8,1776279590000
1776279591.647,291.647,0.98,0.99,0.01,0.02,0.01,0.01,74414.8,1776279590000
1776279591.988,291.988,0.98,0.99,0.01,0.02,0.01,0.01,74414.8,1776279590000
1776279592.389,292.389,0.98,0.99,0.01,0.02,0.01,0.01,74414.77,1776279591000
1776279592.908,292.908,0.98,0.99,0.01,0.02,0.01,0.01,74414.77,1776279591000
1776279593.282,293.282,0.98,0.99,0.01,0.02,0.01,0.01,74414.77,1776279592000
1776279593.629,293.629,0.98,0.99,0.01,0.02,0.01,0.01,74414.77,1776279592000
1776279594.012,294.012,0.98,0.99,0.01,0.02,0.01,0.01,74414.77,1776279592000
1776279594.384,294.384,0.99,0.99,0.01,0.01,0.0,0.0,74413.43,1776279593000
1776279594.719,294.719,0.99,0.99,0.01,0.01,0.0,0.0,74413.43,1776279593000
1776279595.093,295.093,0.99,0.99,0.01,0.01,0.0,0.0,74413.43,1776279593000
1776279595.676,295.676,0.99,0.99,0.01,0.01,0.0,0.0,74410.16,1776279594000
1776279596.131,296.131,0.99,0.99,0.01,0.01,0.0,0.0,74410.16,1776279594000
1776279596.61,296.61,0.99,0.99,0.01,0.01,0.0,0.0,74406.09,1776279595000
1776279597.164,297.164,0.99,0.99,0.01,0.01,0.0,0.0,74406.09,1776279595000
1776279597.512,297.512,0.99,0.99,0.01,0.01,0.0,0.0,74406.09,1776279595000
1776279597.899,297.899,0.99,0.99,0.01,0.01,0.0,0.0,74406.27,1776279596000
1776279598.335,298.335,0.99,0.99,0.01,0.01,0.0,0.0,74405.78,1776279597000
1776279599.251,299.251,0.99,0.99,0.01,0.01,0.0,0.0,74405.51,1776279598000
1776279600.473,300.473,0.99,0.99,0.01,0.01,0.0,0.0,74405.51,1776279598000

# RESULT,winner=Up,slug=btc-updown-5m-1776279300,ticks=688
