timestamp,elapsed_sec,up_bid,up_ask,down_bid,down_ask,up_spread,down_spread,btc_price,btc_oracle_ts
1777241700.501,0.501,0.46,0.47,0.53,0.54,0.01,0.01,78586.68,1777241699000
1777241700.874,0.874,0.46,0.47,0.53,0.55,0.01,0.02,78586.68,1777241699000
1777241701.278,1.278,0.46,0.47,0.53,0.54,0.01,0.01,78586.22,1777241700000
1777241701.734,1.734,0.47,0.48,0.53,0.54,0.01,0.01,78586.22,1777241700000
1777241702.784,2.784,0.47,0.48,0.52,0.53,0.01,0.01,78586.22,1777241700000
1777241703.126,3.126,0.47,0.48,0.52,0.53,0.01,0.01,78583.69,1777241701000
1777241703.471,3.471,0.47,0.48,0.52,0.53,0.01,0.01,78584.38,1777241702000
1777241703.936,3.936,0.47,0.48,0.52,0.53,0.01,0.01,78584.38,1777241702000
1777241704.289,4.289,0.47,0.48,0.52,0.53,0.01,0.01,78584.5,1777241703000
1777241704.784,4.784,0.47,0.48,0.52,0.53,0.01,0.01,78584.5,1777241703000
1777241705.129,5.129,0.47,0.48,0.52,0.53,0.01,0.01,78584.5,1777241703000
1777241705.924,5.924,0.47,0.48,0.52,0.53,0.01,0.01,78586.53,1777241704000
1777241706.598,6.598,0.47,0.48,0.52,0.53,0.01,0.01,78591.41,1777241705000
1777241707.1,7.1,0.47,0.48,0.52,0.53,0.01,0.01,78591.41,1777241705000
1777241707.454,7.454,0.46,0.48,0.52,0.54,0.02,0.02,78591.41,1777241706000
1777241707.793,7.793,0.4,0.43,0.57,0.6,0.03,0.03,78591.41,1777241706000
1777241708.277,8.277,0.43,0.44,0.56,0.57,0.01,0.01,78591.41,1777241706000
1777241708.634,8.634,0.43,0.46,0.52,0.55,0.03,0.03,78584.82,1777241707000
1777241709.013,9.013,0.46,0.47,0.54,0.55,0.01,0.01,78584.82,1777241707000
1777241709.359,9.359,0.48,0.49,0.48,0.52,0.01,0.04,78575.64,1777241708000
1777241709.721,9.721,0.48,0.49,0.51,0.52,0.01,0.01,78575.64,1777241708000
1777241710.07,10.07,0.51,0.52,0.48,0.49,0.01,0.01,78575.64,1777241708000
1777241710.423,10.423,0.51,0.52,0.48,0.49,0.01,0.01,78579.67,1777241709000
1777241711.03,11.03,0.5,0.52,0.48,0.49,0.02,0.01,78579.67,1777241709000
1777241711.485,11.485,0.46,0.48,0.52,0.54,0.02,0.02,78583.13,1777241710000
1777241711.849,11.849,0.47,0.48,0.52,0.53,0.01,0.01,78583.13,1777241710000
1777241712.449,12.449,0.49,0.52,0.49,0.52,0.03,0.03,78584.84,1777241711000
1777241712.791,12.791,0.51,0.52,0.48,0.51,0.01,0.03,78584.84,1777241711000
1777241713.294,13.294,0.5,0.51,0.49,0.5,0.01,0.01,78582.61,1777241712000
1777241713.635,13.635,0.5,0.51,0.49,0.5,0.01,0.01,78582.61,1777241712000
1777241714.022,14.022,0.5,0.51,0.49,0.5,0.01,0.01,78582.61,1777241712000
1777241714.385,14.385,0.51,0.52,0.48,0.5,0.01,0.02,78581.84,1777241713000
1777241714.733,14.733,0.51,0.52,0.48,0.49,0.01,0.01,78581.84,1777241713000
1777241715.077,15.077,0.51,0.52,0.48,0.49,0.01,0.01,78581.52,1777241714000
1777241715.412,15.412,0.51,0.52,0.48,0.49,0.01,0.01,78581.52,1777241714000
1777241715.914,15.914,0.5,0.51,0.48,0.49,0.01,0.01,78581.52,1777241714000
1777241716.266,16.266,0.5,0.51,0.49,0.5,0.01,0.01,78581.52,1777241715000
1777241716.628,16.628,0.5,0.51,0.49,0.5,0.01,0.01,78581.52,1777241715000
1777241717.15,17.15,0.51,0.52,0.48,0.49,0.01,0.01,78581.52,1777241715000
1777241717.57,17.57,0.52,0.53,0.47,0.48,0.01,0.01,78582.98,1777241716000
1777241717.904,17.904,0.53,0.55,0.45,0.47,0.02,0.02,78582.98,1777241716000
1777241718.36,18.36,0.54,0.56,0.45,0.46,0.02,0.01,78582.98,1777241716000
1777241718.715,18.715,0.57,0.58,0.42,0.45,0.01,0.03,78582.98,1777241716000
1777241719.066,19.066,0.57,0.59,0.4,0.42,0.02,0.02,78582.8,1777241717000
1777241719.46,19.46,0.58,0.6,0.4,0.42,0.02,0.02,78584.54,1777241718000
1777241720.091,20.091,0.59,0.62,0.38,0.41,0.03,0.03,78592.61,1777241719000
1777241720.66,20.66,0.6,0.62,0.38,0.39,0.02,0.01,78592.61,1777241719000
1777241721.092,21.092,0.6,0.61,0.38,0.41,0.01,0.03,78592.61,1777241719000
1777241721.709,21.709,0.61,0.62,0.38,0.39,0.01,0.01,78592.61,1777241719000
1777241722.078,22.078,0.61,0.62,0.38,0.39,0.01,0.01,78592.61,1777241719000
1777241722.573,22.573,0.6,0.62,0.38,0.39,0.02,0.01,78615.9,1777241721000
1777241722.915,22.915,0.61,0.65,0.35,0.39,0.04,0.04,78615.9,1777241721000
1777241723.269,23.269,0.61,0.62,0.38,0.39,0.01,0.01,78618.71,1777241722000
1777241723.607,23.607,0.63,0.73,0.27,0.29,0.1,0.02,78618.71,1777241722000
1777241724.089,24.089,0.68,0.7,0.3,0.31,0.02,0.01,78618.71,1777241722000
1777241724.446,24.446,0.69,0.7,0.3,0.31,0.01,0.01,78642.99,1777241723000
1777241724.785,24.785,0.71,0.75,0.25,0.31,0.04,0.06,78642.99,1777241723000
1777241725.129,25.129,0.76,0.79,0.21,0.24,0.03,0.03,78642.99,1777241723000
1777241725.463,25.463,0.77,0.78,0.22,0.26,0.01,0.04,78645.45,1777241724000
1777241725.828,25.828,0.78,0.79,0.21,0.23,0.01,0.02,78645.45,1777241724000
1777241726.183,26.183,0.78,0.8,0.21,0.22,0.02,0.01,78646.19,1777241725000
1777241726.534,26.534,0.78,0.8,0.2,0.22,0.02,0.02,78646.19,1777241725000
1777241726.92,26.92,0.79,0.8,0.2,0.21,0.01,0.01,78646.19,1777241725000
1777241727.375,27.375,0.79,0.8,0.2,0.21,0.01,0.01,78699.36,1777241726000
1777241727.717,27.717,0.79,0.8,0.2,0.21,0.01,0.01,78699.36,1777241726000
1777241728.247,28.247,0.79,0.8,0.2,0.21,0.01,0.01,78699.36,1777241726000
1777241728.725,28.725,0.79,0.8,0.2,0.21,0.01,0.01,78706.95,1777241727000
1777241729.064,29.064,0.79,0.83,0.2,0.21,0.04,0.01,78713.66,1777241728000
1777241729.432,29.432,0.79,0.83,0.17,0.21,0.04,0.04,78713.66,1777241728000
1777241729.902,29.902,0.8,0.83,0.17,0.2,0.03,0.03,78713.66,1777241728000
1777241730.264,30.264,0.8,0.82,0.17,0.2,0.02,0.03,78755.78,1777241729000
1777241730.695,30.695,0.8,0.82,0.18,0.2,0.02,0.02,78755.78,1777241729000
1777241731.158,31.158,0.8,0.84,0.19,0.2,0.04,0.01,78755.78,1777241729000
1777241731.517,31.517,0.8,0.85,0.15,0.2,0.05,0.05,78835.15,1777241730000
1777241731.89,31.89,0.81,0.86,0.14,0.19,0.05,0.05,78835.15,1777241730000
1777241732.248,32.248,0.88,0.91,0.09,0.12,0.03,0.03,78837.16,1777241731000
1777241732.587,32.587,0.86,0.89,0.11,0.12,0.03,0.01,78837.16,1777241731000
1777241732.923,32.923,0.88,0.89,0.11,0.12,0.01,0.01,78837.16,1777241731000
1777241733.311,33.311,0.88,0.89,0.1,0.13,0.01,0.03,78820.4,1777241732000
1777241733.687,33.687,0.89,0.91,0.09,0.11,0.02,0.02,78820.4,1777241732000
1777241734.129,34.129,0.89,0.9,0.1,0.11,0.01,0.01,78820.4,1777241732000
1777241734.472,34.472,0.89,0.9,0.1,0.11,0.01,0.01,78820.94,1777241733000
1777241734.924,34.924,0.89,0.9,0.1,0.11,0.01,0.01,78820.94,1777241733000
1777241735.414,35.414,0.89,0.92,0.08,0.11,0.03,0.03,78827.55,1777241734000
1777241735.856,35.856,0.89,0.92,0.08,0.11,0.03,0.03,78827.55,1777241734000
1777241736.356,36.356,0.89,0.92,0.08,0.11,0.03,0.03,78827.55,1777241734000
1777241736.747,36.747,0.9,0.92,0.08,0.1,0.02,0.02,78835.84,1777241735000
1777241737.215,37.215,0.9,0.92,0.08,0.1,0.02,0.02,78835.84,1777241735000
1777241737.599,37.599,0.91,0.93,0.07,0.09,0.02,0.02,78845.7,1777241736000
1777241737.938,37.938,0.89,0.95,0.05,0.11,0.06,0.06,78845.7,1777241736000
1777241738.287,38.287,0.9,0.94,0.06,0.08,0.04,0.02,78845.7,1777241736000
1777241738.876,38.876,0.89,0.92,0.08,0.11,0.03,0.03,78818.38,1777241738000
1777241739.225,39.225,0.9,0.91,0.09,0.1,0.01,0.01,78818.38,1777241738000
1777241739.576,39.576,0.89,0.9,0.1,0.11,0.01,0.01,78818.38,1777241738000
1777241739.929,39.929,0.88,0.89,0.11,0.12,0.01,0.01,78821.3,1777241739000
1777241740.319,40.319,0.87,0.88,0.12,0.13,0.01,0.01,78821.3,1777241739000
1777241740.693,40.693,0.87,0.88,0.12,0.13,0.01,0.01,78821.3,1777241739000
1777241741.079,41.079,0.87,0.88,0.12,0.13,0.01,0.01,78828.72,1777241740000
1777241741.446,41.446,0.83,0.84,0.15,0.17,0.01,0.02,78828.72,1777241740000
1777241742.234,42.234,0.83,0.84,0.16,0.17,0.01,0.01,78828.72,1777241740000
1777241742.613,42.613,0.82,0.84,0.16,0.17,0.02,0.01,78816.75,1777241741000
1777241742.953,42.953,0.82,0.84,0.16,0.18,0.02,0.02,78816.75,1777241741000
1777241743.594,43.594,0.83,0.84,0.16,0.17,0.01,0.01,78794.0,1777241742000
1777241744.075,44.075,0.83,0.84,0.16,0.17,0.01,0.01,78794.0,1777241742000
1777241744.552,44.552,0.83,0.84,0.16,0.17,0.01,0.01,78794.0,1777241742000
1777241744.995,44.995,0.79,0.83,0.16,0.21,0.04,0.05,78794.0,1777241742000
1777241745.336,45.336,0.8,0.82,0.18,0.21,0.02,0.03,78768.27,1777241743000
1777241745.675,45.675,0.8,0.84,0.16,0.2,0.04,0.04,78765.92,1777241744000
1777241746.022,46.022,0.81,0.82,0.18,0.19,0.01,0.01,78765.92,1777241744000
1777241746.407,46.407,0.83,0.87,0.16,0.17,0.04,0.01,78761.07,1777241745000
1777241746.743,46.743,0.83,0.84,0.16,0.17,0.01,0.01,78761.07,1777241745000
1777241747.082,47.082,0.82,0.83,0.17,0.18,0.01,0.01,78761.07,1777241745000
1777241747.441,47.441,0.81,0.82,0.18,0.19,0.01,0.01,78774.0,1777241746000
1777241747.795,47.795,0.81,0.82,0.18,0.19,0.01,0.01,78774.0,1777241746000
1777241748.187,48.187,0.81,0.82,0.18,0.19,0.01,0.01,78771.35,1777241747000
1777241748.563,48.563,0.79,0.8,0.19,0.21,0.01,0.02,78771.35,1777241747000
1777241748.903,48.903,0.78,0.79,0.21,0.23,0.01,0.02,78771.35,1777241747000
1777241749.497,49.497,0.76,0.77,0.22,0.24,0.01,0.02,78757.8,1777241748000
1777241750.282,50.282,0.76,0.77,0.23,0.24,0.01,0.01,78752.85,1777241749000
1777241751.386,51.386,0.76,0.77,0.23,0.24,0.01,0.01,78752.85,1777241749000
1777241751.779,51.779,0.76,0.77,0.23,0.24,0.01,0.01,78734.08,1777241750000
1777241752.223,52.223,0.76,0.77,0.23,0.24,0.01,0.01,78734.08,1777241751000
1777241752.744,52.744,0.76,0.77,0.23,0.24,0.01,0.01,78734.08,1777241751000
1777241753.077,53.077,0.76,0.77,0.23,0.24,0.01,0.01,78734.08,1777241751000
1777241753.464,53.464,0.75,0.77,0.23,0.25,0.02,0.02,78729.7,1777241752000
1777241753.842,53.842,0.75,0.76,0.24,0.25,0.01,0.01,78729.7,1777241752000
1777241754.179,54.179,0.74,0.75,0.25,0.26,0.01,0.01,78729.0,1777241753000
1777241754.527,54.527,0.74,0.75,0.25,0.26,0.01,0.01,78729.0,1777241753000
1777241754.947,54.947,0.72,0.74,0.25,0.29,0.02,0.04,78729.0,1777241753000
1777241755.285,55.285,0.73,0.74,0.26,0.31,0.01,0.05,78718.59,1777241754000
1777241755.795,55.795,0.73,0.74,0.26,0.27,0.01,0.01,78718.59,1777241754000
1777241756.15,56.15,0.73,0.74,0.26,0.27,0.01,0.01,78718.59,1777241754000
1777241756.495,56.495,0.75,0.77,0.24,0.25,0.02,0.01,78718.59,1777241754000
1777241756.986,56.986,0.75,0.76,0.24,0.25,0.01,0.01,78707.65,1777241756000
1777241757.499,57.499,0.75,0.76,0.24,0.25,0.01,0.01,78707.65,1777241756000
1777241758.192,58.192,0.75,0.76,0.24,0.25,0.01,0.01,78707.72,1777241757000
1777241758.94,58.94,0.75,0.76,0.24,0.25,0.01,0.01,78707.72,1777241757000
1777241759.422,59.422,0.75,0.78,0.23,0.25,0.03,0.02,78711.31,1777241758000
1777241760.257,60.257,0.75,0.76,0.22,0.25,0.01,0.03,78711.31,1777241758000
1777241760.593,60.593,0.75,0.76,0.24,0.25,0.01,0.01,78716.08,1777241759000
1777241760.966,60.966,0.79,0.8,0.2,0.21,0.01,0.01,78725.41,1777241760000
1777241761.299,61.299,0.75,0.81,0.19,0.21,0.06,0.02,78725.41,1777241760000
1777241761.652,61.652,0.82,0.87,0.11,0.2,0.05,0.09,78725.41,1777241760000
1777241762.01,62.01,0.83,0.89,0.13,0.17,0.06,0.04,78734.43,1777241761000
1777241762.396,62.396,0.84,0.86,0.13,0.17,0.02,0.04,78734.43,1777241761000
1777241762.764,62.764,0.84,0.85,0.15,0.16,0.01,0.01,78734.43,1777241761000
1777241763.131,63.131,0.83,0.84,0.16,0.17,0.01,0.01,78759.52,1777241762000
1777241763.569,63.569,0.82,0.83,0.17,0.18,0.01,0.01,78759.52,1777241762000
1777241764.016,64.016,0.82,0.83,0.17,0.18,0.01,0.01,78766.0,1777241763000
1777241764.354,64.354,0.82,0.83,0.17,0.18,0.01,0.01,78766.0,1777241763000
1777241764.689,64.689,0.83,0.84,0.16,0.17,0.01,0.01,78766.0,1777241763000
1777241765.072,65.072,0.83,0.84,0.16,0.17,0.01,0.01,78764.16,1777241764000
1777241765.641,65.641,0.83,0.84,0.16,0.17,0.01,0.01,78764.16,1777241764000
1777241766.113,66.113,0.83,0.84,0.16,0.17,0.01,0.01,78764.16,1777241764000
1777241766.552,66.552,0.82,0.84,0.16,0.19,0.02,0.03,78762.38,1777241765000
1777241766.916,66.916,0.83,0.84,0.16,0.18,0.01,0.02,78762.38,1777241765000
1777241767.563,67.563,0.83,0.84,0.16,0.17,0.01,0.01,78761.24,1777241766000
1777241768.023,68.023,0.83,0.85,0.15,0.17,0.02,0.02,78761.24,1777241766000
1777241768.366,68.366,0.82,0.84,0.16,0.18,0.02,0.02,78761.17,1777241767000
1777241768.816,68.816,0.83,0.84,0.16,0.17,0.01,0.01,78761.17,1777241767000
1777241769.15,69.15,0.82,0.83,0.17,0.18,0.01,0.01,78761.17,1777241767000
1777241769.512,69.512,0.82,0.83,0.17,0.18,0.01,0.01,78760.62,1777241768000
1777241769.85,69.85,0.8,0.81,0.18,0.2,0.01,0.02,78760.62,1777241768000
1777241770.483,70.483,0.79,0.8,0.2,0.21,0.01,0.01,78751.78,1777241769000
1777241771.002,71.002,0.82,0.83,0.17,0.18,0.01,0.01,78751.78,1777241769000
1777241771.397,71.397,0.82,0.83,0.17,0.18,0.01,0.01,78746.94,1777241770000
1777241771.965,71.965,0.83,0.84,0.17,0.18,0.01,0.01,78746.94,1777241770000
1777241772.498,72.498,0.83,0.84,0.16,0.17,0.01,0.01,78748.57,1777241771000
1777241773.027,73.027,0.83,0.84,0.16,0.17,0.01,0.01,78748.57,1777241771000
1777241773.417,73.417,0.83,0.85,0.15,0.17,0.02,0.02,78748.57,1777241771000
1777241773.908,73.908,0.83,0.84,0.16,0.17,0.01,0.01,78752.62,1777241773000
1777241774.349,74.349,0.83,0.84,0.16,0.17,0.01,0.01,78752.62,1777241773000
1777241774.852,74.852,0.83,0.84,0.16,0.17,0.01,0.01,78752.62,1777241773000
1777241775.216,75.216,0.8,0.84,0.16,0.2,0.04,0.04,78756.05,1777241774000
1777241775.85,75.85,0.79,0.8,0.2,0.21,0.01,0.01,78756.05,1777241774000
1777241776.213,76.213,0.79,0.82,0.16,0.19,0.03,0.03,78756.05,1777241774000
1777241776.578,76.578,0.81,0.82,0.18,0.19,0.01,0.01,78745.7,1777241775000
1777241776.945,76.945,0.81,0.82,0.18,0.19,0.01,0.01,78745.7,1777241775000
1777241777.44,77.44,0.81,0.82,0.18,0.19,0.01,0.01,78750.27,1777241776000
1777241777.789,77.789,0.8,0.81,0.18,0.2,0.01,0.02,78750.27,1777241776000
1777241778.236,78.236,0.8,0.81,0.19,0.2,0.01,0.01,78750.53,1777241777000
1777241778.603,78.603,0.8,0.81,0.19,0.2,0.01,0.01,78750.53,1777241777000
1777241779.055,79.055,0.8,0.81,0.19,0.2,0.01,0.01,78750.22,1777241778000
1777241779.412,79.412,0.79,0.8,0.2,0.21,0.01,0.01,78750.22,1777241778000
1777241779.756,79.756,0.77,0.78,0.2,0.23,0.01,0.03,78750.22,1777241778000
1777241780.131,80.131,0.77,0.78,0.22,0.23,0.01,0.01,78750.22,1777241778000
1777241780.72,80.72,0.77,0.78,0.22,0.23,0.01,0.01,78747.07,1777241779000
1777241781.296,81.296,0.77,0.78,0.22,0.23,0.01,0.01,78743.21,1777241780000
1777241782.077,82.077,0.77,0.78,0.22,0.23,0.01,0.01,78729.13,1777241781000
1777241782.433,82.433,0.77,0.78,0.22,0.23,0.01,0.01,78729.13,1777241781000
1777241782.79,82.79,0.77,0.78,0.22,0.23,0.01,0.01,78729.13,1777241781000
1777241783.165,83.165,0.77,0.82,0.18,0.23,0.05,0.05,78729.13,1777241781000
1777241783.57,83.57,0.77,0.78,0.22,0.23,0.01,0.01,78723.66,1777241782000
1777241783.904,83.904,0.77,0.78,0.22,0.23,0.01,0.01,78723.66,1777241782000
1777241784.319,84.319,0.77,0.78,0.22,0.23,0.01,0.01,78723.66,1777241782000
1777241784.682,84.682,0.77,0.78,0.22,0.23,0.01,0.01,78720.4,1777241783000
1777241785.268,85.268,0.77,0.78,0.22,0.23,0.01,0.01,78716.79,1777241784000
1777241785.607,85.607,0.77,0.78,0.22,0.23,0.01,0.01,78716.79,1777241784000
1777241785.955,85.955,0.77,0.78,0.22,0.23,0.01,0.01,78716.79,1777241784000
1777241786.29,86.29,0.76,0.77,0.22,0.23,0.01,0.01,78710.36,1777241785000
1777241786.628,86.628,0.76,0.77,0.23,0.24,0.01,0.01,78710.36,1777241785000
1777241787.098,87.098,0.76,0.77,0.23,0.24,0.01,0.01,78710.36,1777241785000
1777241787.718,87.718,0.76,0.77,0.23,0.24,0.01,0.01,78706.43,1777241786000
1777241788.216,88.216,0.76,0.77,0.23,0.24,0.01,0.01,78705.09,1777241787000
1777241788.66,88.66,0.8,0.81,0.19,0.21,0.01,0.02,78705.09,1777241787000
1777241789.348,89.348,0.8,0.81,0.19,0.2,0.01,0.01,78708.79,1777241788000
1777241789.694,89.694,0.8,0.81,0.19,0.2,0.01,0.01,78708.79,1777241788000
1777241790.17,90.17,0.8,0.81,0.19,0.2,0.01,0.01,78711.26,1777241789000
1777241790.619,90.619,0.8,0.81,0.19,0.2,0.01,0.01,78711.26,1777241789000
1777241791.117,91.117,0.8,0.81,0.19,0.2,0.01,0.01,78711.26,1777241789000
1777241791.551,91.551,0.8,0.82,0.18,0.2,0.02,0.02,78714.36,1777241790000
1777241791.896,91.896,0.81,0.85,0.15,0.19,0.04,0.04,78714.36,1777241790000
1777241792.336,92.336,0.85,0.86,0.12,0.15,0.01,0.03,78714.36,1777241790000
1777241792.705,92.705,0.86,0.87,0.14,0.15,0.01,0.01,78718.47,1777241791000
1777241793.043,93.043,0.86,0.87,0.13,0.14,0.01,0.01,78722.6,1777241792000
1777241793.583,93.583,0.85,0.86,0.13,0.15,0.01,0.02,78722.6,1777241792000
1777241793.926,93.926,0.85,0.86,0.14,0.15,0.01,0.01,78722.6,1777241792000
1777241794.422,94.422,0.86,0.87,0.13,0.14,0.01,0.01,78742.94,1777241793000
1777241794.766,94.766,0.85,0.87,0.13,0.14,0.02,0.01,78742.94,1777241793000
1777241795.375,95.375,0.85,0.86,0.13,0.15,0.01,0.02,78742.94,1777241793000
1777241796.125,96.125,0.85,0.87,0.13,0.15,0.02,0.02,78745.48,1777241795000
1777241796.7,96.7,0.86,0.87,0.13,0.15,0.01,0.02,78745.48,1777241795000
1777241797.132,97.132,0.86,0.87,0.13,0.14,0.01,0.01,78745.42,1777241796000
1777241797.752,97.752,0.87,0.88,0.12,0.13,0.01,0.01,78745.42,1777241796000
1777241798.089,98.089,0.88,0.89,0.11,0.12,0.01,0.01,78745.42,1777241796000
1777241798.481,98.481,0.88,0.89,0.11,0.12,0.01,0.01,78751.54,1777241797000
1777241798.882,98.882,0.88,0.89,0.11,0.12,0.01,0.01,78751.54,1777241797000
1777241799.293,99.293,0.88,0.89,0.11,0.12,0.01,0.01,78750.68,1777241798000
1777241799.657,99.657,0.88,0.89,0.11,0.12,0.01,0.01,78750.68,1777241798000
1777241800.044,100.044,0.88,0.89,0.11,0.12,0.01,0.01,78750.68,1777241798000
1777241800.425,100.425,0.89,0.9,0.1,0.11,0.01,0.01,78754.04,1777241799000
1777241800.821,100.821,0.88,0.89,0.1,0.12,0.01,0.02,78754.04,1777241799000
1777241801.25,101.25,0.88,0.89,0.11,0.12,0.01,0.01,78752.62,1777241800000
1777241801.939,101.939,0.88,0.89,0.11,0.12,0.01,0.01,78752.62,1777241800000
1777241802.29,102.29,0.85,0.86,0.14,0.15,0.01,0.01,78752.21,1777241801000
1777241802.764,102.764,0.85,0.86,0.14,0.15,0.01,0.01,78752.21,1777241801000
1777241803.413,103.413,0.85,0.87,0.13,0.15,0.02,0.02,78751.37,1777241802000
1777241803.873,103.873,0.86,0.87,0.13,0.14,0.01,0.01,78751.37,1777241802000
1777241804.392,104.392,0.86,0.87,0.13,0.14,0.01,0.01,78740.03,1777241803000
1777241804.748,104.748,0.86,0.87,0.13,0.14,0.01,0.01,78740.03,1777241803000
1777241805.243,105.243,0.86,0.87,0.13,0.14,0.01,0.01,78741.07,1777241804000
1777241805.648,105.648,0.86,0.87,0.13,0.14,0.01,0.01,78741.07,1777241804000
1777241805.994,105.994,0.86,0.89,0.11,0.14,0.03,0.03,78741.07,1777241804000
1777241806.397,106.397,0.88,0.89,0.11,0.12,0.01,0.01,78741.31,1777241805000
1777241806.916,106.916,0.88,0.89,0.11,0.12,0.01,0.01,78741.31,1777241805000
1777241807.321,107.321,0.87,0.88,0.12,0.13,0.01,0.01,78741.85,1777241806000
1777241807.717,107.717,0.88,0.89,0.12,0.13,0.01,0.01,78741.85,1777241806000
1777241808.114,108.114,0.88,0.89,0.11,0.12,0.01,0.01,78741.85,1777241806000
1777241808.804,108.804,0.89,0.9,0.11,0.12,0.01,0.01,78742.5,1777241807000
1777241809.217,109.217,0.91,0.92,0.08,0.09,0.01,0.01,78742.5,1777241807000
1777241809.59,109.59,0.91,0.92,0.08,0.09,0.01,0.01,78742.24,1777241808000
1777241809.973,109.973,0.91,0.92,0.08,0.09,0.01,0.01,78742.24,1777241808000
1777241810.428,110.428,0.9,0.92,0.08,0.09,0.02,0.01,78742.34,1777241809000
1777241810.767,110.767,0.88,0.91,0.09,0.1,0.03,0.01,78742.34,1777241809000
1777241811.223,111.223,0.88,0.91,0.09,0.12,0.03,0.03,78758.34,1777241810000
1777241812.008,112.008,0.88,0.89,0.09,0.12,0.01,0.03,78758.34,1777241810000
1777241812.423,112.423,0.88,0.89,0.11,0.12,0.01,0.01,78756.07,1777241811000
1777241812.775,112.775,0.88,0.89,0.11,0.12,0.01,0.01,78756.07,1777241811000
1777241813.131,113.131,0.89,0.91,0.09,0.11,0.02,0.02,78756.07,1777241811000
1777241813.564,113.564,0.89,0.9,0.09,0.11,0.01,0.02,78759.32,1777241812000
1777241814.253,114.253,0.89,0.9,0.1,0.11,0.01,0.01,78764.83,1777241813000
1777241814.86,114.86,0.89,0.9,0.1,0.11,0.01,0.01,78764.83,1777241813000
1777241815.399,115.399,0.89,0.9,0.1,0.11,0.01,0.01,78766.07,1777241814000
1777241815.953,115.953,0.9,0.91,0.09,0.1,0.01,0.01,78766.07,1777241814000
1777241816.418,116.418,0.89,0.91,0.09,0.1,0.02,0.01,78765.72,1777241815000
1777241816.799,116.799,0.89,0.9,0.1,0.12,0.01,0.02,78765.72,1777241815000
1777241817.176,117.176,0.89,0.9,0.1,0.11,0.01,0.01,78765.27,1777241816000
1777241817.851,117.851,0.89,0.9,0.1,0.11,0.01,0.01,78765.27,1777241816000
1777241818.229,118.229,0.89,0.9,0.1,0.11,0.01,0.01,78764.23,1777241817000
1777241819.1,119.1,0.89,0.9,0.1,0.11,0.01,0.01,78764.23,1777241817000
1777241819.494,119.494,0.89,0.91,0.1,0.11,0.02,0.01,78757.65,1777241818000
1777241820.227,120.227,0.89,0.92,0.08,0.11,0.03,0.03,78757.42,1777241819000
1777241820.565,120.565,0.89,0.92,0.08,0.11,0.03,0.03,78757.42,1777241819000
1777241820.916,120.916,0.9,0.91,0.09,0.1,0.01,0.01,78757.42,1777241819000
1777241821.254,121.254,0.9,0.93,0.07,0.1,0.03,0.03,78757.66,1777241820000
1777241821.656,121.656,0.92,0.93,0.07,0.08,0.01,0.01,78757.66,1777241820000
1777241822.025,122.025,0.92,0.93,0.07,0.08,0.01,0.01,78757.66,1777241820000
1777241822.434,122.434,0.92,0.93,0.07,0.08,0.01,0.01,78758.84,1777241821000
1777241822.821,122.821,0.92,0.93,0.07,0.08,0.01,0.01,78758.84,1777241821000
1777241823.493,123.493,0.92,0.93,0.07,0.08,0.01,0.01,78763.38,1777241822000
1777241823.932,123.932,0.92,0.93,0.07,0.08,0.01,0.01,78763.31,1777241823000
1777241824.363,124.363,0.91,0.92,0.07,0.09,0.01,0.02,78763.31,1777241823000
1777241824.733,124.733,0.9,0.92,0.08,0.09,0.02,0.01,78763.31,1777241823000
1777241825.264,125.264,0.9,0.91,0.09,0.1,0.01,0.01,78763.28,1777241824000
1777241825.7,125.7,0.9,0.91,0.09,0.1,0.01,0.01,78763.28,1777241824000
1777241826.213,126.213,0.9,0.91,0.09,0.1,0.01,0.01,78759.78,1777241825000
1777241826.837,126.837,0.9,0.91,0.09,0.1,0.01,0.01,78759.78,1777241825000
1777241827.191,127.191,0.9,0.91,0.09,0.1,0.01,0.01,78759.78,1777241825000
1777241827.671,127.671,0.89,0.9,0.09,0.11,0.01,0.02,78750.4,1777241826000
1777241828.256,128.256,0.88,0.89,0.11,0.12,0.01,0.01,78750.4,1777241826000
1777241828.74,128.74,0.88,0.89,0.11,0.12,0.01,0.01,78750.4,1777241826000
1777241829.252,129.252,0.88,0.89,0.11,0.12,0.01,0.01,78733.35,1777241828000
1777241829.754,129.754,0.88,0.89,0.11,0.12,0.01,0.01,78733.35,1777241828000
1777241830.433,130.433,0.87,0.89,0.11,0.12,0.02,0.01,78733.35,1777241828000
1777241830.9,130.9,0.87,0.88,0.12,0.13,0.01,0.01,78731.15,1777241829000
1777241831.243,131.243,0.87,0.88,0.12,0.13,0.01,0.01,78731.15,1777241830000
1777241831.579,131.579,0.87,0.88,0.12,0.13,0.01,0.01,78731.15,1777241830000
1777241832.106,132.106,0.83,0.84,0.16,0.17,0.01,0.01,78728.73,1777241831000
1777241833.156,133.156,0.83,0.84,0.16,0.17,0.01,0.01,78728.73,1777241831000
1777241833.621,133.621,0.83,0.84,0.16,0.17,0.01,0.01,78719.33,1777241832000
1777241834.171,134.171,0.83,0.84,0.16,0.17,0.01,0.01,78719.33,1777241832000
1777241834.563,134.563,0.83,0.84,0.16,0.17,0.01,0.01,78719.13,1777241833000
1777241835.063,135.063,0.83,0.84,0.16,0.17,0.01,0.01,78719.13,1777241833000
1777241835.404,135.404,0.83,0.84,0.16,0.17,0.01,0.01,78719.13,1777241833000
1777241835.779,135.779,0.83,0.84,0.16,0.21,0.01,0.05,78718.75,1777241834000
1777241836.175,136.175,0.84,0.85,0.15,0.16,0.01,0.01,78718.54,1777241835000
1777241836.554,136.554,0.84,0.85,0.15,0.16,0.01,0.01,78718.54,1777241835000
1777241836.954,136.954,0.86,0.87,0.09,0.14,0.01,0.05,78718.54,1777241835000
1777241837.293,137.293,0.86,0.87,0.13,0.14,0.01,0.01,78718.54,1777241835000
1777241837.651,137.651,0.86,0.87,0.13,0.14,0.01,0.01,78718.54,1777241835000
1777241838.375,138.375,0.87,0.88,0.12,0.13,0.01,0.01,78722.05,1777241836000
1777241838.857,138.857,0.87,0.88,0.12,0.13,0.01,0.01,78722.05,1777241836000
1777241839.534,139.534,0.88,0.89,0.11,0.12,0.01,0.01,78727.04,1777241837000
1777241840.002,140.002,0.88,0.89,0.11,0.12,0.01,0.01,78729.74,1777241838000
1777241840.452,140.452,0.88,0.89,0.11,0.12,0.01,0.01,78730.88,1777241839000
1777241840.923,140.923,0.88,0.89,0.11,0.12,0.01,0.01,78730.88,1777241839000
1777241841.282,141.282,0.88,0.89,0.11,0.12,0.01,0.01,78732.05,1777241840000
1777241841.939,141.939,0.88,0.89,0.11,0.12,0.01,0.01,78732.05,1777241840000
1777241842.345,142.345,0.88,0.89,0.08,0.12,0.01,0.04,78732.05,1777241840000
1777241842.968,142.968,0.9,0.91,0.09,0.1,0.01,0.01,78733.75,1777241841000
1777241843.423,143.423,0.9,0.91,0.09,0.1,0.01,0.01,78733.09,1777241842000
1777241843.77,143.77,0.9,0.91,0.09,0.1,0.01,0.01,78733.09,1777241842000
1777241844.195,144.195,0.9,0.91,0.09,0.1,0.01,0.01,78733.09,1777241842000
1777241844.542,144.542,0.9,0.91,0.09,0.1,0.01,0.01,78733.27,1777241843000
1777241845.007,145.007,0.91,0.92,0.08,0.1,0.01,0.02,78733.27,1777241843000
1777241845.349,145.349,0.91,0.92,0.08,0.09,0.01,0.01,78732.85,1777241844000
1777241845.807,145.807,0.9,0.91,0.09,0.1,0.01,0.01,78732.85,1777241844000
1777241846.321,146.321,0.9,0.91,0.09,0.1,0.01,0.01,78732.85,1777241844000
1777241846.734,146.734,0.9,0.91,0.09,0.1,0.01,0.01,78729.51,1777241845000
1777241847.132,147.132,0.9,0.91,0.09,0.1,0.01,0.01,78729.51,1777241846000
1777241847.539,147.539,0.89,0.9,0.09,0.1,0.01,0.01,78729.51,1777241846000
1777241847.89,147.89,0.89,0.9,0.1,0.11,0.01,0.01,78729.51,1777241846000
1777241848.369,148.369,0.88,0.9,0.1,0.12,0.02,0.02,78730.3,1777241847000
1777241849.046,149.046,0.88,0.9,0.1,0.12,0.02,0.02,78731.08,1777241848000
1777241849.449,149.449,0.89,0.9,0.1,0.11,0.01,0.01,78731.08,1777241848000
1777241849.977,149.977,0.89,0.9,0.1,0.11,0.01,0.01,78731.08,1777241848000
1777241850.329,150.329,0.89,0.9,0.1,0.11,0.01,0.01,78731.08,1777241848000
1777241850.963,150.963,0.91,0.92,0.08,0.11,0.01,0.03,78730.39,1777241849000
1777241851.324,151.324,0.91,0.93,0.07,0.09,0.02,0.02,78729.98,1777241850000
1777241851.685,151.685,0.93,0.94,0.06,0.07,0.01,0.01,78729.98,1777241850000
1777241852.076,152.076,0.93,0.94,0.06,0.07,0.01,0.01,78729.98,1777241850000
1777241852.412,152.412,0.93,0.94,0.06,0.07,0.01,0.01,78729.98,1777241850000
1777241852.817,152.817,0.93,0.94,0.06,0.07,0.01,0.01,78731.67,1777241851000
1777241853.163,153.163,0.93,0.94,0.06,0.07,0.01,0.01,78740.09,1777241852000
1777241853.524,153.524,0.93,0.94,0.06,0.07,0.01,0.01,78740.09,1777241852000
1777241854.1,154.1,0.93,0.94,0.06,0.07,0.01,0.01,78740.09,1777241852000
1777241854.46,154.46,0.93,0.94,0.06,0.07,0.01,0.01,78740.09,1777241852000
1777241855.191,155.191,0.93,0.94,0.06,0.07,0.01,0.01,78742.06,1777241853000
1777241855.556,155.556,0.91,0.94,0.06,0.09,0.03,0.03,78738.77,1777241854000
1777241856.158,156.158,0.91,0.92,0.08,0.09,0.01,0.01,78738.77,1777241855000
1777241856.544,156.544,0.91,0.92,0.08,0.09,0.01,0.01,78738.77,1777241855000
1777241857.225,157.225,0.91,0.92,0.08,0.09,0.01,0.01,78738.77,1777241855000
1777241857.67,157.67,0.89,0.9,0.1,0.11,0.01,0.01,78738.77,1777241855000
1777241858.005,158.005,0.89,0.9,0.1,0.11,0.01,0.01,78735.93,1777241856000
1777241858.371,158.371,0.89,0.9,0.1,0.11,0.01,0.01,78735.93,1777241856000
1777241858.707,158.707,0.89,0.9,0.1,0.11,0.01,0.01,78735.85,1777241857000
1777241859.112,159.112,0.89,0.9,0.1,0.11,0.01,0.01,78731.44,1777241858000
1777241859.522,159.522,0.89,0.9,0.1,0.11,0.01,0.01,78731.44,1777241858000
1777241859.864,159.864,0.89,0.9,0.1,0.11,0.01,0.01,78731.44,1777241858000
1777241860.326,160.326,0.87,0.89,0.1,0.11,0.02,0.01,78731.44,1777241858000
1777241860.691,160.691,0.87,0.88,0.12,0.13,0.01,0.01,78731.44,1777241858000
1777241861.299,161.299,0.86,0.87,0.12,0.14,0.01,0.02,78725.52,1777241859000
1777241861.873,161.873,0.86,0.87,0.13,0.14,0.01,0.01,78719.61,1777241860000
1777241862.221,162.221,0.86,0.87,0.12,0.14,0.01,0.02,78719.61,1777241860000
1777241863.472,163.472,0.86,0.88,0.13,0.14,0.02,0.01,78709.81,1777241861000
1777241863.947,163.947,0.86,0.87,0.13,0.14,0.01,0.01,78705.37,1777241862000
1777241864.376,164.376,0.86,0.87,0.13,0.14,0.01,0.01,78705.37,1777241862000
1777241864.709,164.709,0.78,0.81,0.19,0.22,0.03,0.03,78703.52,1777241863000
1777241865.132,165.132,0.8,0.81,0.17,0.21,0.01,0.04,78703.52,1777241863000
1777241865.469,165.469,0.8,0.81,0.19,0.2,0.01,0.01,78701.27,1777241864000
1777241865.899,165.899,0.8,0.81,0.19,0.2,0.01,0.01,78701.27,1777241864000
1777241866.281,166.281,0.8,0.81,0.19,0.2,0.01,0.01,78701.27,1777241864000
1777241866.719,166.719,0.8,0.81,0.19,0.2,0.01,0.01,78681.05,1777241865000
1777241867.069,167.069,0.8,0.81,0.19,0.2,0.01,0.01,78681.05,1777241865000
1777241867.441,167.441,0.8,0.81,0.19,0.2,0.01,0.01,78679.35,1777241866000
1777241867.908,167.908,0.8,0.81,0.19,0.2,0.01,0.01,78679.35,1777241866000
1777241868.282,168.282,0.8,0.81,0.19,0.2,0.01,0.01,78675.07,1777241867000
1777241868.713,168.713,0.8,0.81,0.19,0.2,0.01,0.01,78675.07,1777241867000
1777241869.046,169.046,0.78,0.8,0.2,0.24,0.02,0.04,78675.07,1777241867000
1777241869.424,169.424,0.8,0.81,0.19,0.2,0.01,0.01,78675.07,1777241867000
1777241870.111,170.111,0.8,0.81,0.19,0.2,0.01,0.01,78667.34,1777241869000
1777241870.646,170.646,0.8,0.81,0.19,0.21,0.01,0.02,78667.34,1777241869000
1777241871.105,171.105,0.8,0.81,0.19,0.2,0.01,0.01,78667.34,1777241869000
1777241871.483,171.483,0.77,0.78,0.22,0.23,0.01,0.01,78667.34,1777241869000
1777241871.829,171.829,0.8,0.83,0.16,0.2,0.03,0.04,78665.09,1777241870000
1777241872.208,172.208,0.81,0.82,0.18,0.19,0.01,0.01,78665.09,1777241870000
1777241872.611,172.611,0.81,0.82,0.18,0.19,0.01,0.01,78666.71,1777241871000
1777241872.996,172.996,0.81,0.82,0.18,0.19,0.01,0.01,78669.01,1777241872000
1777241873.372,173.372,0.82,0.83,0.16,0.18,0.01,0.02,78669.01,1777241872000
1777241873.774,173.774,0.81,0.83,0.17,0.19,0.02,0.02,78669.01,1777241872000
1777241874.193,174.193,0.81,0.82,0.18,0.19,0.01,0.01,78669.75,1777241873000
1777241874.541,174.541,0.81,0.82,0.18,0.19,0.01,0.01,78669.75,1777241873000
1777241874.949,174.949,0.81,0.82,0.18,0.19,0.01,0.01,78669.75,1777241873000
1777241875.335,175.335,0.8,0.83,0.19,0.2,0.03,0.01,78669.75,1777241873000
1777241875.93,175.93,0.82,0.83,0.17,0.18,0.01,0.01,78669.63,1777241874000
1777241876.343,176.343,0.84,0.85,0.15,0.16,0.01,0.01,78669.69,1777241875000
1777241876.877,176.877,0.84,0.85,0.15,0.16,0.01,0.01,78669.69,1777241875000
1777241877.25,177.25,0.84,0.85,0.15,0.16,0.01,0.01,78669.69,1777241875000
1777241877.585,177.585,0.87,0.88,0.12,0.13,0.01,0.01,78666.63,1777241876000
1777241877.981,177.981,0.87,0.88,0.12,0.13,0.01,0.01,78666.54,1777241877000
1777241878.441,178.441,0.87,0.88,0.12,0.13,0.01,0.01,78666.54,1777241877000
1777241878.828,178.828,0.88,0.89,0.12,0.13,0.01,0.01,78666.54,1777241877000
1777241879.234,179.234,0.88,0.89,0.11,0.12,0.01,0.01,78666.54,1777241877000
1777241879.673,179.673,0.88,0.89,0.11,0.12,0.01,0.01,78677.79,1777241878000
1777241880.017,180.017,0.88,0.89,0.11,0.12,0.01,0.01,78677.79,1777241878000
1777241880.353,180.353,0.88,0.89,0.11,0.12,0.01,0.01,78677.79,1777241878000
1777241880.718,180.718,0.88,0.89,0.11,0.12,0.01,0.01,78684.36,1777241879000
1777241881.246,181.246,0.88,0.89,0.11,0.12,0.01,0.01,78684.36,1777241879000
1777241881.611,181.611,0.89,0.9,0.1,0.11,0.01,0.01,78685.45,1777241880000
1777241881.945,181.945,0.84,0.85,0.15,0.16,0.01,0.01,78685.45,1777241880000
1777241882.279,182.279,0.84,0.85,0.15,0.16,0.01,0.01,78687.23,1777241881000
1777241882.684,182.684,0.84,0.85,0.15,0.16,0.01,0.01,78687.23,1777241881000
1777241883.068,183.068,0.85,0.86,0.14,0.15,0.01,0.01,78687.23,1777241881000
1777241883.403,183.403,0.85,0.86,0.14,0.15,0.01,0.01,78685.69,1777241882000
1777241883.903,183.903,0.85,0.86,0.14,0.15,0.01,0.01,78685.69,1777241882000
1777241884.456,184.456,0.85,0.86,0.14,0.15,0.01,0.01,78678.31,1777241883000
1777241884.872,184.872,0.87,0.88,0.12,0.13,0.01,0.01,78678.31,1777241883000
1777241885.247,185.247,0.86,0.88,0.12,0.13,0.02,0.01,78676.52,1777241884000
1777241885.804,185.804,0.86,0.87,0.12,0.15,0.01,0.03,78676.52,1777241884000
1777241886.244,186.244,0.86,0.87,0.13,0.14,0.01,0.01,78676.52,1777241884000
1777241886.586,186.586,0.85,0.87,0.11,0.14,0.02,0.03,78676.68,1777241885000
1777241886.94,186.94,0.86,0.87,0.13,0.15,0.01,0.02,78676.68,1777241885000
1777241887.508,187.508,0.86,0.87,0.13,0.14,0.01,0.01,78676.68,1777241886000
1777241887.849,187.849,0.88,0.89,0.12,0.13,0.01,0.01,78676.68,1777241886000
1777241888.279,188.279,0.89,0.9,0.1,0.11,0.01,0.01,78675.72,1777241887000
1777241888.62,188.62,0.89,0.9,0.1,0.11,0.01,0.01,78675.72,1777241887000
1777241888.989,188.989,0.87,0.88,0.12,0.13,0.01,0.01,78675.72,1777241887000
1777241889.326,189.326,0.87,0.88,0.12,0.13,0.01,0.01,78681.3,1777241888000
1777241889.699,189.699,0.86,0.87,0.13,0.14,0.01,0.01,78681.3,1777241888000
1777241890.123,190.123,0.86,0.88,0.13,0.14,0.02,0.01,78681.3,1777241888000
1777241890.457,190.457,0.87,0.88,0.12,0.13,0.01,0.01,78681.3,1777241888000
1777241891.129,191.129,0.88,0.89,0.12,0.13,0.01,0.01,78677.11,1777241889000
1777241891.498,191.498,0.88,0.89,0.11,0.12,0.01,0.01,78678.11,1777241890000
1777241891.875,191.875,0.87,0.89,0.11,0.13,0.02,0.02,78678.11,1777241890000
1777241892.272,192.272,0.86,0.87,0.11,0.15,0.01,0.04,78678.11,1777241890000
1777241892.609,192.609,0.87,0.88,0.12,0.13,0.01,0.01,78677.97,1777241891000
1777241893.039,193.039,0.87,0.88,0.12,0.13,0.01,0.01,78677.97,1777241891000
1777241893.387,193.387,0.87,0.88,0.12,0.13,0.01,0.01,78677.97,1777241891000
1777241893.965,193.965,0.87,0.88,0.12,0.13,0.01,0.01,78677.76,1777241892000
1777241894.469,194.469,0.86,0.87,0.13,0.14,0.01,0.01,78677.76,1777241893000
1777241894.803,194.803,0.86,0.87,0.13,0.14,0.01,0.01,78677.76,1777241893000
1777241895.163,195.163,0.86,0.88,0.13,0.14,0.02,0.01,78677.76,1777241893000
1777241895.601,195.601,0.88,0.89,0.11,0.12,0.01,0.01,78678.05,1777241894000
1777241895.971,195.971,0.88,0.89,0.11,0.12,0.01,0.01,78678.05,1777241894000
1777241896.43,196.43,0.88,0.89,0.11,0.12,0.01,0.01,78678.05,1777241894000
1777241896.8,196.8,0.88,0.89,0.11,0.12,0.01,0.01,78676.19,1777241895000
1777241897.518,197.518,0.88,0.89,0.11,0.12,0.01,0.01,78676.41,1777241896000
1777241897.854,197.854,0.91,0.94,0.06,0.09,0.03,0.03,78676.41,1777241896000
1777241898.234,198.234,0.93,0.94,0.06,0.07,0.01,0.01,78676.28,1777241897000
1777241898.696,198.696,0.93,0.94,0.06,0.07,0.01,0.01,78676.28,1777241897000
1777241899.092,199.092,0.93,0.94,0.06,0.07,0.01,0.01,78676.28,1777241897000
1777241899.52,199.52,0.93,0.94,0.06,0.07,0.01,0.01,78686.7,1777241898000
1777241899.968,199.968,0.93,0.94,0.06,0.07,0.01,0.01,78703.41,1777241899000
1777241900.462,200.462,0.92,0.93,0.07,0.08,0.01,0.01,78703.41,1777241899000
1777241900.865,200.865,0.92,0.93,0.07,0.08,0.01,0.01,78703.41,1777241899000
1777241901.279,201.279,0.92,0.93,0.07,0.08,0.01,0.01,78707.6,1777241900000
1777241901.641,201.641,0.92,0.93,0.07,0.08,0.01,0.01,78707.6,1777241900000
1777241902.207,202.207,0.93,0.94,0.06,0.07,0.01,0.01,78705.65,1777241901000
1777241902.552,202.552,0.93,0.94,0.06,0.07,0.01,0.01,78705.65,1777241901000
1777241902.908,202.908,0.92,0.94,0.06,0.08,0.02,0.02,78705.65,1777241901000
1777241903.274,203.274,0.92,0.93,0.06,0.08,0.01,0.02,78705.65,1777241901000
1777241903.609,203.609,0.92,0.93,0.07,0.08,0.01,0.01,78705.65,1777241901000
1777241903.953,203.953,0.92,0.93,0.07,0.08,0.01,0.01,78702.39,1777241902000
1777241904.334,204.334,0.92,0.93,0.07,0.08,0.01,0.01,78700.29,1777241903000
1777241904.678,204.678,0.92,0.93,0.07,0.08,0.01,0.01,78700.29,1777241903000
1777241905.025,205.025,0.92,0.93,0.07,0.08,0.01,0.01,78700.29,1777241903000
1777241905.366,205.366,0.92,0.93,0.07,0.08,0.01,0.01,78700.29,1777241903000
1777241905.741,205.741,0.92,0.93,0.07,0.08,0.01,0.01,78696.61,1777241904000
1777241906.206,206.206,0.92,0.93,0.07,0.08,0.01,0.01,78697.31,1777241905000
1777241906.674,206.674,0.92,0.93,0.07,0.08,0.01,0.01,78697.31,1777241905000
1777241907.191,207.191,0.92,0.93,0.07,0.08,0.01,0.01,78700.38,1777241906000
1777241907.781,207.781,0.92,0.93,0.07,0.08,0.01,0.01,78700.38,1777241906000
1777241908.13,208.13,0.92,0.93,0.07,0.08,0.01,0.01,78700.38,1777241906000
1777241908.525,208.525,0.92,0.93,0.07,0.08,0.01,0.01,78699.9,1777241907000
1777241909.31,209.31,0.92,0.93,0.07,0.08,0.01,0.01,78699.9,1777241907000
1777241909.755,209.755,0.92,0.93,0.07,0.08,0.01,0.01,78699.9,1777241908000
1777241910.171,210.171,0.93,0.94,0.06,0.07,0.01,0.01,78699.83,1777241909000
1777241910.764,210.764,0.93,0.94,0.06,0.07,0.01,0.01,78699.83,1777241909000
1777241911.223,211.223,0.94,0.95,0.05,0.06,0.01,0.01,78699.82,1777241910000
1777241911.604,211.604,0.94,0.95,0.05,0.06,0.01,0.01,78699.82,1777241910000
1777241912.029,212.029,0.94,0.95,0.05,0.06,0.01,0.01,78699.85,1777241911000
1777241912.422,212.422,0.94,0.95,0.05,0.06,0.01,0.01,78699.85,1777241911000
1777241912.845,212.845,0.94,0.95,0.05,0.06,0.01,0.01,78699.85,1777241911000
1777241913.317,213.317,0.94,0.95,0.05,0.06,0.01,0.01,78700.5,1777241912000
1777241913.729,213.729,0.94,0.95,0.05,0.06,0.01,0.01,78700.5,1777241912000
1777241914.105,214.105,0.94,0.95,0.05,0.06,0.01,0.01,78700.18,1777241913000
1777241914.453,214.453,0.94,0.95,0.05,0.06,0.01,0.01,78700.18,1777241913000
1777241915.004,215.004,0.94,0.95,0.05,0.06,0.01,0.01,78699.57,1777241914000
1777241915.929,215.929,0.94,0.95,0.05,0.06,0.01,0.01,78699.57,1777241914000
1777241916.265,216.265,0.94,0.95,0.05,0.06,0.01,0.01,78699.74,1777241915000
1777241916.602,216.602,0.95,0.96,0.04,0.05,0.01,0.01,78699.74,1777241915000
1777241917.04,217.04,0.95,0.96,0.04,0.05,0.01,0.01,78699.74,1777241915000
1777241917.444,217.444,0.95,0.96,0.04,0.05,0.01,0.01,78714.74,1777241916000
1777241917.777,217.777,0.95,0.96,0.04,0.05,0.01,0.01,78714.74,1777241916000
1777241918.119,218.119,0.95,0.96,0.04,0.05,0.01,0.01,78714.74,1777241916000
1777241918.455,218.455,0.96,0.97,0.03,0.04,0.01,0.01,78716.45,1777241917000
1777241918.849,218.849,0.96,0.97,0.03,0.04,0.01,0.01,78716.45,1777241917000
1777241919.249,219.249,0.96,0.97,0.03,0.04,0.01,0.01,78717.34,1777241918000
1777241919.677,219.677,0.96,0.97,0.03,0.04,0.01,0.01,78717.34,1777241918000
1777241920.024,220.024,0.96,0.97,0.03,0.04,0.01,0.01,78717.34,1777241918000
1777241920.449,220.449,0.96,0.97,0.03,0.04,0.01,0.01,78716.54,1777241919000
1777241920.803,220.803,0.95,0.97,0.03,0.05,0.02,0.02,78716.54,1777241919000
1777241921.161,221.161,0.94,0.95,0.05,0.06,0.01,0.01,78716.54,1777241919000
1777241921.528,221.528,0.94,0.97,0.03,0.06,0.03,0.03,78716.84,1777241920000
1777241921.902,221.902,0.94,0.95,0.05,0.06,0.01,0.01,78716.84,1777241920000
1777241922.32,222.32,0.94,0.96,0.04,0.06,0.02,0.02,78714.93,1777241921000
1777241922.857,222.857,0.95,0.96,0.04,0.06,0.01,0.02,78714.93,1777241921000
1777241923.285,223.285,0.94,0.96,0.04,0.05,0.02,0.01,78714.93,1777241921000
1777241923.704,223.704,0.94,0.95,0.05,0.06,0.01,0.01,78706.87,1777241922000
1777241924.05,224.05,0.94,0.96,0.04,0.06,0.02,0.02,78704.59,1777241923000
1777241924.467,224.467,0.95,0.96,0.04,0.05,0.01,0.01,78704.59,1777241923000
1777241924.818,224.818,0.95,0.96,0.04,0.05,0.01,0.01,78704.59,1777241923000
1777241925.354,225.354,0.95,0.96,0.04,0.05,0.01,0.01,78703.93,1777241924000
1777241925.697,225.697,0.95,0.96,0.04,0.05,0.01,0.01,78703.93,1777241924000
1777241926.287,226.287,0.95,0.96,0.04,0.05,0.01,0.01,78702.16,1777241925000
1777241926.686,226.686,0.95,0.96,0.04,0.05,0.01,0.01,78702.16,1777241925000
1777241927.053,227.053,0.96,0.97,0.03,0.05,0.01,0.02,78702.16,1777241925000
1777241927.436,227.436,0.96,0.97,0.03,0.04,0.01,0.01,78702.53,1777241926000
1777241927.852,227.852,0.96,0.97,0.03,0.04,0.01,0.01,78702.53,1777241926000
1777241928.244,228.244,0.96,0.97,0.03,0.04,0.01,0.01,78702.7,1777241927000
1777241928.641,228.641,0.96,0.97,0.03,0.04,0.01,0.01,78702.7,1777241927000
1777241929.098,229.098,0.96,0.97,0.03,0.04,0.01,0.01,78702.7,1777241927000
1777241929.435,229.435,0.96,0.98,0.02,0.04,0.02,0.02,78702.77,1777241928000
1777241929.823,229.823,0.97,0.98,0.02,0.03,0.01,0.01,78702.77,1777241928000
1777241930.217,230.217,0.97,0.98,0.02,0.03,0.01,0.01,78705.93,1777241929000
1777241930.681,230.681,0.97,0.98,0.02,0.03,0.01,0.01,78705.93,1777241929000
1777241931.018,231.018,0.97,0.98,0.02,0.03,0.01,0.01,78705.93,1777241929000
1777241931.706,231.706,0.97,0.98,0.02,0.03,0.01,0.01,78720.56,1777241930000
1777241932.099,232.099,0.97,0.98,0.02,0.03,0.01,0.01,78720.56,1777241930000
1777241932.442,232.442,0.97,0.98,0.02,0.03,0.01,0.01,78720.56,1777241930000
1777241932.823,232.823,0.97,0.98,0.02,0.03,0.01,0.01,78720.56,1777241930000
1777241933.201,233.201,0.97,0.98,0.02,0.03,0.01,0.01,78721.77,1777241931000
1777241933.591,233.591,0.97,0.98,0.02,0.03,0.01,0.01,78721.77,1777241931000
1777241934.067,234.067,0.97,0.98,0.02,0.03,0.01,0.01,78723.15,1777241932000
1777241934.464,234.464,0.97,0.98,0.02,0.03,0.01,0.01,78723.15,1777241932000
1777241934.811,234.811,0.97,0.98,0.02,0.03,0.01,0.01,78722.96,1777241933000
1777241935.489,235.489,0.97,0.98,0.02,0.03,0.01,0.01,78722.96,1777241933000
1777241936.12,236.12,0.96,0.98,0.02,0.03,0.02,0.01,78718.49,1777241934000
1777241936.555,236.555,0.97,0.98,0.02,0.03,0.01,0.01,78713.51,1777241935000
1777241937.272,237.272,0.97,0.98,0.02,0.03,0.01,0.01,78713.51,1777241935000
1777241937.876,237.876,0.97,0.98,0.02,0.03,0.01,0.01,78711.31,1777241936000
1777241938.388,238.388,0.97,0.98,0.02,0.03,0.01,0.01,78711.07,1777241937000
1777241938.893,238.893,0.97,0.98,0.02,0.03,0.01,0.01,78711.07,1777241937000
1777241939.391,239.391,0.97,0.98,0.02,0.03,0.01,0.01,78711.07,1777241937000
1777241939.757,239.757,0.97,0.98,0.02,0.03,0.01,0.01,78711.69,1777241938000
1777241940.207,240.207,0.97,0.98,0.02,0.03,0.01,0.01,78711.69,1777241939000
1777241940.553,240.553,0.97,0.98,0.02,0.03,0.01,0.01,78711.69,1777241939000
1777241941.01,241.01,0.97,0.98,0.02,0.03,0.01,0.01,78711.69,1777241939000
1777241941.414,241.414,0.97,0.98,0.02,0.03,0.01,0.01,78711.69,1777241940000
1777241941.759,241.759,0.97,0.98,0.02,0.03,0.01,0.01,78711.69,1777241940000
1777241942.115,242.115,0.97,0.98,0.02,0.03,0.01,0.01,78711.69,1777241940000
1777241942.557,242.557,0.97,0.98,0.02,0.03,0.01,0.01,78711.69,1777241940000
1777241943.002,243.002,0.95,0.96,0.04,0.05,0.01,0.01,78706.81,1777241941000
1777241943.337,243.337,0.96,0.97,0.03,0.04,0.01,0.01,78706.81,1777241941000
1777241943.716,243.716,0.96,0.97,0.03,0.04,0.01,0.01,78705.8,1777241942000
1777241944.235,244.235,0.95,0.97,0.03,0.05,0.02,0.02,78703.52,1777241943000
1777241944.622,244.622,0.96,0.97,0.03,0.04,0.01,0.01,78703.52,1777241943000
1777241945.078,245.078,0.96,0.97,0.03,0.04,0.01,0.01,78703.52,1777241943000
1777241945.539,245.539,0.96,0.97,0.03,0.04,0.01,0.01,78703.52,1777241943000
1777241946.154,246.154,0.96,0.97,0.03,0.04,0.01,0.01,78692.31,1777241944000
1777241946.493,246.493,0.96,0.97,0.03,0.04,0.01,0.01,78690.97,1777241945000
1777241947.007,247.007,0.96,0.97,0.03,0.04,0.01,0.01,78693.8,1777241946000
1777241947.347,247.347,0.96,0.97,0.03,0.04,0.01,0.01,78693.8,1777241946000
1777241947.735,247.735,0.96,0.97,0.03,0.04,0.01,0.01,78693.8,1777241946000
1777241948.266,248.266,0.96,0.97,0.03,0.04,0.01,0.01,78693.8,1777241946000
1777241949.075,249.075,0.96,0.97,0.03,0.04,0.01,0.01,78692.64,1777241947000
1777241949.432,249.432,0.96,0.97,0.03,0.04,0.01,0.01,78696.92,1777241948000
1777241949.811,249.811,0.96,0.97,0.03,0.04,0.01,0.01,78696.92,1777241948000
1777241950.317,250.317,0.96,0.97,0.03,0.04,0.01,0.01,78696.92,1777241948000
1777241950.654,250.654,0.96,0.97,0.03,0.04,0.01,0.01,78696.92,1777241948000
1777241951.01,251.01,0.96,0.97,0.03,0.04,0.01,0.01,78700.1,1777241949000
1777241951.353,251.353,0.96,0.97,0.03,0.04,0.01,0.01,78700.1,1777241949000
1777241951.69,251.69,0.96,0.97,0.03,0.04,0.01,0.01,78699.67,1777241950000
1777241952.159,252.159,0.97,0.98,0.02,0.03,0.01,0.01,78699.67,1777241950000
1777241952.699,252.699,0.97,0.98,0.02,0.03,0.01,0.01,78700.38,1777241951000
1777241953.347,253.347,0.97,0.98,0.02,0.03,0.01,0.01,78703.15,1777241952000
1777241953.896,253.896,0.97,0.98,0.02,0.03,0.01,0.01,78703.15,1777241952000
1777241954.274,254.274,0.97,0.98,0.02,0.03,0.01,0.01,78702.91,1777241953000
1777241954.627,254.627,0.98,0.99,0.01,0.02,0.01,0.01,78702.91,1777241953000
1777241955.016,255.016,0.98,0.99,0.01,0.02,0.01,0.01,78702.42,1777241954000
1777241955.366,255.366,0.98,0.99,0.01,0.02,0.01,0.01,78702.42,1777241954000
1777241955.707,255.707,0.98,0.99,0.01,0.02,0.01,0.01,78702.42,1777241954000
1777241956.042,256.042,0.98,0.99,0.01,0.02,0.01,0.01,78702.34,1777241955000
1777241956.447,256.447,0.98,0.99,0.01,0.02,0.01,0.01,78702.34,1777241955000
1777241956.78,256.78,0.98,0.99,0.01,0.02,0.01,0.01,78702.34,1777241955000
1777241957.284,257.284,0.98,0.99,0.01,0.02,0.01,0.01,78720.4,1777241956000
1777241957.699,257.699,0.98,0.99,0.01,0.02,0.01,0.01,78720.4,1777241956000
1777241958.096,258.096,0.98,0.99,0.01,0.02,0.01,0.01,78724.6,1777241957000
1777241958.742,258.742,0.98,0.99,0.01,0.02,0.01,0.01,78724.6,1777241957000
1777241959.196,259.196,0.98,0.99,0.01,0.02,0.01,0.01,78733.9,1777241958000
1777241959.532,259.532,0.98,0.99,0.01,0.02,0.01,0.01,78733.9,1777241958000
1777241959.913,259.913,0.98,0.99,0.01,0.02,0.01,0.01,78733.9,1777241958000
1777241960.308,260.308,0.98,0.99,0.01,0.02,0.01,0.01,78731.51,1777241959000
1777241960.696,260.696,0.98,0.99,0.01,0.02,0.01,0.01,78731.51,1777241959000
1777241961.059,261.059,0.98,0.99,0.01,0.02,0.01,0.01,78731.51,1777241959000
1777241961.399,261.399,0.98,0.99,0.01,0.02,0.01,0.01,78731.51,1777241959000
1777241961.749,261.749,0.98,0.99,0.01,0.02,0.01,0.01,78731.51,1777241960000
1777241962.363,262.363,0.99,0.99,0.01,0.01,0.0,0.0,78731.51,1777241961000
1777241962.708,262.708,0.99,0.99,0.01,0.01,0.0,0.0,78731.51,1777241961000
1777241963.112,263.112,0.99,0.99,0.01,0.01,0.0,0.0,78731.98,1777241962000
1777241963.754,263.754,0.99,0.99,0.01,0.01,0.0,0.0,78731.98,1777241962000
1777241964.181,264.181,0.99,0.99,0.01,0.01,0.0,0.0,78732.47,1777241963000
1777241964.757,264.757,0.99,0.99,0.01,0.01,0.0,0.0,78732.47,1777241963000
1777241965.173,265.173,0.99,0.99,0.01,0.01,0.0,0.0,78732.47,1777241963000
1777241965.575,265.575,0.99,0.99,0.01,0.01,0.0,0.0,78727.14,1777241964000
1777241966.045,266.045,0.99,0.99,0.01,0.01,0.0,0.0,78726.05,1777241965000
1777241966.46,266.46,0.99,0.99,0.01,0.01,0.0,0.0,78726.05,1777241965000
1777241967.193,267.193,0.99,0.99,0.01,0.01,0.0,0.0,78725.33,1777241966000
1777241968.009,268.009,0.99,0.99,0.01,0.01,0.0,0.0,78725.33,1777241967000
1777241968.886,268.886,0.99,0.99,0.01,0.01,0.0,0.0,78725.33,1777241967000
1777241969.925,269.925,0.99,0.99,0.01,0.01,0.0,0.0,78725.33,1777241969000
1777241970.522,270.522,0.99,0.99,0.01,0.01,0.0,0.0,78725.33,1777241969000
1777241970.911,270.911,0.99,0.99,0.01,0.01,0.0,0.0,78724.86,1777241970000
1777241971.665,271.665,0.99,0.99,0.01,0.01,0.0,0.0,78724.86,1777241970000
1777241972.142,272.142,0.99,0.99,0.01,0.01,0.0,0.0,78724.86,1777241970000
1777241972.486,272.486,0.99,0.99,0.01,0.01,0.0,0.0,78724.26,1777241971000
1777241973.249,273.249,0.99,0.99,0.01,0.01,0.0,0.0,78719.06,1777241972000
1777241974.151,274.151,0.99,0.99,0.01,0.01,0.0,0.0,78713.37,1777241973000
1777241975.124,275.124,0.99,0.99,0.01,0.01,0.0,0.0,78712.46,1777241974000
1777241976.175,276.175,0.99,0.99,0.01,0.01,0.0,0.0,78712.67,1777241975000
1777241977.123,277.123,0.99,0.99,0.01,0.01,0.0,0.0,78712.51,1777241976000
1777241977.699,277.699,0.99,0.99,0.01,0.01,0.0,0.0,78712.51,1777241976000
1777241978.262,278.262,0.99,0.99,0.01,0.01,0.0,0.0,78712.53,1777241977000
1777241979.161,279.161,0.99,0.99,0.01,0.01,0.0,0.0,78713.12,1777241978000
1777241980.24,280.24,0.99,0.99,0.01,0.01,0.0,0.0,78713.24,1777241979000
1777241981.345,281.345,0.99,0.99,0.01,0.01,0.0,0.0,78713.28,1777241980000
1777241981.918,281.918,0.99,0.99,0.01,0.01,0.0,0.0,78713.28,1777241981000
1777241982.542,282.542,0.99,0.99,0.01,0.01,0.0,0.0,78713.28,1777241981000
1777241983.006,283.006,0.99,0.99,0.01,0.01,0.0,0.0,78713.27,1777241982000
1777241984.014,284.014,0.99,0.99,0.01,0.01,0.0,0.0,78723.06,1777241983000
1777241984.994,284.994,0.99,0.99,0.01,0.01,0.0,0.0,78723.06,1777241983000
1777241985.359,285.359,0.99,0.99,0.01,0.01,0.0,0.0,78727.24,1777241984000
1777241986.028,286.028,0.99,0.99,0.01,0.01,0.0,0.0,78727.24,1777241984000
1777241987.489,287.489,0.99,0.99,0.01,0.01,0.0,0.0,78728.91,1777241986000
1777241987.889,287.889,0.99,0.99,0.01,0.01,0.0,0.0,78728.91,1777241987000
1777241988.988,288.988,0.99,0.99,0.01,0.01,0.0,0.0,78728.91,1777241987000
1777241990.436,290.436,0.99,0.99,0.01,0.01,0.0,0.0,78729.39,1777241989000
1777241991.053,291.053,0.99,0.99,0.01,0.01,0.0,0.0,78729.39,1777241990000
1777241991.441,291.441,0.99,0.99,0.01,0.01,0.0,0.0,78729.39,1777241990000
1777241992.453,292.453,0.99,0.99,0.01,0.01,0.0,0.0,78729.39,1777241990000
1777241993.43,293.43,0.99,0.99,0.01,0.01,0.0,0.0,78759.18,1777241992000
1777241994.541,294.541,0.99,0.99,0.01,0.01,0.0,0.0,78759.18,1777241992000
1777241994.887,294.887,0.99,0.99,0.01,0.01,0.0,0.0,78759.18,1777241992000
1777241995.513,295.513,0.99,0.99,0.01,0.01,0.0,0.0,78765.0,1777241994000
1777241996.225,296.225,0.99,0.99,0.01,0.01,0.0,0.0,78772.06,1777241995000
1777241997.366,297.366,0.99,0.99,0.01,0.01,0.0,0.0,78774.63,1777241996000
1777241997.998,297.998,0.99,0.99,0.01,0.01,0.0,0.0,78775.04,1777241997000
1777241998.433,298.433,0.99,0.99,0.01,0.01,0.0,0.0,78775.04,1777241997000
1777241999.204,299.204,0.99,0.99,0.01,0.01,0.0,0.0,78772.48,1777241998000
1777241999.574,299.574,0.99,0.99,0.01,0.01,0.0,0.0,78772.48,1777241998000
1777242000.505,300.505,0.99,0.99,0.01,0.01,0.0,0.0,78765.87,1777241999000
1777242000.925,300.925,0.99,0.99,0.01,0.01,0.0,0.0,78765.87,1777241999000

# RESULT,winner=Up,slug=btc-updown-5m-1777241700,ticks=652
