timestamp,elapsed_sec,up_bid,up_ask,down_bid,down_ask,up_spread,down_spread,btc_price,btc_oracle_ts
1777287900.51,0.51,0.52,0.53,0.48,0.49,0.01,0.01,77801.15,1777287899000
1777287900.937,0.937,0.51,0.52,0.48,0.49,0.01,0.01,77801.15,1777287899000
1777287901.321,1.321,0.45,0.48,0.49,0.55,0.03,0.06,77803.49,1777287900000
1777287901.764,1.764,0.43,0.44,0.54,0.57,0.01,0.03,77803.49,1777287900000
1777287902.347,2.347,0.43,0.44,0.56,0.57,0.01,0.01,77803.49,1777287900000
1777287902.921,2.921,0.42,0.44,0.56,0.57,0.02,0.01,77802.67,1777287901000
1777287903.296,3.296,0.42,0.43,0.57,0.58,0.01,0.01,77801.27,1777287902000
1777287903.835,3.835,0.47,0.48,0.52,0.53,0.01,0.01,77801.27,1777287902000
1777287904.181,4.181,0.47,0.48,0.52,0.53,0.01,0.01,77801.27,1777287902000
1777287904.566,4.566,0.47,0.48,0.52,0.53,0.01,0.01,77798.18,1777287903000
1777287904.988,4.988,0.46,0.47,0.52,0.55,0.01,0.03,77798.18,1777287903000
1777287905.418,5.418,0.46,0.47,0.53,0.54,0.01,0.01,77798.18,1777287903000
1777287905.791,5.791,0.46,0.47,0.53,0.54,0.01,0.01,77798.18,1777287903000
1777287906.207,6.207,0.46,0.47,0.53,0.54,0.01,0.01,77799.32,1777287904000
1777287906.588,6.588,0.46,0.47,0.53,0.54,0.01,0.01,77799.57,1777287905000
1777287907.081,7.081,0.46,0.47,0.53,0.54,0.01,0.01,77798.75,1777287906000
1777287907.441,7.441,0.46,0.47,0.53,0.54,0.01,0.01,77798.75,1777287906000
1777287907.907,7.907,0.46,0.47,0.53,0.54,0.01,0.01,77798.75,1777287906000
1777287908.271,8.271,0.46,0.47,0.53,0.54,0.01,0.01,77798.98,1777287907000
1777287908.625,8.625,0.46,0.47,0.53,0.54,0.01,0.01,77798.98,1777287907000
1777287909.004,9.004,0.46,0.47,0.53,0.54,0.01,0.01,77799.31,1777287908000
1777287909.402,9.402,0.47,0.48,0.52,0.53,0.01,0.01,77799.31,1777287908000
1777287909.856,9.856,0.47,0.48,0.52,0.53,0.01,0.01,77799.31,1777287908000
1777287910.368,10.368,0.47,0.48,0.52,0.53,0.01,0.01,77799.31,1777287909000
1777287910.826,10.826,0.47,0.48,0.52,0.53,0.01,0.01,77799.31,1777287909000
1777287911.196,11.196,0.47,0.48,0.52,0.53,0.01,0.01,77799.99,1777287910000
1777287911.634,11.634,0.47,0.48,0.52,0.53,0.01,0.01,77799.99,1777287910000
1777287912.06,12.06,0.47,0.48,0.52,0.53,0.01,0.01,77800.38,1777287911000
1777287912.483,12.483,0.47,0.48,0.52,0.53,0.01,0.01,77800.38,1777287911000
1777287912.879,12.879,0.46,0.48,0.52,0.54,0.02,0.02,77801.64,1777287912000
1777287913.226,13.226,0.46,0.47,0.53,0.54,0.01,0.01,77801.64,1777287912000
1777287913.621,13.621,0.45,0.46,0.54,0.55,0.01,0.01,77801.64,1777287912000
1777287914.704,14.704,0.43,0.44,0.54,0.57,0.01,0.03,77801.76,1777287913000
1777287915.188,15.188,0.43,0.45,0.56,0.57,0.02,0.01,77801.76,1777287913000
1777287915.553,15.553,0.45,0.46,0.54,0.56,0.01,0.02,77799.34,1777287914000
1777287915.916,15.916,0.45,0.46,0.54,0.55,0.01,0.01,77799.34,1777287914000
1777287916.321,16.321,0.46,0.47,0.53,0.54,0.01,0.01,77799.34,1777287914000
1777287916.877,16.877,0.47,0.48,0.52,0.53,0.01,0.01,77797.56,1777287915000
1777287917.279,17.279,0.47,0.48,0.52,0.53,0.01,0.01,77797.56,1777287915000
1777287917.657,17.657,0.47,0.48,0.52,0.53,0.01,0.01,77798.26,1777287916000
1777287918.12,18.12,0.47,0.48,0.52,0.53,0.01,0.01,77798.26,1777287916000
1777287918.5,18.5,0.47,0.48,0.52,0.53,0.01,0.01,77798.26,1777287916000
1777287918.838,18.838,0.47,0.48,0.52,0.53,0.01,0.01,77798.26,1777287916000
1777287919.178,19.178,0.47,0.48,0.52,0.53,0.01,0.01,77799.93,1777287917000
1777287919.517,19.517,0.47,0.48,0.52,0.53,0.01,0.01,77799.93,1777287917000
1777287920.148,20.148,0.47,0.48,0.52,0.53,0.01,0.01,77799.98,1777287918000
1777287920.592,20.592,0.46,0.47,0.53,0.54,0.01,0.01,77800.14,1777287919000
1777287921.302,21.302,0.45,0.46,0.54,0.55,0.01,0.01,77800.14,1777287919000
1777287921.638,21.638,0.45,0.46,0.54,0.55,0.01,0.01,77800.67,1777287920000
1777287922.116,22.116,0.45,0.46,0.54,0.55,0.01,0.01,77800.67,1777287920000
1777287922.662,22.662,0.45,0.46,0.54,0.55,0.01,0.01,77799.59,1777287921000
1777287923.287,23.287,0.45,0.46,0.54,0.55,0.01,0.01,77799.2,1777287922000
1777287923.79,23.79,0.45,0.46,0.54,0.55,0.01,0.01,77799.2,1777287922000
1777287924.26,24.26,0.45,0.47,0.54,0.55,0.02,0.01,77799.2,1777287922000
1777287924.628,24.628,0.46,0.47,0.53,0.54,0.01,0.01,77799.17,1777287923000
1777287924.966,24.966,0.46,0.47,0.53,0.54,0.01,0.01,77799.18,1777287924000
1777287925.43,25.43,0.46,0.47,0.53,0.54,0.01,0.01,77799.18,1777287924000
1777287925.813,25.813,0.46,0.47,0.53,0.54,0.01,0.01,77799.18,1777287924000
1777287926.287,26.287,0.46,0.47,0.53,0.54,0.01,0.01,77799.18,1777287925000
1777287926.633,26.633,0.46,0.47,0.53,0.54,0.01,0.01,77799.18,1777287925000
1777287926.981,26.981,0.46,0.47,0.53,0.54,0.01,0.01,77799.18,1777287925000
1777287927.874,27.874,0.46,0.47,0.53,0.54,0.01,0.01,77798.24,1777287926000
1777287928.228,28.228,0.46,0.47,0.53,0.54,0.01,0.01,77798.24,1777287926000
1777287928.929,28.929,0.46,0.47,0.53,0.54,0.01,0.01,77798.61,1777287927000
1777287929.422,29.422,0.46,0.47,0.53,0.54,0.01,0.01,77798.63,1777287928000
1777287929.908,29.908,0.46,0.47,0.53,0.54,0.01,0.01,77798.63,1777287928000
1777287930.247,30.247,0.46,0.47,0.53,0.54,0.01,0.01,77798.06,1777287929000
1777287930.635,30.635,0.47,0.48,0.52,0.54,0.01,0.02,77798.06,1777287929000
1777287931.164,31.164,0.47,0.48,0.52,0.53,0.01,0.01,77798.06,1777287929000
1777287931.559,31.559,0.47,0.48,0.52,0.53,0.01,0.01,77798.06,1777287930000
1777287931.899,31.899,0.47,0.48,0.52,0.53,0.01,0.01,77798.06,1777287930000
1777287932.275,32.275,0.47,0.48,0.52,0.53,0.01,0.01,77798.52,1777287931000
1777287933.0,33.0,0.47,0.48,0.52,0.53,0.01,0.01,77798.52,1777287931000
1777287933.335,33.335,0.53,0.55,0.45,0.48,0.02,0.03,77798.52,1777287931000
1777287933.757,33.757,0.53,0.55,0.45,0.47,0.02,0.02,77801.03,1777287932000
1777287934.161,34.161,0.54,0.55,0.45,0.46,0.01,0.01,77801.03,1777287932000
1777287934.55,34.55,0.54,0.55,0.45,0.46,0.01,0.01,77802.41,1777287933000
1777287935.157,35.157,0.54,0.55,0.45,0.46,0.01,0.01,77802.41,1777287933000
1777287935.509,35.509,0.54,0.55,0.45,0.46,0.01,0.01,77805.67,1777287934000
1777287935.966,35.966,0.54,0.55,0.45,0.46,0.01,0.01,77805.67,1777287934000
1777287936.375,36.375,0.54,0.55,0.45,0.46,0.01,0.01,77805.67,1777287935000
1777287936.76,36.76,0.54,0.55,0.45,0.46,0.01,0.01,77805.67,1777287935000
1777287937.128,37.128,0.54,0.55,0.45,0.46,0.01,0.01,77805.67,1777287935000
1777287937.465,37.465,0.54,0.55,0.45,0.46,0.01,0.01,77804.96,1777287936000
1777287937.819,37.819,0.54,0.55,0.45,0.46,0.01,0.01,77804.96,1777287936000
1777287938.238,38.238,0.54,0.55,0.45,0.46,0.01,0.01,77805.55,1777287937000
1777287938.639,38.639,0.54,0.55,0.45,0.46,0.01,0.01,77805.55,1777287937000
1777287939.073,39.073,0.54,0.55,0.45,0.46,0.01,0.01,77805.55,1777287937000
1777287939.42,39.42,0.54,0.55,0.45,0.46,0.01,0.01,77805.55,1777287938000
1777287939.974,39.974,0.54,0.55,0.45,0.46,0.01,0.01,77805.55,1777287938000
1777287940.35,40.35,0.52,0.54,0.45,0.47,0.02,0.02,77805.55,1777287938000
1777287940.736,40.736,0.53,0.54,0.46,0.47,0.01,0.01,77806.23,1777287939000
1777287941.106,41.106,0.53,0.54,0.46,0.47,0.01,0.01,77806.23,1777287939000
1777287941.474,41.474,0.53,0.54,0.46,0.47,0.01,0.01,77806.23,1777287940000
1777287941.886,41.886,0.53,0.54,0.46,0.47,0.01,0.01,77806.23,1777287940000
1777287942.246,42.246,0.53,0.54,0.46,0.47,0.01,0.01,77806.23,1777287940000
1777287942.692,42.692,0.53,0.54,0.46,0.47,0.01,0.01,77805.81,1777287941000
1777287943.074,43.074,0.53,0.54,0.46,0.47,0.01,0.01,77805.81,1777287941000
1777287943.547,43.547,0.53,0.54,0.46,0.47,0.01,0.01,77805.31,1777287942000
1777287944.069,44.069,0.53,0.54,0.46,0.47,0.01,0.01,77805.31,1777287942000
1777287944.476,44.476,0.53,0.54,0.46,0.47,0.01,0.01,77806.06,1777287943000
1777287944.841,44.841,0.53,0.54,0.46,0.47,0.01,0.01,77806.06,1777287943000
1777287945.816,45.816,0.53,0.54,0.46,0.47,0.01,0.01,77806.06,1777287944000
1777287946.183,46.183,0.53,0.54,0.46,0.47,0.01,0.01,77804.9,1777287945000
1777287946.621,46.621,0.53,0.54,0.46,0.47,0.01,0.01,77804.9,1777287945000
1777287947.029,47.029,0.53,0.54,0.46,0.47,0.01,0.01,77804.9,1777287945000
1777287947.796,47.796,0.53,0.54,0.46,0.47,0.01,0.01,77804.46,1777287946000
1777287948.156,48.156,0.52,0.53,0.47,0.48,0.01,0.01,77804.46,1777287946000
1777287948.524,48.524,0.52,0.53,0.47,0.48,0.01,0.01,77804.46,1777287947000
1777287948.969,48.969,0.52,0.53,0.47,0.48,0.01,0.01,77804.46,1777287947000
1777287949.378,49.378,0.52,0.53,0.47,0.48,0.01,0.01,77805.16,1777287948000
1777287949.807,49.807,0.52,0.53,0.47,0.48,0.01,0.01,77805.16,1777287948000
1777287950.142,50.142,0.53,0.54,0.46,0.48,0.01,0.02,77805.16,1777287948000
1777287950.51,50.51,0.54,0.55,0.45,0.46,0.01,0.01,77805.26,1777287949000
1777287950.905,50.905,0.54,0.55,0.45,0.46,0.01,0.01,77805.26,1777287949000
1777287951.287,51.287,0.54,0.55,0.45,0.46,0.01,0.01,77805.22,1777287950000
1777287951.701,51.701,0.54,0.55,0.45,0.46,0.01,0.01,77805.22,1777287950000
1777287952.052,52.052,0.54,0.55,0.45,0.46,0.01,0.01,77805.22,1777287950000
1777287952.496,52.496,0.54,0.55,0.45,0.46,0.01,0.01,77806.2,1777287951000
1777287952.901,52.901,0.54,0.55,0.45,0.46,0.01,0.01,77806.2,1777287951000
1777287953.311,53.311,0.54,0.55,0.45,0.46,0.01,0.01,77806.61,1777287952000
1777287953.904,53.904,0.54,0.55,0.45,0.46,0.01,0.01,77806.61,1777287952000
1777287954.254,54.254,0.54,0.56,0.44,0.46,0.02,0.02,77806.61,1777287952000
1777287954.681,54.681,0.55,0.56,0.44,0.45,0.01,0.01,77806.61,1777287953000
1777287955.034,55.034,0.55,0.56,0.44,0.45,0.01,0.01,77806.61,1777287953000
1777287955.369,55.369,0.6,0.62,0.38,0.4,0.02,0.02,77807.97,1777287954000
1777287955.738,55.738,0.63,0.65,0.36,0.38,0.02,0.02,77807.97,1777287954000
1777287956.099,56.099,0.64,0.65,0.35,0.36,0.01,0.01,77807.97,1777287954000
1777287956.522,56.522,0.65,0.66,0.34,0.35,0.01,0.01,77807.42,1777287955000
1777287956.877,56.877,0.66,0.67,0.33,0.34,0.01,0.01,77807.42,1777287955000
1777287957.239,57.239,0.66,0.67,0.33,0.34,0.01,0.01,77813.72,1777287956000
1777287957.648,57.648,0.66,0.67,0.33,0.34,0.01,0.01,77813.72,1777287956000
1777287958.025,58.025,0.66,0.67,0.33,0.34,0.01,0.01,77813.72,1777287956000
1777287958.385,58.385,0.66,0.67,0.33,0.34,0.01,0.01,77813.72,1777287956000
1777287958.755,58.755,0.66,0.67,0.33,0.34,0.01,0.01,77813.1,1777287957000
1777287959.11,59.11,0.68,0.7,0.3,0.33,0.02,0.03,77813.1,1777287957000
1777287959.468,59.468,0.69,0.7,0.3,0.31,0.01,0.01,77813.1,1777287957000
1777287959.863,59.863,0.69,0.7,0.3,0.31,0.01,0.01,77813.07,1777287958000
1777287960.997,60.997,0.69,0.7,0.3,0.31,0.01,0.01,77815.92,1777287959000
1777287961.351,61.351,0.69,0.7,0.3,0.31,0.01,0.01,77816.47,1777287960000
1777287961.755,61.755,0.69,0.7,0.3,0.31,0.01,0.01,77816.47,1777287960000
1777287962.103,62.103,0.69,0.7,0.3,0.31,0.01,0.01,77816.47,1777287960000
1777287962.44,62.44,0.69,0.7,0.3,0.31,0.01,0.01,77816.47,1777287960000
1777287962.788,62.788,0.69,0.7,0.3,0.31,0.01,0.01,77819.31,1777287961000
1777287963.121,63.121,0.69,0.7,0.3,0.31,0.01,0.01,77819.31,1777287961000
1777287963.623,63.623,0.69,0.7,0.3,0.31,0.01,0.01,77819.31,1777287961000
1777287963.984,63.984,0.69,0.7,0.3,0.31,0.01,0.01,77820.06,1777287962000
1777287964.6,64.6,0.69,0.7,0.3,0.31,0.01,0.01,77820.06,1777287962000
1777287964.936,64.936,0.69,0.7,0.3,0.31,0.01,0.01,77820.44,1777287963000
1777287965.293,65.293,0.69,0.75,0.25,0.31,0.06,0.06,77820.44,1777287963000
1777287965.631,65.631,0.73,0.76,0.23,0.25,0.03,0.02,77820.44,1777287963000
1777287965.973,65.973,0.76,0.77,0.23,0.24,0.01,0.01,77822.16,1777287964000
1777287966.335,66.335,0.76,0.77,0.23,0.24,0.01,0.01,77822.32,1777287965000
1777287966.673,66.673,0.76,0.77,0.23,0.24,0.01,0.01,77822.32,1777287965000
1777287967.015,67.015,0.77,0.78,0.21,0.23,0.01,0.02,77822.32,1777287965000
1777287967.373,67.373,0.78,0.79,0.21,0.22,0.01,0.01,77822.32,1777287965000
1777287967.771,67.771,0.78,0.79,0.21,0.22,0.01,0.01,77828.57,1777287966000
1777287968.146,68.146,0.78,0.79,0.21,0.22,0.01,0.01,77828.57,1777287966000
1777287968.585,68.585,0.78,0.79,0.21,0.22,0.01,0.01,77836.19,1777287967000
1777287968.961,68.961,0.79,0.81,0.19,0.21,0.02,0.02,77836.19,1777287967000
1777287969.326,69.326,0.79,0.8,0.2,0.21,0.01,0.01,77836.23,1777287968000
1777287969.707,69.707,0.79,0.8,0.2,0.21,0.01,0.01,77836.23,1777287968000
1777287970.141,70.141,0.79,0.8,0.2,0.21,0.01,0.01,77836.23,1777287968000
1777287970.819,70.819,0.79,0.8,0.2,0.21,0.01,0.01,77836.86,1777287969000
1777287971.227,71.227,0.79,0.8,0.2,0.21,0.01,0.01,77836.86,1777287970000
1777287971.596,71.596,0.79,0.8,0.2,0.21,0.01,0.01,77836.86,1777287970000
1777287971.971,71.971,0.79,0.8,0.2,0.21,0.01,0.01,77836.86,1777287970000
1777287972.409,72.409,0.79,0.8,0.2,0.21,0.01,0.01,77836.86,1777287970000
1777287972.867,72.867,0.79,0.8,0.2,0.21,0.01,0.01,77836.87,1777287971000
1777287973.247,73.247,0.79,0.8,0.2,0.21,0.01,0.01,77836.87,1777287972000
1777287973.677,73.677,0.79,0.8,0.2,0.21,0.01,0.01,77836.87,1777287972000
1777287974.125,74.125,0.79,0.8,0.2,0.21,0.01,0.01,77836.87,1777287972000
1777287974.486,74.486,0.79,0.8,0.2,0.21,0.01,0.01,77836.87,1777287972000
1777287974.847,74.847,0.79,0.8,0.2,0.21,0.01,0.01,77836.87,1777287972000
1777287975.181,75.181,0.78,0.79,0.21,0.22,0.01,0.01,77836.88,1777287973000
1777287975.534,75.534,0.79,0.8,0.2,0.22,0.01,0.02,77836.88,1777287973000
1777287975.952,75.952,0.79,0.8,0.2,0.21,0.01,0.01,77836.88,1777287973000
1777287976.417,76.417,0.78,0.79,0.2,0.21,0.01,0.01,77836.91,1777287974000
1777287976.844,76.844,0.78,0.79,0.21,0.22,0.01,0.01,77836.91,1777287974000
1777287977.236,77.236,0.78,0.79,0.21,0.22,0.01,0.01,77836.91,1777287975000
1777287977.696,77.696,0.78,0.79,0.21,0.22,0.01,0.01,77836.91,1777287975000
1777287978.084,78.084,0.78,0.79,0.21,0.22,0.01,0.01,77836.93,1777287976000
1777287978.432,78.432,0.78,0.79,0.21,0.22,0.01,0.01,77836.93,1777287976000
1777287978.862,78.862,0.78,0.79,0.21,0.22,0.01,0.01,77836.93,1777287977000
1777287979.204,79.204,0.78,0.79,0.21,0.22,0.01,0.01,77836.93,1777287977000
1777287979.582,79.582,0.78,0.79,0.21,0.22,0.01,0.01,77836.93,1777287977000
1777287979.95,79.95,0.76,0.77,0.23,0.24,0.01,0.01,77836.93,1777287978000
1777287980.404,80.404,0.76,0.83,0.23,0.24,0.07,0.01,77836.93,1777287978000
1777287981.21,81.21,0.78,0.79,0.21,0.22,0.01,0.01,77836.93,1777287979000
1777287981.649,81.649,0.78,0.79,0.21,0.22,0.01,0.01,77836.92,1777287980000
1777287981.996,81.996,0.78,0.79,0.21,0.22,0.01,0.01,77836.92,1777287980000
1777287982.509,82.509,0.78,0.79,0.21,0.22,0.01,0.01,77836.92,1777287980000
1777287982.899,82.899,0.78,0.79,0.21,0.22,0.01,0.01,77836.21,1777287981000
1777287983.272,83.272,0.78,0.79,0.21,0.22,0.01,0.01,77837.21,1777287982000
1777287983.642,83.642,0.78,0.79,0.21,0.22,0.01,0.01,77837.21,1777287982000
1777287984.155,84.155,0.78,0.79,0.21,0.22,0.01,0.01,77837.21,1777287982000
1777287984.706,84.706,0.76,0.77,0.23,0.24,0.01,0.01,77836.91,1777287983000
1777287985.109,85.109,0.76,0.77,0.23,0.24,0.01,0.01,77836.91,1777287984000
1777287985.443,85.443,0.76,0.77,0.23,0.24,0.01,0.01,77836.91,1777287984000
1777287985.778,85.778,0.76,0.77,0.23,0.24,0.01,0.01,77836.91,1777287984000
1777287986.134,86.134,0.76,0.77,0.23,0.24,0.01,0.01,77836.91,1777287985000
1777287986.479,86.479,0.76,0.77,0.23,0.24,0.01,0.01,77836.91,1777287985000
1777287986.95,86.95,0.76,0.77,0.23,0.24,0.01,0.01,77836.91,1777287985000
1777287987.358,87.358,0.76,0.77,0.23,0.24,0.01,0.01,77834.5,1777287986000
1777287987.828,87.828,0.76,0.77,0.23,0.24,0.01,0.01,77834.5,1777287986000
1777287988.164,88.164,0.76,0.77,0.23,0.24,0.01,0.01,77834.5,1777287986000
1777287988.554,88.554,0.76,0.77,0.23,0.24,0.01,0.01,77834.29,1777287987000
1777287988.985,88.985,0.76,0.77,0.23,0.24,0.01,0.01,77834.29,1777287988000
1777287989.338,89.338,0.76,0.77,0.23,0.24,0.01,0.01,77834.29,1777287988000
1777287990.103,90.103,0.76,0.77,0.23,0.24,0.01,0.01,77834.29,1777287988000
1777287990.871,90.871,0.76,0.77,0.23,0.24,0.01,0.01,77833.46,1777287989000
1777287991.323,91.323,0.76,0.77,0.23,0.24,0.01,0.01,77833.46,1777287989000
1777287991.715,91.715,0.76,0.77,0.23,0.24,0.01,0.01,77833.36,1777287990000
1777287992.188,92.188,0.76,0.77,0.23,0.24,0.01,0.01,77833.35,1777287991000
1777287992.559,92.559,0.74,0.75,0.23,0.24,0.01,0.01,77833.35,1777287991000
1777287992.948,92.948,0.74,0.75,0.25,0.26,0.01,0.01,77833.35,1777287991000
1777287993.282,93.282,0.74,0.75,0.25,0.26,0.01,0.01,77833.35,1777287991000
1777287993.732,93.732,0.74,0.75,0.25,0.26,0.01,0.01,77834.15,1777287992000
1777287994.08,94.08,0.74,0.76,0.25,0.26,0.02,0.01,77834.15,1777287992000
1777287994.443,94.443,0.75,0.76,0.24,0.25,0.01,0.01,77834.15,1777287992000
1777287995.099,95.099,0.75,0.76,0.24,0.25,0.01,0.01,77833.66,1777287994000
1777287995.444,95.444,0.75,0.76,0.24,0.25,0.01,0.01,77833.66,1777287994000
1777287995.782,95.782,0.75,0.76,0.24,0.25,0.01,0.01,77833.66,1777287994000
1777287996.178,96.178,0.75,0.76,0.24,0.25,0.01,0.01,77833.66,1777287994000
1777287996.631,96.631,0.75,0.76,0.24,0.25,0.01,0.01,77835.88,1777287995000
1777287997.23,97.23,0.75,0.76,0.24,0.25,0.01,0.01,77835.88,1777287995000
1777287997.995,97.995,0.74,0.76,0.24,0.26,0.02,0.02,77834.1,1777287996000
1777287998.549,98.549,0.74,0.75,0.25,0.26,0.01,0.01,77834.1,1777287996000
1777287999.019,99.019,0.74,0.75,0.25,0.26,0.01,0.01,77833.83,1777287997000
1777287999.427,99.427,0.74,0.75,0.25,0.26,0.01,0.01,77833.68,1777287998000
1777287999.806,99.806,0.74,0.75,0.25,0.26,0.01,0.01,77833.68,1777287998000
1777288000.328,100.328,0.74,0.75,0.25,0.26,0.01,0.01,77833.68,1777287998000
1777288000.766,100.766,0.72,0.75,0.25,0.26,0.03,0.01,77833.21,1777287999000
1777288001.206,101.206,0.74,0.75,0.25,0.26,0.01,0.01,77831.54,1777288000000
1777288001.547,101.547,0.74,0.75,0.25,0.26,0.01,0.01,77831.54,1777288000000
1777288001.912,101.912,0.74,0.75,0.25,0.26,0.01,0.01,77831.54,1777288000000
1777288002.365,102.365,0.74,0.75,0.25,0.26,0.01,0.01,77831.54,1777288000000
1777288002.883,102.883,0.74,0.75,0.25,0.26,0.01,0.01,77833.5,1777288001000
1777288003.235,103.235,0.74,0.75,0.25,0.26,0.01,0.01,77833.5,1777288002000
1777288003.692,103.692,0.74,0.75,0.25,0.26,0.01,0.01,77833.5,1777288002000
1777288004.054,104.054,0.74,0.75,0.25,0.26,0.01,0.01,77833.5,1777288002000
1777288004.42,104.42,0.74,0.75,0.25,0.26,0.01,0.01,77833.5,1777288002000
1777288004.955,104.955,0.74,0.75,0.25,0.26,0.01,0.01,77833.79,1777288003000
1777288005.74,105.74,0.74,0.75,0.25,0.26,0.01,0.01,77833.79,1777288004000
1777288006.136,106.136,0.74,0.75,0.25,0.26,0.01,0.01,77833.79,1777288004000
1777288006.654,106.654,0.74,0.75,0.25,0.26,0.01,0.01,77833.79,1777288005000
1777288007.128,107.128,0.73,0.74,0.25,0.3,0.01,0.05,77833.79,1777288005000
1777288007.476,107.476,0.73,0.74,0.26,0.27,0.01,0.01,77833.79,1777288005000
1777288008.18,108.18,0.73,0.74,0.26,0.27,0.01,0.01,77833.76,1777288006000
1777288008.602,108.602,0.65,0.67,0.31,0.35,0.02,0.04,77833.76,1777288007000
1777288008.966,108.966,0.61,0.62,0.37,0.38,0.01,0.01,77833.76,1777288007000
1777288009.3,109.3,0.61,0.62,0.38,0.39,0.01,0.01,77833.76,1777288007000
1777288009.643,109.643,0.61,0.62,0.38,0.39,0.01,0.01,77833.76,1777288007000
1777288010.04,110.04,0.61,0.62,0.38,0.39,0.01,0.01,77831.38,1777288008000
1777288010.618,110.618,0.61,0.62,0.38,0.39,0.01,0.01,77828.23,1777288009000
1777288010.974,110.974,0.61,0.62,0.38,0.39,0.01,0.01,77828.23,1777288009000
1777288011.366,111.366,0.61,0.62,0.38,0.39,0.01,0.01,77828.23,1777288009000
1777288011.7,111.7,0.61,0.62,0.38,0.39,0.01,0.01,77818.84,1777288010000
1777288012.177,112.177,0.61,0.62,0.38,0.39,0.01,0.01,77819.28,1777288011000
1777288012.636,112.636,0.61,0.63,0.38,0.39,0.02,0.01,77819.28,1777288011000
1777288013.51,113.51,0.62,0.63,0.37,0.38,0.01,0.01,77819.28,1777288011000
1777288013.85,113.85,0.49,0.51,0.48,0.51,0.02,0.03,77819.05,1777288012000
1777288014.199,114.199,0.45,0.49,0.51,0.54,0.04,0.03,77819.05,1777288012000
1777288014.552,114.552,0.42,0.43,0.57,0.58,0.01,0.01,77819.05,1777288013000
1777288014.902,114.902,0.42,0.43,0.57,0.58,0.01,0.01,77819.05,1777288013000
1777288015.247,115.247,0.42,0.43,0.57,0.58,0.01,0.01,77819.05,1777288013000
1777288015.582,115.582,0.42,0.43,0.57,0.58,0.01,0.01,77810.58,1777288014000
1777288015.915,115.915,0.42,0.43,0.57,0.58,0.01,0.01,77810.58,1777288014000
1777288016.252,116.252,0.42,0.43,0.57,0.58,0.01,0.01,77810.58,1777288014000
1777288016.587,116.587,0.42,0.43,0.57,0.58,0.01,0.01,77810.58,1777288014000
1777288017.045,117.045,0.42,0.43,0.57,0.58,0.01,0.01,77801.96,1777288016000
1777288017.389,117.389,0.43,0.44,0.56,0.57,0.01,0.01,77801.96,1777288016000
1777288017.83,117.83,0.42,0.43,0.57,0.58,0.01,0.01,77801.96,1777288016000
1777288018.17,118.17,0.43,0.44,0.56,0.57,0.01,0.01,77801.96,1777288016000
1777288018.521,118.521,0.43,0.44,0.56,0.57,0.01,0.01,77799.86,1777288017000
1777288018.865,118.865,0.42,0.43,0.56,0.58,0.01,0.02,77799.86,1777288017000
1777288019.206,119.206,0.42,0.43,0.57,0.58,0.01,0.01,77798.73,1777288018000
1777288019.613,119.613,0.42,0.43,0.56,0.58,0.01,0.02,77798.73,1777288018000
1777288019.994,119.994,0.42,0.43,0.57,0.58,0.01,0.01,77798.73,1777288018000
1777288020.441,120.441,0.42,0.43,0.57,0.58,0.01,0.01,77798.58,1777288019000
1777288020.858,120.858,0.41,0.42,0.58,0.59,0.01,0.01,77798.58,1777288019000
1777288021.192,121.192,0.35,0.41,0.59,0.65,0.06,0.06,77798.58,1777288019000
1777288021.531,121.531,0.34,0.36,0.64,0.65,0.02,0.01,77798.34,1777288020000
1777288021.92,121.92,0.34,0.36,0.64,0.66,0.02,0.02,77798.34,1777288020000
1777288022.293,122.293,0.32,0.33,0.66,0.69,0.01,0.03,77797.91,1777288021000
1777288022.643,122.643,0.32,0.33,0.67,0.68,0.01,0.01,77797.91,1777288021000
1777288023.016,123.016,0.3,0.32,0.68,0.7,0.02,0.02,77796.4,1777288022000
1777288023.359,123.359,0.3,0.31,0.69,0.7,0.01,0.01,77796.4,1777288022000
1777288023.707,123.707,0.3,0.31,0.69,0.7,0.01,0.01,77796.4,1777288022000
1777288024.132,124.132,0.31,0.32,0.68,0.69,0.01,0.01,77796.4,1777288022000
1777288024.503,124.503,0.31,0.32,0.68,0.69,0.01,0.01,77796.37,1777288023000
1777288024.948,124.948,0.31,0.32,0.68,0.69,0.01,0.01,77796.37,1777288023000
1777288025.356,125.356,0.32,0.33,0.67,0.69,0.01,0.02,77796.37,1777288024000
1777288026.117,126.117,0.32,0.33,0.67,0.68,0.01,0.01,77796.37,1777288024000
1777288026.552,126.552,0.32,0.33,0.67,0.68,0.01,0.01,77793.35,1777288025000
1777288026.969,126.969,0.32,0.33,0.67,0.68,0.01,0.01,77793.35,1777288025000
1777288027.546,127.546,0.32,0.33,0.67,0.68,0.01,0.01,77793.8,1777288026000
1777288027.907,127.907,0.32,0.33,0.67,0.68,0.01,0.01,77793.8,1777288026000
1777288028.284,128.284,0.32,0.33,0.67,0.68,0.01,0.01,77788.09,1777288027000
1777288028.705,128.705,0.32,0.33,0.67,0.68,0.01,0.01,77788.09,1777288027000
1777288029.045,129.045,0.32,0.33,0.67,0.68,0.01,0.01,77788.09,1777288027000
1777288029.409,129.409,0.33,0.34,0.66,0.67,0.01,0.01,77793.3,1777288028000
1777288029.813,129.813,0.33,0.34,0.66,0.67,0.01,0.01,77793.3,1777288028000
1777288030.198,130.198,0.33,0.34,0.66,0.67,0.01,0.01,77793.3,1777288028000
1777288030.626,130.626,0.35,0.36,0.64,0.65,0.01,0.01,77788.82,1777288029000
1777288030.971,130.971,0.35,0.36,0.64,0.65,0.01,0.01,77788.82,1777288029000
1777288031.475,131.475,0.35,0.36,0.64,0.65,0.01,0.01,77788.02,1777288030000
1777288032.033,132.033,0.35,0.36,0.64,0.65,0.01,0.01,77788.02,1777288030000
1777288032.509,132.509,0.35,0.36,0.64,0.65,0.01,0.01,77788.02,1777288030000
1777288032.975,132.975,0.35,0.36,0.64,0.65,0.01,0.01,77792.35,1777288031000
1777288033.355,133.355,0.35,0.36,0.64,0.65,0.01,0.01,77792.35,1777288031000
1777288034.619,134.619,0.35,0.36,0.64,0.65,0.01,0.01,77791.16,1777288033000
1777288035.226,135.226,0.35,0.36,0.64,0.65,0.01,0.01,77791.16,1777288033000
1777288035.659,135.659,0.35,0.36,0.64,0.65,0.01,0.01,77790.12,1777288034000
1777288036.153,136.153,0.35,0.36,0.64,0.65,0.01,0.01,77790.12,1777288034000
1777288036.492,136.492,0.35,0.36,0.64,0.65,0.01,0.01,77790.12,1777288034000
1777288036.83,136.83,0.35,0.36,0.64,0.65,0.01,0.01,77790.12,1777288034000
1777288037.415,137.415,0.35,0.36,0.64,0.65,0.01,0.01,77793.44,1777288035000
1777288037.858,137.858,0.36,0.37,0.63,0.65,0.01,0.02,77787.71,1777288036000
1777288038.253,138.253,0.36,0.37,0.63,0.64,0.01,0.01,77787.71,1777288036000
1777288038.959,138.959,0.36,0.37,0.63,0.64,0.01,0.01,77787.86,1777288037000
1777288039.297,139.297,0.36,0.37,0.63,0.64,0.01,0.01,77787.86,1777288037000
1777288039.766,139.766,0.36,0.37,0.63,0.64,0.01,0.01,77790.33,1777288038000
1777288040.195,140.195,0.36,0.37,0.63,0.64,0.01,0.01,77790.33,1777288038000
1777288040.536,140.536,0.35,0.36,0.64,0.65,0.01,0.01,77789.52,1777288039000
1777288040.883,140.883,0.35,0.36,0.64,0.65,0.01,0.01,77789.52,1777288039000
1777288041.328,141.328,0.32,0.33,0.67,0.68,0.01,0.01,77789.52,1777288039000
1777288042.361,142.361,0.32,0.33,0.67,0.68,0.01,0.01,77787.81,1777288041000
1777288042.881,142.881,0.32,0.33,0.67,0.68,0.01,0.01,77787.81,1777288041000
1777288043.329,143.329,0.32,0.33,0.67,0.68,0.01,0.01,77787.81,1777288041000
1777288043.707,143.707,0.32,0.33,0.67,0.68,0.01,0.01,77787.81,1777288041000
1777288044.089,144.089,0.32,0.33,0.67,0.68,0.01,0.01,77787.16,1777288042000
1777288044.429,144.429,0.34,0.35,0.65,0.66,0.01,0.01,77786.06,1777288043000
1777288044.783,144.783,0.38,0.39,0.58,0.62,0.01,0.04,77786.06,1777288043000
1777288045.138,145.138,0.38,0.39,0.61,0.62,0.01,0.01,77786.06,1777288043000
1777288045.559,145.559,0.38,0.39,0.61,0.62,0.01,0.01,77786.06,1777288043000
1777288045.928,145.928,0.38,0.39,0.61,0.62,0.01,0.01,77786.95,1777288044000
1777288046.356,146.356,0.38,0.4,0.61,0.62,0.02,0.01,77786.95,1777288044000
1777288046.763,146.763,0.39,0.4,0.6,0.61,0.01,0.01,77786.95,1777288044000
1777288047.096,147.096,0.39,0.4,0.6,0.61,0.01,0.01,77792.54,1777288045000
1777288047.523,147.523,0.39,0.4,0.6,0.61,0.01,0.01,77792.54,1777288046000
1777288047.862,147.862,0.39,0.4,0.6,0.61,0.01,0.01,77792.54,1777288046000
1777288048.315,148.315,0.4,0.41,0.59,0.61,0.01,0.02,77792.54,1777288046000
1777288048.711,148.711,0.4,0.41,0.59,0.6,0.01,0.01,77793.5,1777288047000
1777288049.084,149.084,0.4,0.41,0.59,0.6,0.01,0.01,77793.5,1777288047000
1777288049.457,149.457,0.4,0.41,0.59,0.6,0.01,0.01,77794.76,1777288048000
1777288049.816,149.816,0.4,0.41,0.59,0.6,0.01,0.01,77794.76,1777288048000
1777288050.231,150.231,0.4,0.41,0.59,0.6,0.01,0.01,77794.76,1777288048000
1777288050.637,150.637,0.4,0.41,0.59,0.6,0.01,0.01,77794.91,1777288049000
1777288051.004,151.004,0.4,0.41,0.59,0.6,0.01,0.01,77794.91,1777288049000
1777288051.423,151.423,0.4,0.41,0.59,0.6,0.01,0.01,77794.91,1777288050000
1777288051.812,151.812,0.4,0.41,0.59,0.6,0.01,0.01,77794.91,1777288050000
1777288052.226,152.226,0.39,0.41,0.59,0.6,0.02,0.01,77794.91,1777288050000
1777288052.599,152.599,0.39,0.4,0.6,0.61,0.01,0.01,77794.9,1777288051000
1777288052.986,152.986,0.4,0.41,0.59,0.6,0.01,0.01,77794.9,1777288051000
1777288053.401,153.401,0.4,0.41,0.59,0.6,0.01,0.01,77794.9,1777288051000
1777288053.974,153.974,0.4,0.41,0.59,0.6,0.01,0.01,77794.69,1777288053000
1777288054.459,154.459,0.4,0.41,0.59,0.6,0.01,0.01,77794.69,1777288053000
1777288054.961,154.961,0.4,0.41,0.59,0.6,0.01,0.01,77794.59,1777288054000
1777288055.617,155.617,0.4,0.41,0.59,0.6,0.01,0.01,77794.59,1777288054000
1777288056.005,156.005,0.4,0.41,0.59,0.6,0.01,0.01,77794.59,1777288054000
1777288056.341,156.341,0.4,0.41,0.59,0.6,0.01,0.01,77794.29,1777288055000
1777288056.754,156.754,0.4,0.41,0.59,0.6,0.01,0.01,77794.29,1777288055000
1777288057.118,157.118,0.4,0.41,0.59,0.6,0.01,0.01,77793.72,1777288056000
1777288057.563,157.563,0.4,0.41,0.59,0.6,0.01,0.01,77793.72,1777288056000
1777288057.896,157.896,0.4,0.41,0.59,0.6,0.01,0.01,77793.72,1777288056000
1777288058.426,158.426,0.4,0.41,0.59,0.6,0.01,0.01,77794.25,1777288057000
1777288058.999,158.999,0.4,0.41,0.59,0.6,0.01,0.01,77791.61,1777288058000
1777288059.358,159.358,0.4,0.41,0.59,0.6,0.01,0.01,77791.61,1777288058000
1777288059.828,159.828,0.4,0.41,0.59,0.6,0.01,0.01,77791.61,1777288058000
1777288060.278,160.278,0.38,0.41,0.59,0.6,0.03,0.01,77791.29,1777288059000
1777288060.834,160.834,0.31,0.32,0.68,0.69,0.01,0.01,77791.29,1777288059000
1777288061.524,161.524,0.3,0.32,0.68,0.69,0.02,0.01,77791.68,1777288060000
1777288061.863,161.863,0.3,0.31,0.69,0.7,0.01,0.01,77791.68,1777288060000
1777288062.281,162.281,0.3,0.31,0.69,0.7,0.01,0.01,77789.68,1777288061000
1777288062.768,162.768,0.3,0.31,0.69,0.7,0.01,0.01,77789.68,1777288061000
1777288063.118,163.118,0.3,0.31,0.69,0.7,0.01,0.01,77789.68,1777288062000
1777288063.605,163.605,0.3,0.31,0.69,0.7,0.01,0.01,77789.68,1777288062000
1777288064.005,164.005,0.3,0.31,0.69,0.7,0.01,0.01,77786.04,1777288063000
1777288064.479,164.479,0.3,0.31,0.69,0.7,0.01,0.01,77786.04,1777288063000
1777288064.841,164.841,0.3,0.31,0.69,0.7,0.01,0.01,77786.04,1777288063000
1777288065.265,165.265,0.3,0.31,0.69,0.7,0.01,0.01,77783.39,1777288064000
1777288065.618,165.618,0.3,0.31,0.69,0.7,0.01,0.01,77783.39,1777288064000
1777288065.986,165.986,0.3,0.31,0.69,0.7,0.01,0.01,77783.39,1777288064000
1777288066.349,166.349,0.28,0.29,0.71,0.72,0.01,0.01,77782.92,1777288065000
1777288066.686,166.686,0.28,0.29,0.71,0.72,0.01,0.01,77782.92,1777288065000
1777288067.126,167.126,0.28,0.29,0.71,0.72,0.01,0.01,77782.92,1777288065000
1777288067.474,167.474,0.27,0.28,0.72,0.73,0.01,0.01,77782.34,1777288066000
1777288067.823,167.823,0.27,0.28,0.72,0.73,0.01,0.01,77782.34,1777288066000
1777288068.158,168.158,0.27,0.28,0.72,0.73,0.01,0.01,77782.34,1777288066000
1777288068.618,168.618,0.26,0.27,0.73,0.74,0.01,0.01,77782.16,1777288067000
1777288069.125,169.125,0.26,0.27,0.73,0.74,0.01,0.01,77782.16,1777288067000
1777288069.501,169.501,0.26,0.27,0.73,0.74,0.01,0.01,77781.65,1777288068000
1777288069.877,169.877,0.26,0.27,0.73,0.74,0.01,0.01,77781.65,1777288068000
1777288070.254,170.254,0.26,0.27,0.73,0.74,0.01,0.01,77781.65,1777288068000
1777288070.75,170.75,0.26,0.27,0.73,0.74,0.01,0.01,77782.77,1777288069000
1777288071.106,171.106,0.26,0.27,0.73,0.74,0.01,0.01,77782.77,1777288069000
1777288071.462,171.462,0.26,0.27,0.73,0.74,0.01,0.01,77781.39,1777288070000
1777288071.803,171.803,0.26,0.27,0.73,0.74,0.01,0.01,77781.39,1777288070000
1777288072.232,172.232,0.26,0.27,0.73,0.74,0.01,0.01,77781.39,1777288070000
1777288072.61,172.61,0.26,0.27,0.73,0.74,0.01,0.01,77786.61,1777288071000
1777288072.965,172.965,0.26,0.27,0.73,0.74,0.01,0.01,77786.61,1777288071000
1777288073.317,173.317,0.26,0.27,0.73,0.74,0.01,0.01,77786.61,1777288071000
1777288073.721,173.721,0.26,0.27,0.73,0.74,0.01,0.01,77786.61,1777288072000
1777288074.115,174.115,0.26,0.27,0.73,0.74,0.01,0.01,77786.61,1777288072000
1777288074.454,174.454,0.26,0.27,0.73,0.74,0.01,0.01,77786.61,1777288072000
1777288074.885,174.885,0.26,0.27,0.73,0.74,0.01,0.01,77787.21,1777288073000
1777288075.236,175.236,0.26,0.27,0.73,0.74,0.01,0.01,77787.48,1777288074000
1777288075.64,175.64,0.26,0.27,0.73,0.74,0.01,0.01,77787.48,1777288074000
1777288075.98,175.98,0.26,0.27,0.73,0.74,0.01,0.01,77787.78,1777288075000
1777288076.503,176.503,0.26,0.27,0.73,0.74,0.01,0.01,77787.78,1777288075000
1777288076.845,176.845,0.26,0.27,0.73,0.74,0.01,0.01,77787.78,1777288075000
1777288077.187,177.187,0.26,0.27,0.73,0.74,0.01,0.01,77788.04,1777288076000
1777288077.544,177.544,0.26,0.27,0.73,0.74,0.01,0.01,77788.04,1777288076000
1777288077.907,177.907,0.26,0.27,0.73,0.74,0.01,0.01,77788.04,1777288076000
1777288078.247,178.247,0.29,0.31,0.7,0.71,0.02,0.01,77787.95,1777288077000
1777288078.583,178.583,0.29,0.3,0.7,0.71,0.01,0.01,77787.95,1777288077000
1777288079.02,179.02,0.3,0.31,0.69,0.71,0.01,0.02,77787.95,1777288077000
1777288079.72,179.72,0.3,0.31,0.69,0.7,0.01,0.01,77787.96,1777288078000
1777288080.188,180.188,0.3,0.31,0.69,0.7,0.01,0.01,77787.96,1777288079000
1777288080.749,180.749,0.3,0.31,0.69,0.7,0.01,0.01,77787.96,1777288079000
1777288081.384,181.384,0.28,0.29,0.71,0.72,0.01,0.01,77789.13,1777288080000
1777288081.759,181.759,0.25,0.26,0.73,0.75,0.01,0.02,77789.13,1777288080000
1777288082.113,182.113,0.24,0.25,0.75,0.76,0.01,0.01,77789.75,1777288081000
1777288082.541,182.541,0.24,0.25,0.75,0.76,0.01,0.01,77789.75,1777288081000
1777288082.89,182.89,0.24,0.25,0.75,0.76,0.01,0.01,77789.75,1777288081000
1777288083.227,183.227,0.24,0.26,0.74,0.76,0.02,0.02,77786.96,1777288082000
1777288083.594,183.594,0.25,0.26,0.72,0.75,0.01,0.03,77786.96,1777288082000
1777288083.949,183.949,0.25,0.26,0.74,0.75,0.01,0.01,77786.96,1777288082000
1777288084.292,184.292,0.25,0.26,0.74,0.75,0.01,0.01,77786.33,1777288083000
1777288084.69,184.69,0.25,0.26,0.74,0.75,0.01,0.01,77786.33,1777288083000
1777288085.046,185.046,0.25,0.26,0.74,0.75,0.01,0.01,77786.33,1777288083000
1777288085.434,185.434,0.26,0.27,0.73,0.74,0.01,0.01,77786.04,1777288084000
1777288085.814,185.814,0.26,0.27,0.73,0.74,0.01,0.01,77786.04,1777288084000
1777288086.239,186.239,0.26,0.27,0.73,0.74,0.01,0.01,77786.04,1777288084000
1777288086.723,186.723,0.26,0.27,0.73,0.74,0.01,0.01,77786.04,1777288084000
1777288087.244,187.244,0.26,0.27,0.73,0.74,0.01,0.01,77786.39,1777288086000
1777288087.778,187.778,0.25,0.26,0.73,0.74,0.01,0.01,77786.39,1777288086000
1777288088.127,188.127,0.26,0.27,0.73,0.75,0.01,0.02,77786.39,1777288086000
1777288088.646,188.646,0.26,0.27,0.73,0.74,0.01,0.01,77786.38,1777288087000
1777288088.981,188.981,0.26,0.27,0.73,0.74,0.01,0.01,77786.38,1777288087000
1777288089.341,189.341,0.26,0.27,0.73,0.74,0.01,0.01,77786.38,1777288088000
1777288089.747,189.747,0.25,0.26,0.74,0.75,0.01,0.01,77786.38,1777288088000
1777288090.124,190.124,0.25,0.26,0.74,0.75,0.01,0.01,77786.38,1777288088000
1777288090.482,190.482,0.25,0.26,0.74,0.75,0.01,0.01,77787.05,1777288089000
1777288090.824,190.824,0.25,0.26,0.74,0.75,0.01,0.01,77787.05,1777288089000
1777288091.161,191.161,0.25,0.26,0.74,0.75,0.01,0.01,77787.05,1777288090000
1777288091.506,191.506,0.25,0.26,0.74,0.75,0.01,0.01,77787.05,1777288090000
1777288091.851,191.851,0.25,0.26,0.74,0.75,0.01,0.01,77787.05,1777288090000
1777288092.286,192.286,0.25,0.26,0.74,0.75,0.01,0.01,77786.27,1777288091000
1777288092.949,192.949,0.25,0.26,0.74,0.75,0.01,0.01,77786.27,1777288091000
1777288093.365,193.365,0.25,0.26,0.74,0.75,0.01,0.01,77785.09,1777288092000
1777288093.796,193.796,0.25,0.27,0.74,0.75,0.02,0.01,77785.09,1777288092000
1777288094.243,194.243,0.25,0.27,0.73,0.75,0.02,0.02,77785.09,1777288092000
1777288094.596,194.596,0.26,0.27,0.73,0.75,0.01,0.02,77785.3,1777288093000
1777288095.075,195.075,0.26,0.28,0.72,0.74,0.02,0.02,77785.81,1777288094000
1777288095.475,195.475,0.26,0.29,0.73,0.74,0.03,0.01,77785.81,1777288094000
1777288096.049,196.049,0.27,0.28,0.72,0.73,0.01,0.01,77785.81,1777288094000
1777288096.488,196.488,0.27,0.28,0.72,0.73,0.01,0.01,77786.33,1777288095000
1777288096.821,196.821,0.29,0.31,0.69,0.71,0.02,0.02,77786.33,1777288095000
1777288097.45,197.45,0.3,0.31,0.69,0.7,0.01,0.01,77786.33,1777288095000
1777288098.037,198.037,0.3,0.31,0.69,0.7,0.01,0.01,77786.6,1777288097000
1777288098.384,198.384,0.25,0.26,0.72,0.76,0.01,0.04,77786.6,1777288097000
1777288098.718,198.718,0.23,0.24,0.76,0.77,0.01,0.01,77786.6,1777288097000
1777288099.168,199.168,0.23,0.24,0.76,0.77,0.01,0.01,77786.6,1777288097000
1777288099.548,199.548,0.23,0.24,0.76,0.77,0.01,0.01,77787.61,1777288098000
1777288099.888,199.888,0.22,0.24,0.76,0.78,0.02,0.02,77787.61,1777288098000
1777288100.226,200.226,0.23,0.24,0.76,0.77,0.01,0.01,77787.61,1777288098000
1777288100.65,200.65,0.23,0.24,0.76,0.77,0.01,0.01,77786.64,1777288099000
1777288101.14,201.14,0.23,0.24,0.76,0.77,0.01,0.01,77786.64,1777288099000
1777288101.477,201.477,0.23,0.24,0.76,0.77,0.01,0.01,77779.72,1777288100000
1777288101.855,201.855,0.23,0.24,0.76,0.77,0.01,0.01,77779.72,1777288100000
1777288102.329,202.329,0.23,0.24,0.76,0.77,0.01,0.01,77779.72,1777288101000
1777288102.727,202.727,0.23,0.24,0.76,0.77,0.01,0.01,77779.72,1777288101000
1777288103.21,203.21,0.23,0.24,0.76,0.77,0.01,0.01,77779.72,1777288101000
1777288103.612,203.612,0.26,0.27,0.72,0.74,0.01,0.02,77779.82,1777288102000
1777288103.983,203.983,0.26,0.27,0.73,0.74,0.01,0.01,77779.82,1777288102000
1777288104.474,204.474,0.28,0.29,0.7,0.72,0.01,0.02,77779.82,1777288102000
1777288104.872,204.872,0.28,0.29,0.71,0.72,0.01,0.01,77782.69,1777288103000
1777288105.265,205.265,0.28,0.29,0.71,0.72,0.01,0.01,77785.2,1777288104000
1777288105.64,205.64,0.27,0.29,0.71,0.72,0.02,0.01,77785.2,1777288104000
1777288106.035,206.035,0.27,0.28,0.72,0.73,0.01,0.01,77785.2,1777288104000
1777288106.406,206.406,0.27,0.28,0.72,0.73,0.01,0.01,77786.04,1777288105000
1777288107.286,207.286,0.27,0.28,0.72,0.73,0.01,0.01,77787.14,1777288106000
1777288107.658,207.658,0.27,0.28,0.72,0.73,0.01,0.01,77787.14,1777288106000
1777288108.034,208.034,0.27,0.28,0.72,0.73,0.01,0.01,77787.14,1777288106000
1777288108.445,208.445,0.27,0.28,0.72,0.73,0.01,0.01,77786.5,1777288107000
1777288108.901,208.901,0.27,0.28,0.72,0.73,0.01,0.01,77786.5,1777288107000
1777288109.746,209.746,0.27,0.28,0.72,0.73,0.01,0.01,77786.42,1777288108000
1777288110.141,210.141,0.27,0.28,0.72,0.73,0.01,0.01,77786.42,1777288108000
1777288110.589,210.589,0.27,0.28,0.72,0.73,0.01,0.01,77786.42,1777288109000
1777288111.424,211.424,0.26,0.28,0.72,0.74,0.02,0.02,77787.08,1777288110000
1777288111.914,211.914,0.26,0.27,0.72,0.74,0.01,0.02,77787.08,1777288110000
1777288112.314,212.314,0.26,0.27,0.73,0.74,0.01,0.01,77787.98,1777288111000
1777288112.827,212.827,0.26,0.27,0.73,0.74,0.01,0.01,77787.98,1777288111000
1777288113.211,213.211,0.26,0.27,0.73,0.74,0.01,0.01,77787.55,1777288112000
1777288113.55,213.55,0.22,0.25,0.75,0.77,0.03,0.02,77787.55,1777288112000
1777288113.897,213.897,0.22,0.23,0.77,0.78,0.01,0.01,77787.55,1777288112000
1777288114.236,214.236,0.19,0.21,0.79,0.82,0.02,0.03,77787.55,1777288112000
1777288114.699,214.699,0.19,0.2,0.8,0.81,0.01,0.01,77787.33,1777288113000
1777288115.123,215.123,0.19,0.2,0.8,0.81,0.01,0.01,77787.33,1777288113000
1777288115.62,215.62,0.18,0.19,0.81,0.82,0.01,0.01,77786.61,1777288114000
1777288116.206,216.206,0.18,0.19,0.81,0.82,0.01,0.01,77786.61,1777288114000
1777288116.648,216.648,0.18,0.19,0.81,0.82,0.01,0.01,77786.61,1777288114000
1777288116.995,216.995,0.18,0.19,0.81,0.82,0.01,0.01,77781.54,1777288115000
1777288117.34,217.34,0.18,0.19,0.81,0.82,0.01,0.01,77778.69,1777288116000
1777288117.708,217.708,0.18,0.19,0.81,0.82,0.01,0.01,77778.69,1777288116000
1777288118.123,218.123,0.18,0.19,0.81,0.82,0.01,0.01,77778.69,1777288116000
1777288118.482,218.482,0.18,0.19,0.81,0.82,0.01,0.01,77778.69,1777288116000
1777288118.854,218.854,0.18,0.19,0.81,0.82,0.01,0.01,77778.69,1777288116000
1777288119.246,219.246,0.18,0.19,0.81,0.82,0.01,0.01,77780.14,1777288118000
1777288119.695,219.695,0.19,0.2,0.8,0.81,0.01,0.01,77780.14,1777288118000
1777288120.166,220.166,0.2,0.21,0.79,0.81,0.01,0.02,77780.14,1777288118000
1777288120.527,220.527,0.2,0.21,0.79,0.8,0.01,0.01,77777.96,1777288119000
1777288120.932,220.932,0.2,0.21,0.79,0.8,0.01,0.01,77777.96,1777288119000
1777288121.423,221.423,0.2,0.21,0.79,0.8,0.01,0.01,77777.96,1777288119000
1777288121.838,221.838,0.2,0.21,0.79,0.8,0.01,0.01,77777.96,1777288119000
1777288122.654,222.654,0.2,0.21,0.79,0.8,0.01,0.01,77779.67,1777288120000
1777288122.988,222.988,0.2,0.21,0.79,0.8,0.01,0.01,77779.67,1777288120000
1777288123.781,223.781,0.2,0.21,0.79,0.8,0.01,0.01,77781.84,1777288122000
1777288124.184,224.184,0.2,0.21,0.79,0.8,0.01,0.01,77781.84,1777288122000
1777288124.606,224.606,0.19,0.2,0.8,0.81,0.01,0.01,77780.8,1777288123000
1777288125.084,225.084,0.17,0.19,0.8,0.83,0.02,0.03,77780.8,1777288123000
1777288125.458,225.458,0.17,0.18,0.82,0.83,0.01,0.01,77780.8,1777288124000
1777288126.118,226.118,0.17,0.18,0.82,0.83,0.01,0.01,77780.8,1777288124000
1777288126.861,226.861,0.17,0.18,0.82,0.83,0.01,0.01,77780.8,1777288124000
1777288127.254,227.254,0.17,0.18,0.82,0.83,0.01,0.01,77778.88,1777288125000
1777288127.673,227.673,0.17,0.18,0.82,0.83,0.01,0.01,77778.07,1777288126000
1777288128.119,228.119,0.17,0.18,0.82,0.83,0.01,0.01,77778.07,1777288126000
1777288128.753,228.753,0.17,0.18,0.82,0.83,0.01,0.01,77778.45,1777288127000
1777288129.221,229.221,0.17,0.18,0.82,0.83,0.01,0.01,77778.45,1777288127000
1777288129.74,229.74,0.17,0.18,0.82,0.83,0.01,0.01,77778.45,1777288127000
1777288130.127,230.127,0.17,0.18,0.82,0.83,0.01,0.01,77779.23,1777288128000
1777288130.564,230.564,0.17,0.18,0.82,0.83,0.01,0.01,77780.11,1777288129000
1777288130.923,230.923,0.17,0.18,0.82,0.83,0.01,0.01,77780.11,1777288129000
1777288131.267,231.267,0.17,0.18,0.82,0.83,0.01,0.01,77780.11,1777288129000
1777288131.642,231.642,0.17,0.18,0.82,0.83,0.01,0.01,77780.69,1777288130000
1777288132.035,232.035,0.17,0.18,0.82,0.83,0.01,0.01,77780.69,1777288130000
1777288132.396,232.396,0.17,0.18,0.82,0.83,0.01,0.01,77780.69,1777288130000
1777288132.743,232.743,0.17,0.18,0.82,0.83,0.01,0.01,77780.69,1777288130000
1777288133.148,233.148,0.17,0.18,0.82,0.83,0.01,0.01,77780.7,1777288131000
1777288133.536,233.536,0.17,0.18,0.82,0.83,0.01,0.01,77780.7,1777288131000
1777288133.932,233.932,0.17,0.18,0.82,0.83,0.01,0.01,77780.82,1777288132000
1777288134.266,234.266,0.15,0.16,0.84,0.85,0.01,0.01,77779.47,1777288133000
1777288134.679,234.679,0.15,0.16,0.84,0.85,0.01,0.01,77779.47,1777288133000
1777288135.152,235.152,0.15,0.16,0.84,0.85,0.01,0.01,77779.47,1777288133000
1777288135.78,235.78,0.15,0.16,0.84,0.85,0.01,0.01,77779.47,1777288133000
1777288136.171,236.171,0.13,0.14,0.86,0.87,0.01,0.01,77779.47,1777288133000
1777288136.604,236.604,0.13,0.14,0.86,0.87,0.01,0.01,77777.8,1777288135000
1777288136.962,236.962,0.13,0.14,0.86,0.87,0.01,0.01,77777.8,1777288135000
1777288137.33,237.33,0.13,0.14,0.86,0.87,0.01,0.01,77777.8,1777288135000
1777288137.985,237.985,0.13,0.14,0.86,0.87,0.01,0.01,77778.12,1777288137000
1777288139.06,239.06,0.13,0.14,0.86,0.87,0.01,0.01,77777.93,1777288138000
1777288139.499,239.499,0.11,0.14,0.86,0.89,0.03,0.03,77777.93,1777288138000
1777288139.849,239.849,0.1,0.11,0.89,0.92,0.01,0.03,77777.93,1777288138000
1777288140.281,240.281,0.08,0.09,0.91,0.92,0.01,0.01,77775.31,1777288139000
1777288140.629,240.629,0.08,0.09,0.91,0.92,0.01,0.01,77775.31,1777288139000
1777288141.014,241.014,0.07,0.08,0.92,0.93,0.01,0.01,77775.31,1777288139000
1777288141.358,241.358,0.06,0.07,0.93,0.94,0.01,0.01,77770.09,1777288140000
1777288141.752,241.752,0.06,0.07,0.93,0.94,0.01,0.01,77770.09,1777288140000
1777288142.099,242.099,0.05,0.07,0.93,0.94,0.02,0.01,77770.09,1777288140000
1777288142.676,242.676,0.05,0.06,0.94,0.95,0.01,0.01,77768.6,1777288141000
1777288143.013,243.013,0.05,0.06,0.94,0.95,0.01,0.01,77768.6,1777288141000
1777288143.441,243.441,0.04,0.06,0.94,0.95,0.02,0.01,77766.77,1777288142000
1777288143.815,243.815,0.04,0.05,0.95,0.96,0.01,0.01,77766.77,1777288142000
1777288144.16,244.16,0.04,0.05,0.95,0.96,0.01,0.01,77766.77,1777288142000
1777288144.558,244.558,0.04,0.05,0.95,0.96,0.01,0.01,77766.19,1777288143000
1777288145.377,245.377,0.04,0.05,0.95,0.96,0.01,0.01,77766.19,1777288143000
1777288145.903,245.903,0.04,0.05,0.95,0.96,0.01,0.01,77766.19,1777288144000
1777288146.268,246.268,0.04,0.05,0.95,0.96,0.01,0.01,77769.79,1777288145000
1777288146.742,246.742,0.05,0.06,0.95,0.96,0.01,0.01,77769.79,1777288145000
1777288147.082,247.082,0.05,0.06,0.94,0.95,0.01,0.01,77770.37,1777288146000
1777288147.5,247.5,0.05,0.06,0.94,0.95,0.01,0.01,77770.37,1777288146000
1777288147.84,247.84,0.05,0.06,0.94,0.95,0.01,0.01,77770.37,1777288146000
1777288148.185,248.185,0.05,0.06,0.94,0.95,0.01,0.01,77770.88,1777288147000
1777288148.595,248.595,0.05,0.06,0.94,0.95,0.01,0.01,77770.88,1777288147000
1777288148.963,248.963,0.05,0.06,0.94,0.95,0.01,0.01,77770.88,1777288147000
1777288149.398,249.398,0.05,0.06,0.94,0.95,0.01,0.01,77770.88,1777288148000
1777288149.988,249.988,0.05,0.06,0.94,0.95,0.01,0.01,77770.88,1777288148000
1777288150.353,250.353,0.05,0.06,0.94,0.95,0.01,0.01,77770.88,1777288148000
1777288150.897,250.897,0.05,0.06,0.94,0.95,0.01,0.01,77770.29,1777288149000
1777288151.251,251.251,0.04,0.06,0.94,0.95,0.02,0.01,77770.23,1777288150000
1777288151.687,251.687,0.04,0.06,0.94,0.95,0.02,0.01,77770.23,1777288150000
1777288152.215,252.215,0.06,0.07,0.92,0.94,0.01,0.02,77770.23,1777288150000
1777288152.812,252.812,0.06,0.07,0.93,0.94,0.01,0.01,77770.27,1777288151000
1777288153.31,253.31,0.06,0.07,0.93,0.94,0.01,0.01,77770.27,1777288151000
1777288153.878,253.878,0.06,0.07,0.93,0.94,0.01,0.01,77770.65,1777288152000
1777288154.231,254.231,0.06,0.07,0.93,0.94,0.01,0.01,77770.65,1777288152000
1777288154.711,254.711,0.05,0.07,0.93,0.94,0.02,0.01,77770.63,1777288153000
1777288155.097,255.097,0.04,0.05,0.93,0.95,0.01,0.02,77770.63,1777288153000
1777288155.81,255.81,0.04,0.05,0.95,0.96,0.01,0.01,77770.6,1777288154000
1777288156.191,256.191,0.04,0.05,0.95,0.96,0.01,0.01,77770.6,1777288154000
1777288156.537,256.537,0.04,0.05,0.95,0.96,0.01,0.01,77768.93,1777288155000
1777288157.024,257.024,0.04,0.05,0.95,0.96,0.01,0.01,77768.93,1777288155000
1777288157.363,257.363,0.04,0.05,0.95,0.96,0.01,0.01,77769.64,1777288156000
1777288158.15,258.15,0.04,0.05,0.95,0.96,0.01,0.01,77769.64,1777288156000
1777288158.709,258.709,0.04,0.05,0.92,0.96,0.01,0.04,77769.64,1777288157000
1777288159.059,259.059,0.06,0.07,0.93,0.94,0.01,0.01,77769.42,1777288158000
1777288159.467,259.467,0.04,0.05,0.95,0.96,0.01,0.01,77769.42,1777288158000
1777288159.927,259.927,0.04,0.05,0.95,0.96,0.01,0.01,77769.42,1777288158000
1777288160.286,260.286,0.04,0.05,0.95,0.96,0.01,0.01,77769.21,1777288159000
1777288160.627,260.627,0.04,0.05,0.95,0.96,0.01,0.01,77769.21,1777288159000
1777288161.111,261.111,0.04,0.05,0.95,0.96,0.01,0.01,77769.21,1777288159000
1777288161.483,261.483,0.04,0.05,0.95,0.96,0.01,0.01,77768.44,1777288160000
1777288161.855,261.855,0.04,0.05,0.95,0.96,0.01,0.01,77768.44,1777288160000
1777288162.426,262.426,0.03,0.04,0.95,0.96,0.01,0.01,77769.17,1777288161000
1777288162.935,262.935,0.03,0.04,0.96,0.97,0.01,0.01,77769.17,1777288161000
1777288163.356,263.356,0.03,0.04,0.96,0.97,0.01,0.01,77769.17,1777288162000
1777288163.816,263.816,0.03,0.04,0.96,0.97,0.01,0.01,77769.17,1777288162000
1777288164.282,264.282,0.03,0.04,0.96,0.97,0.01,0.01,77769.17,1777288162000
1777288164.706,264.706,0.03,0.04,0.96,0.97,0.01,0.01,77768.86,1777288163000
1777288165.04,265.04,0.03,0.04,0.96,0.97,0.01,0.01,77768.86,1777288164000
1777288165.605,265.605,0.03,0.04,0.96,0.97,0.01,0.01,77768.86,1777288164000
1777288166.02,266.02,0.03,0.04,0.96,0.97,0.01,0.01,77768.83,1777288165000
1777288166.399,266.399,0.03,0.04,0.96,0.97,0.01,0.01,77768.83,1777288165000
1777288166.8,266.8,0.03,0.04,0.96,0.97,0.01,0.01,77768.83,1777288165000
1777288167.192,267.192,0.03,0.04,0.96,0.97,0.01,0.01,77768.83,1777288165000
1777288167.781,267.781,0.05,0.06,0.96,0.97,0.01,0.01,77769.61,1777288166000
1777288168.308,268.308,0.05,0.06,0.94,0.95,0.01,0.01,77769.61,1777288166000
1777288168.736,268.736,0.05,0.06,0.94,0.95,0.01,0.01,77769.56,1777288167000
1777288169.126,269.126,0.05,0.06,0.94,0.95,0.01,0.01,77769.56,1777288168000
1777288169.46,269.46,0.03,0.06,0.94,0.97,0.03,0.03,77769.56,1777288168000
1777288169.967,269.967,0.02,0.04,0.96,0.97,0.02,0.01,77769.56,1777288168000
1777288170.39,270.39,0.02,0.03,0.96,0.97,0.01,0.01,77769.53,1777288169000
1777288170.783,270.783,0.03,0.04,0.95,0.98,0.01,0.03,77769.53,1777288169000
1777288171.127,271.127,0.04,0.05,0.95,0.96,0.01,0.01,77769.53,1777288169000
1777288171.492,271.492,0.04,0.05,0.95,0.96,0.01,0.01,77769.59,1777288170000
1777288171.83,271.83,0.04,0.05,0.95,0.96,0.01,0.01,77769.59,1777288170000
1777288172.379,272.379,0.03,0.04,0.96,0.97,0.01,0.01,77769.59,1777288170000
1777288172.768,272.768,0.03,0.04,0.96,0.97,0.01,0.01,77769.44,1777288171000
1777288173.21,273.21,0.02,0.03,0.97,0.98,0.01,0.01,77769.44,1777288172000
1777288173.586,273.586,0.02,0.04,0.97,0.98,0.02,0.01,77769.44,1777288172000
1777288173.919,273.919,0.02,0.03,0.97,0.98,0.01,0.01,77769.44,1777288172000
1777288174.282,274.282,0.03,0.04,0.96,0.97,0.01,0.01,77769.54,1777288173000
1777288174.637,274.637,0.02,0.04,0.96,0.97,0.02,0.01,77769.54,1777288173000
1777288175.287,275.287,0.02,0.04,0.96,0.98,0.02,0.02,77769.54,1777288174000
1777288175.642,275.642,0.02,0.04,0.96,0.98,0.02,0.02,77769.54,1777288174000
1777288176.453,276.453,0.02,0.03,0.97,0.98,0.01,0.01,77769.13,1777288175000
1777288176.997,276.997,0.02,0.03,0.97,0.98,0.01,0.01,77769.13,1777288175000
1777288177.381,277.381,0.02,0.03,0.97,0.98,0.01,0.01,77769.13,1777288176000
1777288177.98,277.98,0.02,0.03,0.97,0.98,0.01,0.01,77769.13,1777288176000
1777288178.358,278.358,0.02,0.03,0.97,0.98,0.01,0.01,77769.46,1777288177000
1777288178.85,278.85,0.02,0.05,0.97,0.98,0.03,0.01,77769.46,1777288177000
1777288179.255,279.255,0.03,0.04,0.96,0.98,0.01,0.02,77769.46,1777288177000
1777288179.763,279.763,0.02,0.03,0.96,0.97,0.01,0.01,77769.53,1777288178000
1777288180.466,280.466,0.03,0.04,0.97,0.98,0.01,0.01,77769.53,1777288178000
1777288180.902,280.902,0.02,0.04,0.96,0.98,0.02,0.02,77769.61,1777288179000
1777288181.24,281.24,0.02,0.03,0.96,0.98,0.01,0.02,77769.61,1777288179000
1777288181.578,281.578,0.02,0.03,0.97,0.98,0.01,0.01,77769.61,1777288179000
1777288181.984,281.984,0.02,0.03,0.97,0.98,0.01,0.01,77769.58,1777288181000
1777288182.383,282.383,0.02,0.03,0.97,0.98,0.01,0.01,77769.58,1777288181000
1777288182.802,282.802,0.02,0.03,0.97,0.98,0.01,0.01,77769.58,1777288181000
1777288183.184,283.184,0.02,0.03,0.97,0.98,0.01,0.01,77769.52,1777288182000
1777288183.62,283.62,0.02,0.03,0.97,0.98,0.01,0.01,77769.52,1777288182000
1777288184.139,284.139,0.02,0.03,0.97,0.98,0.01,0.01,77769.52,1777288182000
1777288184.6,284.6,0.02,0.03,0.97,0.98,0.01,0.01,77769.08,1777288183000
1777288184.956,284.956,0.01,0.02,0.97,0.98,0.01,0.01,77769.08,1777288183000
1777288185.337,285.337,0.01,0.02,0.98,0.99,0.01,0.01,77767.61,1777288184000
1777288185.677,285.677,0.01,0.02,0.98,0.99,0.01,0.01,77767.61,1777288184000
1777288186.021,286.021,0.01,0.02,0.98,0.99,0.01,0.01,77767.61,1777288184000
1777288186.359,286.359,0.01,0.02,0.98,0.99,0.01,0.01,77767.61,1777288184000
1777288186.784,286.784,0.01,0.02,0.98,0.99,0.01,0.01,77767.8,1777288185000
1777288187.146,287.146,0.01,0.02,0.98,0.99,0.01,0.01,77767.8,1777288186000
1777288187.505,287.505,0.01,0.02,0.98,0.99,0.01,0.01,77767.8,1777288186000
1777288187.874,287.874,0.01,0.02,0.98,0.99,0.01,0.01,77767.8,1777288186000
1777288188.25,288.25,0.01,0.02,0.98,0.99,0.01,0.01,77766.86,1777288187000
1777288188.6,288.6,0.01,0.02,0.98,0.99,0.01,0.01,77766.86,1777288187000
1777288188.933,288.933,0.01,0.02,0.98,0.99,0.01,0.01,77766.86,1777288187000
1777288189.269,289.269,0.01,0.02,0.98,0.99,0.01,0.01,77766.73,1777288188000
1777288189.687,289.687,0.01,0.01,0.99,0.99,0.0,0.0,77766.73,1777288188000
1777288190.272,290.272,0.01,0.01,0.99,0.99,0.0,0.0,77766.73,1777288188000
1777288190.606,290.606,0.01,0.01,0.99,0.99,0.0,0.0,77764.75,1777288189000
1777288191.401,291.401,0.01,0.01,0.99,0.99,0.0,0.0,77760.16,1777288190000
1777288191.867,291.867,0.01,0.01,0.99,0.99,0.0,0.0,77760.16,1777288190000
1777288192.268,292.268,0.01,0.01,0.99,0.99,0.0,0.0,77760.16,1777288191000
1777288193.124,293.124,0.01,0.01,0.99,0.99,0.0,0.0,77759.19,1777288192000
1777288194.17,294.17,0.01,0.01,0.99,0.99,0.0,0.0,77760.9,1777288193000
1777288195.362,295.362,0.01,0.01,0.99,0.99,0.0,0.0,77760.9,1777288193000
1777288195.855,295.855,0.01,0.01,0.99,0.99,0.0,0.0,77760.57,1777288194000
1777288196.407,296.407,0.01,0.01,0.99,0.99,0.0,0.0,77760.57,1777288195000
1777288197.006,297.006,0.01,0.01,0.99,0.99,0.0,0.0,77762.03,1777288196000
1777288198.213,298.213,0.01,0.01,0.99,0.99,0.0,0.0,77760.85,1777288197000
1777288198.566,298.566,0.01,0.01,0.99,0.99,0.0,0.0,77760.85,1777288197000
1777288199.204,299.204,0.01,0.01,0.99,0.99,0.0,0.0,77760.85,1777288197000
1777288199.608,299.608,0.01,0.01,0.99,0.99,0.0,0.0,77760.35,1777288198000
1777288199.986,299.986,0.01,0.01,0.99,0.99,0.0,0.0,77760.35,1777288199000
1777288200.409,300.409,0.01,0.01,0.99,0.99,0.0,0.0,77760.35,1777288199000
1777288201.171,301.171,0.01,0.01,0.99,0.99,0.0,0.0,77760.08,1777288200000
1777288202.422,302.422,0.01,0.01,0.99,0.99,0.0,0.0,77759.74,1777288201000

# RESULT,winner=Down,slug=btc-updown-5m-1777287900,ticks=689
