timestamp,elapsed_sec,up_bid,up_ask,down_bid,down_ask,up_spread,down_spread,btc_price,btc_oracle_ts
1775932500.599,0.599,0.46,0.48,0.52,0.55,0.02,0.03,73315.64,1775932499000
1775932500.933,0.933,0.47,0.48,0.52,0.53,0.01,0.01,73314.51,1775932500000
1775932501.279,1.279,0.47,0.49,0.5,0.53,0.02,0.03,73314.51,1775932500000
1775932501.647,1.647,0.48,0.5,0.51,0.54,0.02,0.03,73314.51,1775932500000
1775932502.038,2.038,0.49,0.5,0.5,0.52,0.01,0.02,73311.74,1775932501000
1775932502.371,2.371,0.49,0.5,0.5,0.51,0.01,0.01,73311.74,1775932501000
1775932502.717,2.717,0.49,0.5,0.5,0.51,0.01,0.01,73311.74,1775932501000
1775932503.077,3.077,0.49,0.5,0.5,0.51,0.01,0.01,73311.74,1775932501000
1775932503.443,3.443,0.49,0.5,0.5,0.51,0.01,0.01,73311.74,1775932501000
1775932503.795,3.795,0.49,0.5,0.5,0.51,0.01,0.01,73313.95,1775932502000
1775932504.13,4.13,0.49,0.5,0.5,0.51,0.01,0.01,73313.95,1775932502000
1775932504.485,4.485,0.57,0.58,0.42,0.43,0.01,0.01,73313.95,1775932502000
1775932504.848,4.848,0.59,0.6,0.4,0.41,0.01,0.01,73314.3,1775932503000
1775932505.189,5.189,0.59,0.6,0.4,0.41,0.01,0.01,73323.2,1775932504000
1775932505.527,5.527,0.59,0.6,0.4,0.41,0.01,0.01,73323.2,1775932504000
1775932505.942,5.942,0.61,0.63,0.37,0.39,0.02,0.02,73323.2,1775932504000
1775932506.279,6.279,0.61,0.64,0.36,0.39,0.03,0.03,73338.89,1775932505000
1775932506.617,6.617,0.63,0.64,0.36,0.37,0.01,0.01,73338.89,1775932505000
1775932506.959,6.959,0.58,0.6,0.39,0.42,0.02,0.03,73338.89,1775932505000
1775932507.292,7.292,0.58,0.59,0.41,0.42,0.01,0.01,73338.89,1775932505000
1775932507.63,7.63,0.59,0.6,0.39,0.41,0.01,0.02,73354.48,1775932506000
1775932507.983,7.983,0.59,0.6,0.4,0.41,0.01,0.01,73354.48,1775932506000
1775932508.321,8.321,0.59,0.6,0.4,0.41,0.01,0.01,73354.48,1775932506000
1775932508.654,8.654,0.59,0.6,0.4,0.42,0.01,0.02,73354.48,1775932506000
1775932508.988,8.988,0.59,0.6,0.4,0.41,0.01,0.01,73354.48,1775932506000
1775932509.343,9.343,0.59,0.6,0.4,0.41,0.01,0.01,73354.3,1775932507000
1775932509.689,9.689,0.59,0.6,0.4,0.41,0.01,0.01,73352.73,1775932508000
1775932510.028,10.028,0.59,0.6,0.4,0.41,0.01,0.01,73352.73,1775932508000
1775932510.381,10.381,0.59,0.6,0.39,0.41,0.01,0.02,73352.73,1775932508000
1775932510.78,10.78,0.59,0.6,0.4,0.41,0.01,0.01,73352.73,1775932508000
1775932511.124,11.124,0.53,0.54,0.46,0.47,0.01,0.01,73352.73,1775932508000
1775932511.46,11.46,0.53,0.54,0.46,0.47,0.01,0.01,73344.74,1775932509000
1775932511.847,11.847,0.53,0.54,0.46,0.47,0.01,0.01,73344.74,1775932509000
1775932512.352,12.352,0.53,0.54,0.46,0.47,0.01,0.01,73342.85,1775932510000
1775932512.698,12.698,0.52,0.54,0.46,0.48,0.02,0.02,73342.85,1775932510000
1775932513.097,13.097,0.51,0.52,0.48,0.49,0.01,0.01,73342.85,1775932510000
1775932513.453,13.453,0.51,0.52,0.48,0.49,0.01,0.01,73341.79,1775932511000
1775932513.797,13.797,0.51,0.52,0.48,0.49,0.01,0.01,73341.79,1775932511000
1775932514.211,14.211,0.51,0.52,0.48,0.49,0.01,0.01,73341.79,1775932511000
1775932514.547,14.547,0.51,0.52,0.48,0.49,0.01,0.01,73333.31,1775932512000
1775932514.883,14.883,0.51,0.52,0.48,0.49,0.01,0.01,73333.31,1775932512000
1775932515.223,15.223,0.51,0.52,0.48,0.49,0.01,0.01,73331.12,1775932513000
1775932515.609,15.609,0.5,0.51,0.48,0.5,0.01,0.02,73331.12,1775932513000
1775932516.067,16.067,0.5,0.52,0.49,0.5,0.02,0.01,73331.12,1775932513000
1775932516.406,16.406,0.51,0.52,0.48,0.49,0.01,0.01,73324.4,1775932514000
1775932516.837,16.837,0.48,0.5,0.5,0.51,0.02,0.01,73324.4,1775932514000
1775932517.358,17.358,0.48,0.49,0.51,0.52,0.01,0.01,73324.4,1775932514000
1775932517.942,17.942,0.48,0.49,0.51,0.52,0.01,0.01,73325.62,1775932515000
1775932518.398,18.398,0.51,0.52,0.47,0.49,0.01,0.02,73325.62,1775932515000
1775932518.769,18.769,0.51,0.52,0.48,0.49,0.01,0.01,73325.62,1775932515000
1775932519.143,19.143,0.51,0.52,0.48,0.49,0.01,0.01,73323.5,1775932516000
1775932519.565,19.565,0.53,0.54,0.46,0.47,0.01,0.01,73323.5,1775932517000
1775932519.934,19.934,0.53,0.54,0.46,0.47,0.01,0.01,73323.5,1775932517000
1775932520.474,20.474,0.53,0.54,0.46,0.47,0.01,0.01,73323.5,1775932517000
1775932520.812,20.812,0.54,0.55,0.45,0.46,0.01,0.01,73322.13,1775932518000
1775932521.228,21.228,0.54,0.55,0.45,0.46,0.01,0.01,73322.13,1775932518000
1775932521.691,21.691,0.55,0.56,0.44,0.46,0.01,0.02,73326.13,1775932519000
1775932522.029,22.029,0.55,0.56,0.44,0.45,0.01,0.01,73326.13,1775932519000
1775932522.371,22.371,0.55,0.56,0.44,0.45,0.01,0.01,73326.13,1775932519000
1775932522.757,22.757,0.55,0.56,0.44,0.45,0.01,0.01,73329.58,1775932520000
1775932523.132,23.132,0.55,0.56,0.44,0.45,0.01,0.01,73329.58,1775932521000
1775932523.602,23.602,0.55,0.56,0.44,0.45,0.01,0.01,73329.58,1775932521000
1775932524.115,24.115,0.55,0.56,0.44,0.45,0.01,0.01,73330.0,1775932522000
1775932524.464,24.464,0.55,0.56,0.44,0.45,0.01,0.01,73330.35,1775932523000
1775932524.805,24.805,0.55,0.56,0.44,0.45,0.01,0.01,73330.35,1775932523000
1775932525.217,25.217,0.61,0.63,0.38,0.39,0.02,0.01,73330.35,1775932523000
1775932525.559,25.559,0.61,0.68,0.31,0.41,0.07,0.1,73334.56,1775932524000
1775932526.02,26.02,0.65,0.69,0.33,0.35,0.04,0.02,73334.56,1775932524000
1775932526.401,26.401,0.63,0.65,0.35,0.37,0.02,0.02,73351.69,1775932525000
1775932526.763,26.763,0.64,0.66,0.35,0.36,0.02,0.01,73351.69,1775932525000
1775932527.153,27.153,0.65,0.66,0.34,0.35,0.01,0.01,73357.36,1775932526000
1775932527.521,27.521,0.64,0.66,0.34,0.35,0.02,0.01,73357.36,1775932526000
1775932527.922,27.922,0.64,0.65,0.34,0.36,0.01,0.02,73357.36,1775932526000
1775932528.314,28.314,0.64,0.65,0.35,0.36,0.01,0.01,73358.92,1775932527000
1775932528.674,28.674,0.64,0.65,0.35,0.36,0.01,0.01,73358.92,1775932527000
1775932529.084,29.084,0.64,0.66,0.34,0.36,0.02,0.02,73356.45,1775932528000
1775932529.464,29.464,0.65,0.66,0.34,0.35,0.01,0.01,73356.45,1775932528000
1775932529.851,29.851,0.65,0.66,0.34,0.35,0.01,0.01,73356.45,1775932528000
1775932530.36,30.36,0.67,0.68,0.3,0.33,0.01,0.03,73357.65,1775932529000
1775932530.756,30.756,0.67,0.68,0.32,0.33,0.01,0.01,73357.65,1775932529000
1775932531.291,31.291,0.66,0.68,0.32,0.34,0.02,0.02,73358.87,1775932530000
1775932531.63,31.63,0.67,0.68,0.32,0.34,0.01,0.02,73358.87,1775932530000
1775932532.069,32.069,0.67,0.68,0.32,0.33,0.01,0.01,73358.87,1775932530000
1775932532.404,32.404,0.64,0.67,0.33,0.36,0.03,0.03,73358.87,1775932530000
1775932532.744,32.744,0.65,0.66,0.33,0.34,0.01,0.01,73360.42,1775932531000
1775932533.153,33.153,0.65,0.66,0.34,0.35,0.01,0.01,73360.42,1775932531000
1775932533.509,33.509,0.65,0.66,0.34,0.35,0.01,0.01,73360.42,1775932531000
1775932533.995,33.995,0.65,0.66,0.34,0.35,0.01,0.01,73358.18,1775932532000
1775932534.362,34.362,0.68,0.71,0.29,0.32,0.03,0.03,73356.76,1775932533000
1775932534.929,34.929,0.7,0.71,0.29,0.3,0.01,0.01,73356.76,1775932533000
1775932535.306,35.306,0.7,0.71,0.29,0.3,0.01,0.01,73355.87,1775932534000
1775932535.649,35.649,0.7,0.71,0.29,0.3,0.01,0.01,73355.87,1775932534000
1775932535.993,35.993,0.7,0.71,0.29,0.3,0.01,0.01,73355.87,1775932534000
1775932536.334,36.334,0.7,0.71,0.29,0.3,0.01,0.01,73355.87,1775932534000
1775932536.776,36.776,0.69,0.71,0.29,0.3,0.02,0.01,73363.59,1775932535000
1775932537.116,37.116,0.7,0.71,0.29,0.3,0.01,0.01,73365.2,1775932536000
1775932537.555,37.555,0.7,0.71,0.29,0.3,0.01,0.01,73365.2,1775932536000
1775932538.228,38.228,0.7,0.71,0.29,0.3,0.01,0.01,73364.52,1775932537000
1775932539.365,39.365,0.7,0.71,0.29,0.3,0.01,0.01,73364.52,1775932537000
1775932540.113,40.113,0.7,0.72,0.29,0.3,0.02,0.01,73366.83,1775932538000
1775932540.454,40.454,0.73,0.75,0.25,0.27,0.02,0.02,73373.53,1775932539000
1775932540.825,40.825,0.71,0.75,0.25,0.29,0.04,0.04,73373.53,1775932539000
1775932541.2,41.2,0.74,0.75,0.25,0.26,0.01,0.01,73373.53,1775932539000
1775932541.535,41.535,0.74,0.75,0.24,0.26,0.01,0.02,73373.53,1775932539000
1775932541.88,41.88,0.75,0.77,0.24,0.25,0.02,0.01,73381.58,1775932540000
1775932542.263,42.263,0.75,0.76,0.24,0.25,0.01,0.01,73381.58,1775932540000
1775932542.6,42.6,0.75,0.76,0.24,0.25,0.01,0.01,73381.04,1775932541000
1775932542.992,42.992,0.75,0.76,0.24,0.25,0.01,0.01,73381.04,1775932541000
1775932543.366,43.366,0.75,0.76,0.24,0.25,0.01,0.01,73381.04,1775932541000
1775932543.704,43.704,0.76,0.79,0.22,0.24,0.03,0.02,73381.04,1775932541000
1775932544.037,44.037,0.78,0.79,0.21,0.22,0.01,0.01,73378.76,1775932542000
1775932544.424,44.424,0.79,0.8,0.2,0.22,0.01,0.02,73378.14,1775932543000
1775932544.802,44.802,0.79,0.8,0.2,0.21,0.01,0.01,73378.14,1775932543000
1775932545.135,45.135,0.79,0.8,0.2,0.21,0.01,0.01,73378.14,1775932543000
1775932545.519,45.519,0.79,0.8,0.2,0.23,0.01,0.03,73378.14,1775932543000
1775932545.91,45.91,0.79,0.8,0.2,0.21,0.01,0.01,73384.15,1775932544000
1775932546.246,46.246,0.79,0.81,0.19,0.21,0.02,0.02,73384.15,1775932544000
1775932546.626,46.626,0.8,0.81,0.19,0.2,0.01,0.01,73386.28,1775932545000
1775932546.968,46.968,0.8,0.81,0.19,0.2,0.01,0.01,73386.28,1775932545000
1775932547.364,47.364,0.8,0.81,0.19,0.2,0.01,0.01,73386.28,1775932545000
1775932547.715,47.715,0.81,0.82,0.18,0.2,0.01,0.02,73388.44,1775932546000
1775932548.056,48.056,0.81,0.82,0.18,0.19,0.01,0.01,73388.44,1775932546000
1775932548.563,48.563,0.81,0.82,0.18,0.19,0.01,0.01,73388.44,1775932546000
1775932549.153,49.153,0.81,0.82,0.17,0.19,0.01,0.02,73391.06,1775932547000
1775932549.496,49.496,0.82,0.83,0.17,0.19,0.01,0.02,73391.06,1775932547000
1775932549.875,49.875,0.83,0.85,0.16,0.17,0.02,0.01,73395.15,1775932548000
1775932550.229,50.229,0.85,0.87,0.13,0.15,0.02,0.02,73395.15,1775932548000
1775932550.625,50.625,0.86,0.87,0.13,0.14,0.01,0.01,73403.64,1775932549000
1775932550.985,50.985,0.88,0.89,0.11,0.12,0.01,0.01,73403.64,1775932549000
1775932551.323,51.323,0.87,0.89,0.11,0.13,0.02,0.02,73403.64,1775932549000
1775932551.697,51.697,0.88,0.89,0.11,0.12,0.01,0.01,73433.54,1775932550000
1775932552.033,52.033,0.89,0.9,0.1,0.11,0.01,0.01,73433.54,1775932550000
1775932552.421,52.421,0.91,0.92,0.08,0.09,0.01,0.01,73435.38,1775932551000
1775932552.782,52.782,0.93,0.94,0.06,0.07,0.01,0.01,73435.38,1775932551000
1775932553.117,53.117,0.93,0.94,0.06,0.07,0.01,0.01,73435.38,1775932551000
1775932553.461,53.461,0.92,0.94,0.06,0.08,0.02,0.02,73435.38,1775932551000
1775932553.873,53.873,0.94,0.95,0.06,0.07,0.01,0.01,73449.72,1775932552000
1775932554.252,54.252,0.94,0.95,0.05,0.06,0.01,0.01,73455.74,1775932553000
1775932554.588,54.588,0.94,0.95,0.05,0.06,0.01,0.01,73455.74,1775932553000
1775932554.924,54.924,0.94,0.95,0.05,0.06,0.01,0.01,73455.74,1775932553000
1775932555.267,55.267,0.9,0.93,0.07,0.1,0.03,0.03,73455.74,1775932553000
1775932555.603,55.603,0.94,0.95,0.05,0.06,0.01,0.01,73460.91,1775932554000
1775932555.94,55.94,0.94,0.95,0.05,0.06,0.01,0.01,73460.91,1775932554000
1775932556.446,56.446,0.92,0.95,0.05,0.08,0.03,0.03,73470.07,1775932555000
1775932556.933,56.933,0.92,0.94,0.06,0.11,0.02,0.05,73470.07,1775932555000
1775932557.308,57.308,0.92,0.93,0.07,0.08,0.01,0.01,73470.07,1775932555000
1775932557.642,57.642,0.92,0.93,0.06,0.08,0.01,0.02,73463.44,1775932556000
1775932557.976,57.976,0.92,0.94,0.06,0.08,0.02,0.02,73463.44,1775932556000
1775932558.313,58.313,0.92,0.93,0.07,0.08,0.01,0.01,73464.59,1775932557000
1775932558.664,58.664,0.93,0.94,0.06,0.07,0.01,0.01,73464.59,1775932557000
1775932559.18,59.18,0.93,0.94,0.06,0.07,0.01,0.01,73464.59,1775932557000
1775932559.643,59.643,0.93,0.94,0.06,0.07,0.01,0.01,73464.59,1775932557000
1775932560.026,60.026,0.94,0.95,0.05,0.06,0.01,0.01,73468.18,1775932558000
1775932560.38,60.38,0.92,0.93,0.06,0.07,0.01,0.01,73468.18,1775932558000
1775932560.717,60.717,0.89,0.9,0.1,0.11,0.01,0.01,73468.18,1775932558000
1775932561.071,61.071,0.89,0.9,0.1,0.11,0.01,0.01,73464.07,1775932559000
1775932561.656,61.656,0.89,0.9,0.1,0.11,0.01,0.01,73464.07,1775932559000
1775932562.041,62.041,0.89,0.9,0.1,0.11,0.01,0.01,73464.07,1775932559000
1775932562.578,62.578,0.89,0.9,0.1,0.11,0.01,0.01,73463.22,1775932560000
1775932562.914,62.914,0.9,0.92,0.08,0.1,0.02,0.02,73443.46,1775932561000
1775932563.295,63.295,0.92,0.93,0.07,0.08,0.01,0.01,73443.46,1775932561000
1775932563.776,63.776,0.89,0.9,0.1,0.11,0.01,0.01,73443.46,1775932561000
1775932564.11,64.11,0.88,0.89,0.11,0.12,0.01,0.01,73443.46,1775932561000
1775932564.474,64.474,0.88,0.89,0.11,0.12,0.01,0.01,73429.9,1775932562000
1775932564.834,64.834,0.89,0.9,0.1,0.11,0.01,0.01,73429.9,1775932562000
1775932565.221,65.221,0.89,0.9,0.1,0.11,0.01,0.01,73429.9,1775932562000
1775932565.573,65.573,0.89,0.9,0.1,0.11,0.01,0.01,73436.19,1775932563000
1775932565.926,65.926,0.89,0.9,0.1,0.11,0.01,0.01,73436.19,1775932563000
1775932566.279,66.279,0.89,0.9,0.09,0.11,0.01,0.02,73439.34,1775932564000
1775932566.63,66.63,0.9,0.91,0.09,0.1,0.01,0.01,73439.34,1775932564000
1775932566.968,66.968,0.89,0.9,0.09,0.1,0.01,0.01,73439.34,1775932564000
1775932567.305,67.305,0.89,0.9,0.1,0.11,0.01,0.01,73429.58,1775932565000
1775932567.644,67.644,0.89,0.9,0.1,0.11,0.01,0.01,73429.58,1775932565000
1775932567.982,67.982,0.89,0.9,0.1,0.11,0.01,0.01,73429.58,1775932565000
1775932568.383,68.383,0.89,0.9,0.1,0.11,0.01,0.01,73430.36,1775932566000
1775932568.807,68.807,0.89,0.9,0.1,0.11,0.01,0.01,73430.36,1775932566000
1775932569.286,69.286,0.89,0.9,0.1,0.11,0.01,0.01,73430.36,1775932566000
1775932569.758,69.758,0.89,0.9,0.1,0.11,0.01,0.01,73432.87,1775932567000
1775932570.098,70.098,0.89,0.9,0.1,0.11,0.01,0.01,73431.06,1775932568000
1775932570.437,70.437,0.89,0.9,0.1,0.11,0.01,0.01,73431.06,1775932568000
1775932570.805,70.805,0.89,0.91,0.1,0.11,0.02,0.01,73431.06,1775932568000
1775932571.156,71.156,0.9,0.91,0.09,0.1,0.01,0.01,73431.06,1775932568000
1775932571.506,71.506,0.9,0.91,0.09,0.1,0.01,0.01,73432.26,1775932569000
1775932571.963,71.963,0.9,0.91,0.08,0.1,0.01,0.02,73432.26,1775932569000
1775932572.357,72.357,0.93,0.94,0.07,0.08,0.01,0.01,73430.53,1775932570000
1775932572.811,72.811,0.93,0.95,0.05,0.1,0.02,0.05,73430.53,1775932570000
1775932573.199,73.199,0.93,0.94,0.06,0.07,0.01,0.01,73429.75,1775932571000
1775932573.599,73.599,0.89,0.9,0.1,0.11,0.01,0.01,73429.75,1775932571000
1775932574.03,74.03,0.88,0.89,0.1,0.12,0.01,0.02,73429.75,1775932571000
1775932574.385,74.385,0.88,0.89,0.11,0.12,0.01,0.01,73431.05,1775932572000
1775932575.044,75.044,0.88,0.89,0.11,0.12,0.01,0.01,73448.52,1775932573000
1775932575.426,75.426,0.89,0.9,0.1,0.11,0.01,0.01,73439.64,1775932574000
1775932575.763,75.763,0.89,0.9,0.1,0.12,0.01,0.02,73439.64,1775932574000
1775932576.099,76.099,0.87,0.88,0.12,0.13,0.01,0.01,73439.64,1775932574000
1775932576.455,76.455,0.87,0.88,0.12,0.13,0.01,0.01,73434.28,1775932575000
1775932576.816,76.816,0.87,0.88,0.12,0.13,0.01,0.01,73434.28,1775932575000
1775932577.176,77.176,0.88,0.9,0.11,0.12,0.02,0.01,73434.28,1775932575000
1775932577.525,77.525,0.89,0.9,0.1,0.11,0.01,0.01,73433.92,1775932576000
1775932577.876,77.876,0.89,0.9,0.1,0.11,0.01,0.01,73433.92,1775932576000
1775932578.249,78.249,0.89,0.9,0.1,0.11,0.01,0.01,73429.66,1775932577000
1775932578.702,78.702,0.89,0.9,0.1,0.11,0.01,0.01,73429.66,1775932577000
1775932579.148,79.148,0.89,0.9,0.1,0.11,0.01,0.01,73429.66,1775932577000
1775932579.565,79.565,0.89,0.9,0.1,0.11,0.01,0.01,73429.66,1775932577000
1775932580.024,80.024,0.89,0.9,0.1,0.11,0.01,0.01,73429.98,1775932578000
1775932580.46,80.46,0.88,0.89,0.1,0.11,0.01,0.01,73432.19,1775932579000
1775932580.803,80.803,0.89,0.9,0.1,0.12,0.01,0.02,73432.19,1775932579000
1775932581.278,81.278,0.88,0.89,0.1,0.12,0.01,0.02,73429.61,1775932580000
1775932581.686,81.686,0.88,0.89,0.11,0.12,0.01,0.01,73429.61,1775932580000
1775932582.137,82.137,0.88,0.89,0.11,0.12,0.01,0.01,73428.79,1775932581000
1775932582.667,82.667,0.88,0.89,0.11,0.12,0.01,0.01,73428.79,1775932581000
1775932583.039,83.039,0.87,0.88,0.12,0.13,0.01,0.01,73428.79,1775932581000
1775932583.409,83.409,0.87,0.89,0.12,0.13,0.02,0.01,73428.71,1775932582000
1775932583.893,83.893,0.88,0.89,0.11,0.12,0.01,0.01,73428.71,1775932582000
1775932584.947,84.947,0.88,0.89,0.11,0.12,0.01,0.01,73427.78,1775932584000
1775932585.384,85.384,0.88,0.89,0.11,0.12,0.01,0.01,73427.78,1775932584000
1775932585.785,85.785,0.87,0.92,0.08,0.12,0.05,0.04,73427.78,1775932584000
1775932586.225,86.225,0.9,0.91,0.09,0.1,0.01,0.01,73426.3,1775932585000
1775932586.683,86.683,0.9,0.91,0.09,0.1,0.01,0.01,73426.3,1775932585000
1775932587.035,87.035,0.9,0.91,0.09,0.11,0.01,0.02,73438.26,1775932586000
1775932587.463,87.463,0.9,0.91,0.09,0.1,0.01,0.01,73438.26,1775932586000
1775932587.916,87.916,0.89,0.91,0.09,0.11,0.02,0.02,73439.25,1775932587000
1775932588.285,88.285,0.9,0.91,0.1,0.11,0.01,0.01,73439.25,1775932587000
1775932588.696,88.696,0.9,0.91,0.09,0.1,0.01,0.01,73439.25,1775932587000
1775932589.034,89.034,0.9,0.91,0.09,0.1,0.01,0.01,73439.08,1775932588000
1775932589.37,89.37,0.9,0.91,0.09,0.1,0.01,0.01,73439.08,1775932588000
1775932589.755,89.755,0.9,0.91,0.09,0.1,0.01,0.01,73439.08,1775932588000
1775932590.092,90.092,0.9,0.91,0.09,0.1,0.01,0.01,73439.01,1775932589000
1775932590.441,90.441,0.9,0.91,0.09,0.1,0.01,0.01,73439.01,1775932589000
1775932590.795,90.795,0.9,0.91,0.09,0.1,0.01,0.01,73439.01,1775932589000
1775932591.259,91.259,0.9,0.92,0.08,0.1,0.02,0.02,73429.77,1775932590000
1775932591.633,91.633,0.93,0.94,0.06,0.07,0.01,0.01,73429.77,1775932590000
1775932591.969,91.969,0.93,0.94,0.06,0.07,0.01,0.01,73429.77,1775932590000
1775932592.309,92.309,0.94,0.95,0.05,0.06,0.01,0.01,73429.77,1775932591000
1775932592.672,92.672,0.94,0.95,0.05,0.06,0.01,0.01,73429.77,1775932591000
1775932593.056,93.056,0.95,0.96,0.04,0.06,0.01,0.02,73431.73,1775932592000
1775932593.507,93.507,0.95,0.96,0.04,0.05,0.01,0.01,73431.73,1775932592000
1775932593.855,93.855,0.95,0.96,0.04,0.05,0.01,0.01,73431.73,1775932592000
1775932594.199,94.199,0.95,0.96,0.04,0.05,0.01,0.01,73431.73,1775932592000
1775932594.631,94.631,0.95,0.96,0.04,0.05,0.01,0.01,73470.94,1775932593000
1775932594.971,94.971,0.95,0.96,0.04,0.05,0.01,0.01,73470.94,1775932593000
1775932595.457,95.457,0.95,0.96,0.04,0.05,0.01,0.01,73470.94,1775932593000
1775932595.819,95.819,0.95,0.96,0.04,0.05,0.01,0.01,73475.89,1775932594000
1775932596.2,96.2,0.95,0.96,0.04,0.05,0.01,0.01,73475.49,1775932595000
1775932596.562,96.562,0.95,0.97,0.03,0.04,0.02,0.01,73475.49,1775932595000
1775932596.913,96.913,0.96,0.97,0.03,0.04,0.01,0.01,73475.49,1775932595000
1775932597.251,97.251,0.96,0.97,0.03,0.04,0.01,0.01,73485.16,1775932596000
1775932597.592,97.592,0.95,0.96,0.04,0.05,0.01,0.01,73485.16,1775932596000
1775932597.927,97.927,0.96,0.97,0.03,0.04,0.01,0.01,73485.16,1775932596000
1775932598.26,98.26,0.96,0.97,0.03,0.04,0.01,0.01,73485.16,1775932596000
1775932598.624,98.624,0.96,0.97,0.02,0.04,0.01,0.02,73591.81,1775932597000
1775932599.031,99.031,0.97,0.98,0.02,0.03,0.01,0.01,73604.52,1775932598000
1775932599.437,99.437,0.96,0.97,0.02,0.04,0.01,0.02,73604.52,1775932598000
1775932599.792,99.792,0.96,0.97,0.03,0.04,0.01,0.01,73604.52,1775932598000
1775932600.134,100.134,0.96,0.97,0.03,0.04,0.01,0.01,73604.52,1775932598000
1775932600.49,100.49,0.96,0.97,0.03,0.04,0.01,0.01,73602.72,1775932599000
1775932600.86,100.86,0.97,0.98,0.02,0.04,0.01,0.02,73602.72,1775932599000
1775932601.23,101.23,0.97,0.98,0.02,0.03,0.01,0.01,73601.3,1775932600000
1775932601.7,101.7,0.96,0.97,0.03,0.04,0.01,0.01,73601.3,1775932600000
1775932602.336,102.336,0.95,0.96,0.03,0.04,0.01,0.01,73601.3,1775932600000
1775932602.676,102.676,0.94,0.95,0.05,0.06,0.01,0.01,73608.29,1775932601000
1775932603.089,103.089,0.94,0.95,0.05,0.06,0.01,0.01,73608.29,1775932601000
1775932603.503,103.503,0.95,0.96,0.04,0.05,0.01,0.01,73608.29,1775932601000
1775932603.959,103.959,0.96,0.97,0.03,0.04,0.01,0.01,73598.3,1775932602000
1775932604.417,104.417,0.96,0.97,0.03,0.04,0.01,0.01,73598.3,1775932602000
1775932604.779,104.779,0.96,0.97,0.03,0.04,0.01,0.01,73580.94,1775932603000
1775932605.238,105.238,0.96,0.97,0.03,0.04,0.01,0.01,73580.94,1775932603000
1775932605.571,105.571,0.95,0.96,0.04,0.05,0.01,0.01,73580.94,1775932603000
1775932606.005,106.005,0.95,0.96,0.04,0.05,0.01,0.01,73588.11,1775932604000
1775932606.38,106.38,0.94,0.96,0.04,0.05,0.02,0.01,73588.11,1775932604000
1775932606.863,106.863,0.94,0.95,0.05,0.07,0.01,0.02,73599.8,1775932605000
1775932607.227,107.227,0.95,0.96,0.05,0.06,0.01,0.01,73588.91,1775932606000
1775932607.566,107.566,0.95,0.96,0.04,0.05,0.01,0.01,73588.91,1775932606000
1775932607.935,107.935,0.96,0.97,0.03,0.04,0.01,0.01,73588.91,1775932606000
1775932608.284,108.284,0.96,0.97,0.03,0.04,0.01,0.01,73588.91,1775932606000
1775932608.695,108.695,0.95,0.96,0.04,0.05,0.01,0.01,73579.66,1775932607000
1775932609.12,109.12,0.95,0.96,0.04,0.05,0.01,0.01,73579.66,1775932607000
1775932609.543,109.543,0.95,0.96,0.04,0.05,0.01,0.01,73612.69,1775932608000
1775932609.904,109.904,0.95,0.96,0.04,0.05,0.01,0.01,73612.69,1775932608000
1775932610.366,110.366,0.97,0.98,0.02,0.05,0.01,0.03,73612.69,1775932608000
1775932610.743,110.743,0.97,0.98,0.02,0.03,0.01,0.01,73612.69,1775932608000
1775932611.149,111.149,0.97,0.98,0.02,0.03,0.01,0.01,73595.79,1775932609000
1775932611.496,111.496,0.97,0.98,0.02,0.04,0.01,0.02,73595.79,1775932609000
1775932612.218,112.218,0.97,0.98,0.02,0.03,0.01,0.01,73590.95,1775932610000
1775932612.599,112.599,0.97,0.98,0.02,0.03,0.01,0.01,73592.44,1775932611000
1775932613.052,113.052,0.97,0.98,0.02,0.03,0.01,0.01,73592.44,1775932611000
1775932613.479,113.479,0.97,0.98,0.02,0.03,0.01,0.01,73588.4,1775932612000
1775932613.956,113.956,0.97,0.98,0.02,0.03,0.01,0.01,73588.4,1775932612000
1775932614.297,114.297,0.97,0.98,0.02,0.03,0.01,0.01,73588.4,1775932612000
1775932614.799,114.799,0.97,0.98,0.02,0.03,0.01,0.01,73622.2,1775932613000
1775932615.161,115.161,0.97,0.98,0.02,0.03,0.01,0.01,73622.2,1775932613000
1775932615.503,115.503,0.97,0.98,0.02,0.03,0.01,0.01,73636.6,1775932614000
1775932615.889,115.889,0.97,0.98,0.02,0.03,0.01,0.01,73636.6,1775932614000
1775932616.336,116.336,0.97,0.98,0.02,0.03,0.01,0.01,73648.12,1775932615000
1775932616.757,116.757,0.97,0.98,0.02,0.03,0.01,0.01,73648.12,1775932615000
1775932617.143,117.143,0.97,0.98,0.02,0.03,0.01,0.01,73648.12,1775932615000
1775932617.53,117.53,0.97,0.98,0.02,0.03,0.01,0.01,73648.12,1775932615000
1775932617.934,117.934,0.97,0.98,0.02,0.03,0.01,0.01,73697.46,1775932616000
1775932618.281,118.281,0.97,0.98,0.02,0.03,0.01,0.01,73699.94,1775932617000
1775932618.814,118.814,0.97,0.98,0.02,0.03,0.01,0.01,73699.94,1775932617000
1775932619.231,119.231,0.97,0.98,0.02,0.03,0.01,0.01,73699.94,1775932617000
1775932619.663,119.663,0.97,0.98,0.02,0.03,0.01,0.01,73699.94,1775932617000
1775932619.996,119.996,0.97,0.98,0.02,0.03,0.01,0.01,73705.36,1775932618000
1775932620.331,120.331,0.98,0.99,0.01,0.02,0.01,0.01,73716.89,1775932619000
1775932620.689,120.689,0.98,0.99,0.01,0.02,0.01,0.01,73716.89,1775932619000
1775932621.022,121.022,0.98,0.99,0.01,0.02,0.01,0.01,73716.89,1775932619000
1775932621.376,121.376,0.97,0.98,0.02,0.03,0.01,0.01,73716.89,1775932619000
1775932621.709,121.709,0.97,0.98,0.02,0.03,0.01,0.01,73704.87,1775932620000
1775932622.046,122.046,0.98,0.99,0.01,0.02,0.01,0.01,73704.87,1775932620000
1775932622.588,122.588,0.98,0.99,0.01,0.02,0.01,0.01,73704.15,1775932621000
1775932622.981,122.981,0.98,0.99,0.01,0.02,0.01,0.01,73704.15,1775932621000
1775932623.579,123.579,0.97,0.99,0.01,0.02,0.02,0.01,73704.15,1775932621000
1775932623.942,123.942,0.98,0.99,0.01,0.03,0.01,0.02,73701.74,1775932622000
1775932624.323,124.323,0.98,0.99,0.01,0.03,0.01,0.02,73701.74,1775932622000
1775932624.785,124.785,0.98,0.99,0.01,0.02,0.01,0.01,73714.77,1775932623000
1775932625.205,125.205,0.97,0.98,0.02,0.03,0.01,0.01,73714.77,1775932623000
1775932625.612,125.612,0.97,0.98,0.02,0.03,0.01,0.01,73692.5,1775932624000
1775932626.052,126.052,0.98,0.99,0.01,0.02,0.01,0.01,73692.5,1775932624000
1775932626.42,126.42,0.98,0.99,0.01,0.02,0.01,0.01,73692.5,1775932624000
1775932626.85,126.85,0.98,0.99,0.01,0.02,0.01,0.01,73685.74,1775932625000
1775932627.216,127.216,0.98,0.99,0.01,0.02,0.01,0.01,73691.01,1775932626000
1775932627.612,127.612,0.98,0.99,0.01,0.02,0.01,0.01,73691.01,1775932626000
1775932627.999,127.999,0.97,0.99,0.01,0.02,0.02,0.01,73691.01,1775932626000
1775932628.341,128.341,0.97,0.98,0.02,0.03,0.01,0.01,73691.01,1775932627000
1775932628.963,128.963,0.97,0.98,0.02,0.03,0.01,0.01,73691.01,1775932627000
1775932629.378,129.378,0.97,0.98,0.02,0.03,0.01,0.01,73690.19,1775932628000
1775932630.151,130.151,0.97,0.98,0.02,0.03,0.01,0.01,73690.19,1775932628000
1775932630.497,130.497,0.97,0.98,0.02,0.03,0.01,0.01,73673.71,1775932629000
1775932630.883,130.883,0.98,0.99,0.01,0.02,0.01,0.01,73673.71,1775932629000
1775932631.32,131.32,0.98,0.99,0.01,0.02,0.01,0.01,73673.71,1775932629000
1775932631.677,131.677,0.98,0.99,0.01,0.02,0.01,0.01,73671.65,1775932630000
1775932632.048,132.048,0.98,0.99,0.01,0.02,0.01,0.01,73669.18,1775932631000
1775932632.485,132.485,0.98,0.99,0.01,0.02,0.01,0.01,73669.18,1775932631000
1775932633.105,133.105,0.97,0.99,0.01,0.03,0.02,0.02,73675.37,1775932632000
1775932633.644,133.644,0.97,0.98,0.02,0.03,0.01,0.01,73675.37,1775932632000
1775932634.126,134.126,0.98,0.99,0.01,0.02,0.01,0.01,73675.37,1775932632000
1775932634.62,134.62,0.97,0.99,0.01,0.02,0.02,0.01,73664.49,1775932633000
1775932634.975,134.975,0.97,0.98,0.02,0.03,0.01,0.01,73664.49,1775932633000
1775932635.336,135.336,0.97,0.98,0.02,0.03,0.01,0.01,73660.02,1775932634000
1775932635.997,135.997,0.97,0.98,0.02,0.03,0.01,0.01,73660.02,1775932634000
1775932636.384,136.384,0.97,0.98,0.02,0.03,0.01,0.01,73660.02,1775932634000
1775932636.779,136.779,0.97,0.98,0.02,0.03,0.01,0.01,73660.28,1775932635000
1775932637.322,137.322,0.97,0.98,0.02,0.03,0.01,0.01,73657.76,1775932636000
1775932637.69,137.69,0.97,0.98,0.02,0.03,0.01,0.01,73657.76,1775932636000
1775932638.038,138.038,0.97,0.98,0.02,0.03,0.01,0.01,73650.78,1775932637000
1775932638.665,138.665,0.97,0.98,0.02,0.03,0.01,0.01,73650.78,1775932637000
1775932639.136,139.136,0.98,0.99,0.02,0.03,0.01,0.01,73650.78,1775932637000
1775932639.607,139.607,0.98,0.99,0.01,0.02,0.01,0.01,73636.53,1775932638000
1775932639.978,139.978,0.98,0.99,0.01,0.02,0.01,0.01,73636.53,1775932638000
1775932640.5,140.5,0.97,0.98,0.02,0.03,0.01,0.01,73635.28,1775932639000
1775932640.872,140.872,0.97,0.98,0.02,0.03,0.01,0.01,73635.28,1775932639000
1775932641.377,141.377,0.98,0.99,0.01,0.02,0.01,0.01,73634.53,1775932640000
1775932641.71,141.71,0.98,0.99,0.01,0.02,0.01,0.01,73634.53,1775932640000
1775932642.186,142.186,0.98,0.99,0.01,0.02,0.01,0.01,73634.53,1775932640000
1775932642.527,142.527,0.98,0.99,0.01,0.02,0.01,0.01,73635.37,1775932641000
1775932642.863,142.863,0.98,0.99,0.01,0.02,0.01,0.01,73635.37,1775932641000
1775932643.326,143.326,0.98,0.99,0.01,0.02,0.01,0.01,73629.52,1775932642000
1775932643.706,143.706,0.98,0.99,0.01,0.02,0.01,0.01,73629.52,1775932642000
1775932644.176,144.176,0.98,0.99,0.01,0.02,0.01,0.01,73629.52,1775932642000
1775932644.692,144.692,0.98,0.99,0.01,0.02,0.01,0.01,73622.02,1775932643000
1775932645.237,145.237,0.98,0.99,0.01,0.02,0.01,0.01,73622.02,1775932643000
1775932645.734,145.734,0.98,0.99,0.01,0.02,0.01,0.01,73632.18,1775932644000
1775932646.176,146.176,0.98,0.99,0.01,0.02,0.01,0.01,73632.18,1775932644000
1775932646.672,146.672,0.98,0.99,0.01,0.02,0.01,0.01,73641.66,1775932645000
1775932647.031,147.031,0.98,0.99,0.01,0.02,0.01,0.01,73641.66,1775932645000
1775932647.519,147.519,0.98,0.99,0.01,0.02,0.01,0.01,73641.66,1775932645000
1775932647.963,147.963,0.98,0.99,0.01,0.02,0.01,0.01,73629.55,1775932646000
1775932648.644,148.644,0.98,0.99,0.01,0.02,0.01,0.01,73630.44,1775932647000
1775932649.034,149.034,0.98,0.99,0.01,0.02,0.01,0.01,73630.44,1775932647000
1775932649.397,149.397,0.98,0.99,0.01,0.02,0.01,0.01,73634.87,1775932648000
1775932649.765,149.765,0.98,0.99,0.01,0.02,0.01,0.01,73634.87,1775932648000
1775932650.131,150.131,0.98,0.99,0.01,0.02,0.01,0.01,73634.87,1775932648000
1775932650.474,150.474,0.98,0.99,0.01,0.02,0.01,0.01,73634.87,1775932648000
1775932650.813,150.813,0.98,0.99,0.01,0.02,0.01,0.01,73633.2,1775932649000
1775932651.64,151.64,0.98,0.99,0.01,0.02,0.01,0.01,73632.48,1775932650000
1775932652.043,152.043,0.98,0.99,0.01,0.02,0.01,0.01,73632.48,1775932650000
1775932652.406,152.406,0.98,0.99,0.01,0.02,0.01,0.01,73634.37,1775932651000
1775932652.919,152.919,0.98,0.99,0.01,0.02,0.01,0.01,73634.37,1775932651000
1775932653.511,153.511,0.98,0.99,0.01,0.02,0.01,0.01,73641.37,1775932652000
1775932654.089,154.089,0.98,0.99,0.01,0.02,0.01,0.01,73639.05,1775932653000
1775932654.503,154.503,0.98,0.99,0.01,0.02,0.01,0.01,73639.05,1775932653000
1775932655.401,155.401,0.98,0.99,0.01,0.02,0.01,0.01,73639.05,1775932653000
1775932656.103,156.103,0.98,0.99,0.01,0.02,0.01,0.01,73611.73,1775932654000
1775932656.544,156.544,0.98,0.99,0.01,0.02,0.01,0.01,73611.26,1775932655000
1775932657.09,157.09,0.98,0.99,0.01,0.02,0.01,0.01,73611.26,1775932655000
1775932657.468,157.468,0.98,0.99,0.01,0.02,0.01,0.01,73610.64,1775932656000
1775932658.202,158.202,0.98,0.99,0.01,0.02,0.01,0.01,73610.64,1775932656000
1775932658.926,158.926,0.98,0.99,0.01,0.02,0.01,0.01,73613.7,1775932657000
1775932659.322,159.322,0.98,0.99,0.01,0.02,0.01,0.01,73618.1,1775932658000
1775932659.762,159.762,0.98,0.99,0.01,0.02,0.01,0.01,73618.1,1775932658000
1775932660.097,160.097,0.98,0.99,0.01,0.02,0.01,0.01,73618.1,1775932658000
1775932660.575,160.575,0.98,0.99,0.01,0.02,0.01,0.01,73619.43,1775932659000
1775932660.914,160.914,0.98,0.99,0.01,0.02,0.01,0.01,73619.43,1775932659000
1775932661.743,161.743,0.98,0.99,0.01,0.02,0.01,0.01,73617.41,1775932660000
1775932662.106,162.106,0.98,0.99,0.01,0.02,0.01,0.01,73612.91,1775932661000
1775932662.469,162.469,0.98,0.99,0.01,0.02,0.01,0.01,73612.91,1775932661000
1775932662.84,162.84,0.98,0.99,0.01,0.02,0.01,0.01,73612.91,1775932661000
1775932663.219,163.219,0.98,0.99,0.01,0.02,0.01,0.01,73600.63,1775932662000
1775932663.72,163.72,0.98,0.99,0.01,0.02,0.01,0.01,73600.63,1775932662000
1775932664.217,164.217,0.98,0.99,0.01,0.02,0.01,0.01,73597.68,1775932663000
1775932664.552,164.552,0.98,0.99,0.01,0.02,0.01,0.01,73597.68,1775932663000
1775932664.914,164.914,0.98,0.99,0.01,0.02,0.01,0.01,73597.68,1775932663000
1775932665.53,165.53,0.98,0.99,0.01,0.02,0.01,0.01,73593.64,1775932664000
1775932665.961,165.961,0.98,0.99,0.01,0.02,0.01,0.01,73593.64,1775932664000
1775932666.321,166.321,0.98,0.99,0.01,0.02,0.01,0.01,73594.94,1775932665000
1775932666.664,166.664,0.98,0.99,0.01,0.02,0.01,0.01,73594.94,1775932665000
1775932667.001,167.001,0.98,0.99,0.01,0.02,0.01,0.01,73594.94,1775932665000
1775932667.392,167.392,0.98,0.99,0.01,0.02,0.01,0.01,73590.95,1775932666000
1775932667.846,167.846,0.98,0.99,0.01,0.02,0.01,0.01,73590.95,1775932666000
1775932668.278,168.278,0.98,0.99,0.01,0.02,0.01,0.01,73585.83,1775932667000
1775932668.707,168.707,0.98,0.99,0.01,0.02,0.01,0.01,73585.83,1775932667000
1775932669.249,169.249,0.98,0.99,0.01,0.02,0.01,0.01,73585.83,1775932667000
1775932669.78,169.78,0.98,0.99,0.01,0.02,0.01,0.01,73580.55,1775932668000
1775932670.262,170.262,0.98,0.99,0.01,0.02,0.01,0.01,73580.55,1775932668000
1775932670.889,170.889,0.98,0.99,0.01,0.02,0.01,0.01,73582.26,1775932669000
1775932671.252,171.252,0.98,0.99,0.01,0.02,0.01,0.01,73585.3,1775932670000
1775932671.61,171.61,0.98,0.99,0.01,0.02,0.01,0.01,73585.3,1775932670000
1775932672.039,172.039,0.98,0.99,0.01,0.02,0.01,0.01,73591.23,1775932671000
1775932672.479,172.479,0.98,0.99,0.01,0.02,0.01,0.01,73591.23,1775932671000
1775932672.907,172.907,0.98,0.99,0.01,0.02,0.01,0.01,73591.23,1775932671000
1775932673.408,173.408,0.98,0.99,0.01,0.02,0.01,0.01,73587.26,1775932672000
1775932673.774,173.774,0.98,0.99,0.01,0.02,0.01,0.01,73587.26,1775932672000
1775932674.122,174.122,0.98,0.99,0.01,0.02,0.01,0.01,73582.76,1775932673000
1775932674.55,174.55,0.98,0.99,0.01,0.02,0.01,0.01,73582.76,1775932673000
1775932674.969,174.969,0.98,0.99,0.01,0.02,0.01,0.01,73582.76,1775932673000
1775932675.327,175.327,0.98,0.99,0.01,0.02,0.01,0.01,73582.76,1775932674000
1775932676.068,176.068,0.98,0.99,0.01,0.02,0.01,0.01,73582.76,1775932674000
1775932676.492,176.492,0.98,0.99,0.01,0.02,0.01,0.01,73583.71,1775932675000
1775932676.914,176.914,0.98,0.99,0.01,0.02,0.01,0.01,73583.71,1775932675000
1775932677.446,177.446,0.98,0.99,0.01,0.02,0.01,0.01,73588.43,1775932676000
1775932677.834,177.834,0.98,0.99,0.01,0.02,0.01,0.01,73588.43,1775932676000
1775932678.611,178.611,0.98,0.99,0.01,0.02,0.01,0.01,73591.01,1775932677000
1775932679.112,179.112,0.98,0.99,0.01,0.02,0.01,0.01,73598.21,1775932678000
1775932679.967,179.967,0.98,0.99,0.01,0.02,0.01,0.01,73598.21,1775932678000
1775932680.357,180.357,0.98,0.99,0.01,0.02,0.01,0.01,73602.14,1775932679000
1775932680.721,180.721,0.98,0.99,0.01,0.02,0.01,0.01,73602.14,1775932679000
1775932681.124,181.124,0.98,0.99,0.01,0.02,0.01,0.01,73601.68,1775932680000
1775932681.585,181.585,0.98,0.99,0.01,0.02,0.01,0.01,73601.68,1775932680000
1775932682.032,182.032,0.99,0.99,0.01,0.01,0.0,0.0,73601.68,1775932680000
1775932682.408,182.408,0.99,0.99,0.01,0.01,0.0,0.0,73601.68,1775932680000
1775932682.951,182.951,0.99,0.99,0.01,0.01,0.0,0.0,73597.77,1775932681000
1775932683.32,183.32,0.99,0.99,0.01,0.01,0.0,0.0,73624.03,1775932682000
1775932683.722,183.722,0.99,0.99,0.01,0.01,0.0,0.0,73624.03,1775932682000
1775932684.144,184.144,0.99,0.99,0.01,0.01,0.0,0.0,73631.23,1775932683000
1775932684.758,184.758,0.99,0.99,0.01,0.01,0.0,0.0,73631.23,1775932683000
1775932685.099,185.099,0.99,0.99,0.01,0.01,0.0,0.0,73631.23,1775932683000
1775932686.128,186.128,0.99,0.99,0.01,0.01,0.0,0.0,73651.27,1775932684000
1775932686.604,186.604,0.99,0.99,0.01,0.01,0.0,0.0,73675.8,1775932685000
1775932687.113,187.113,0.99,0.99,0.01,0.01,0.0,0.0,73677.44,1775932686000
1775932687.865,187.865,0.99,0.99,0.01,0.01,0.0,0.0,73677.44,1775932686000
1775932688.289,188.289,0.99,0.99,0.01,0.01,0.0,0.0,73678.72,1775932687000
1775932688.634,188.634,0.99,0.99,0.01,0.01,0.0,0.0,73678.72,1775932687000
1775932688.986,188.986,0.99,0.99,0.01,0.01,0.0,0.0,73678.72,1775932687000
1775932689.572,189.572,0.99,0.99,0.01,0.01,0.0,0.0,73676.17,1775932688000
1775932690.084,190.084,0.99,0.99,0.01,0.01,0.0,0.0,73674.36,1775932689000
1775932691.03,191.03,0.99,0.99,0.01,0.01,0.0,0.0,73666.5,1775932690000
1775932691.384,191.384,0.99,0.99,0.01,0.01,0.0,0.0,73666.5,1775932690000
1775932692.01,192.01,0.99,0.99,0.01,0.01,0.0,0.0,73661.18,1775932691000
1775932692.947,192.947,0.99,0.99,0.01,0.01,0.0,0.0,73648.4,1775932692000
1775932693.615,193.615,0.99,0.99,0.01,0.01,0.0,0.0,73648.4,1775932692000
1775932694.526,194.526,0.99,0.99,0.01,0.01,0.0,0.0,73645.31,1775932693000
1775932695.292,195.292,0.99,0.99,0.01,0.01,0.0,0.0,73645.31,1775932693000
1775932695.813,195.813,0.99,0.99,0.01,0.01,0.0,0.0,73645.31,1775932693000
1775932696.383,196.383,0.99,0.99,0.01,0.01,0.0,0.0,73642.91,1775932694000
1775932696.806,196.806,0.99,0.99,0.01,0.01,0.0,0.0,73638.78,1775932695000
1775932697.178,197.178,0.99,0.99,0.01,0.01,0.0,0.0,73638.78,1775932695000
1775932698.454,198.454,0.99,0.99,0.01,0.01,0.0,0.0,73632.88,1775932696000
1775932698.914,198.914,0.99,0.99,0.01,0.01,0.0,0.0,73627.79,1775932697000
1775932699.689,199.689,0.99,0.99,0.01,0.01,0.0,0.0,73625.18,1775932698000
1775932700.288,200.288,0.99,0.99,0.01,0.01,0.0,0.0,73624.86,1775932699000
1775932701.045,201.045,0.99,0.99,0.01,0.01,0.0,0.0,73624.86,1775932699000
1775932701.629,201.629,0.99,0.99,0.01,0.01,0.0,0.0,73624.86,1775932699000
1775932702.128,202.128,0.99,0.99,0.01,0.01,0.0,0.0,73623.81,1775932700000
1775932703.063,203.063,0.99,0.99,0.01,0.01,0.0,0.0,73630.37,1775932702000
1775932703.68,203.68,0.99,0.99,0.01,0.01,0.0,0.0,73630.37,1775932702000
1775932704.044,204.044,0.99,0.99,0.01,0.01,0.0,0.0,73630.37,1775932702000
1775932704.565,204.565,0.99,0.99,0.01,0.01,0.0,0.0,73632.96,1775932703000
1775932704.907,204.907,0.99,0.99,0.01,0.01,0.0,0.0,73632.96,1775932703000
1775932705.312,205.312,0.99,0.99,0.01,0.01,0.0,0.0,73629.82,1775932704000
1775932706.157,206.157,0.99,0.99,0.01,0.01,0.0,0.0,73629.82,1775932704000
1775932706.859,206.859,0.99,0.99,0.01,0.01,0.0,0.0,73628.95,1775932705000
1775932707.504,207.504,0.99,0.99,0.01,0.01,0.0,0.0,73624.51,1775932706000
1775932708.249,208.249,0.99,0.99,0.01,0.01,0.0,0.0,73624.14,1775932707000
1775932708.591,208.591,0.99,0.99,0.01,0.01,0.0,0.0,73624.14,1775932707000
1775932709.659,209.659,0.99,0.99,0.01,0.01,0.0,0.0,73631.75,1775932708000
1775932709.994,209.994,0.997,0.999,0.001,0.003,0.002,0.002,73631.75,1775932708000
1775932710.343,210.343,0.998,0.999,0.001,0.002,0.001,0.001,73631.75,1775932708000
1775932710.984,210.984,0.999,0.999,0.001,0.001,0.0,0.0,73633.9,1775932709000
1775932711.387,211.387,0.997,0.998,0.002,0.003,0.001,0.001,73635.51,1775932710000
1775932711.766,211.766,0.996,0.998,0.002,0.004,0.002,0.002,73635.51,1775932710000
1775932712.169,212.169,0.997,0.998,0.002,0.004,0.001,0.002,73635.51,1775932710000
1775932712.582,212.582,0.996,0.998,0.002,0.004,0.002,0.002,73635.59,1775932711000
1775932713.058,213.058,0.994,0.998,0.002,0.005,0.004,0.003,73635.59,1775932711000
1775932713.51,213.51,0.994,0.997,0.002,0.006,0.003,0.004,73649.56,1775932712000
1775932713.889,213.889,0.995,0.998,0.003,0.006,0.003,0.003,73649.56,1775932712000
1775932714.254,214.254,0.995,0.998,0.002,0.005,0.003,0.003,73653.8,1775932713000
1775932714.631,214.631,0.995,0.997,0.002,0.005,0.002,0.003,73653.8,1775932713000
1775932715.825,215.825,0.995,0.998,0.002,0.005,0.003,0.003,73640.62,1775932714000
1775932716.328,216.328,0.993,0.998,0.002,0.009,0.005,0.007,73640.62,1775932714000
1775932716.662,216.662,0.991,0.998,0.002,0.009,0.007,0.007,73638.98,1775932715000
1775932717.104,217.104,0.993,0.997,0.003,0.007,0.004,0.004,73637.05,1775932716000
1775932717.509,217.509,0.993,0.998,0.003,0.007,0.005,0.004,73637.05,1775932716000
1775932718.318,218.318,0.994,0.998,0.002,0.007,0.004,0.005,73637.05,1775932716000
1775932719.035,219.035,0.994,0.998,0.002,0.006,0.004,0.004,73637.57,1775932718000
1775932719.444,219.444,0.995,0.997,0.002,0.006,0.002,0.004,73637.57,1775932718000
1775932720.164,220.164,0.996,0.998,0.002,0.005,0.002,0.003,73637.57,1775932718000
1775932720.545,220.545,0.996,0.998,0.002,0.004,0.002,0.002,73642.17,1775932719000
1775932720.964,220.964,0.996,0.998,0.002,0.004,0.002,0.002,73642.17,1775932719000
1775932721.446,221.446,0.995,0.998,0.002,0.004,0.003,0.002,73642.17,1775932719000
1775932721.871,221.871,0.995,0.998,0.002,0.005,0.003,0.003,73636.39,1775932720000
1775932722.356,222.356,0.997,0.998,0.002,0.005,0.001,0.003,73638.0,1775932721000
1775932723.285,223.285,0.995,0.998,0.002,0.005,0.003,0.003,73638.0,1775932721000
1775932723.673,223.673,0.995,0.998,0.002,0.005,0.003,0.003,73641.34,1775932722000
1775932724.339,224.339,0.996,0.998,0.002,0.005,0.002,0.003,73641.34,1775932722000
1775932724.751,224.751,0.995,0.998,0.002,0.004,0.003,0.002,73641.14,1775932723000
1775932725.182,225.182,0.996,0.998,0.002,0.005,0.002,0.003,73641.14,1775932724000
1775932726.234,226.234,0.997,0.999,0.001,0.003,0.002,0.002,73641.79,1775932725000
1775932726.961,226.961,0.998,0.999,0.001,0.004,0.001,0.003,73641.79,1775932725000
1775932727.385,227.385,0.998,0.999,0.001,0.002,0.001,0.001,73654.08,1775932726000
1775932727.993,227.993,0.993,0.995,0.001,0.009,0.002,0.008,73654.08,1775932726000
1775932728.884,228.884,0.996,0.998,0.002,0.005,0.002,0.003,73656.27,1775932727000
1775932730.524,230.524,0.991,0.998,0.002,0.009,0.007,0.007,73648.57,1775932729000
1775932731.031,231.031,0.991,0.998,0.002,0.009,0.007,0.007,73645.7,1775932730000
1775932731.495,231.495,0.991,0.998,0.002,0.009,0.007,0.007,73645.7,1775932730000
1775932731.915,231.915,0.993,0.997,0.003,0.009,0.004,0.006,73645.7,1775932730000
1775932732.666,232.666,0.992,0.996,0.003,0.007,0.004,0.004,73656.27,1775932731000
1775932733.316,233.316,0.991,0.996,0.004,0.009,0.005,0.005,73658.0,1775932732000
1775932733.658,233.658,0.993,0.997,0.002,0.007,0.004,0.005,73658.0,1775932732000
1775932734.066,234.066,0.993,0.997,0.003,0.007,0.004,0.004,73657.42,1775932733000
1775932734.478,234.478,0.991,0.996,0.006,0.009,0.005,0.003,73657.42,1775932733000
1775932735.06,235.06,0.991,0.997,0.004,0.009,0.006,0.005,73657.42,1775932733000
1775932736.232,236.232,0.991,0.997,0.003,0.009,0.006,0.006,73650.12,1775932735000
1775932736.614,236.614,0.993,0.998,0.003,0.009,0.005,0.006,73650.12,1775932735000
1775932737.306,237.306,0.998,0.999,0.001,0.002,0.001,0.001,73651.35,1775932736000
1775932737.823,237.823,0.995,0.998,0.001,0.007,0.003,0.006,73651.35,1775932736000
1775932738.382,238.382,0.992,0.997,0.002,0.008,0.005,0.006,73651.35,1775932736000
1775932738.972,238.972,0.992,0.997,0.003,0.008,0.005,0.005,73663.0,1775932738000
1775932739.434,239.434,0.993,0.997,0.003,0.008,0.004,0.005,73663.0,1775932738000
1775932740.132,240.132,0.993,0.997,0.003,0.007,0.004,0.004,73682.54,1775932739000
1775932740.474,240.474,0.992,0.997,0.003,0.007,0.005,0.004,73682.54,1775932739000
1775932741.046,241.046,0.992,0.996,0.004,0.008,0.004,0.004,73682.54,1775932739000
1775932741.646,241.646,0.991,0.997,0.004,0.009,0.006,0.005,73682.54,1775932740000
1775932742.249,242.249,0.996,0.997,0.003,0.009,0.001,0.006,73682.54,1775932740000
1775932742.89,242.89,0.993,0.997,0.003,0.006,0.004,0.003,73676.51,1775932741000
1775932743.654,243.654,0.993,0.998,0.002,0.007,0.005,0.005,73676.32,1775932742000
1775932744.025,244.025,0.991,0.997,0.003,0.007,0.006,0.004,73676.79,1775932743000
1775932744.432,244.432,0.991,0.994,0.005,0.009,0.003,0.004,73676.79,1775932743000
1775932745.106,245.106,0.993,0.994,0.005,0.009,0.001,0.004,73676.79,1775932743000
1775932745.651,245.651,0.993,0.994,0.006,0.007,0.001,0.001,73663.38,1775932744000
1775932746.061,246.061,0.995,0.996,0.005,0.007,0.001,0.002,73663.38,1775932744000
1775932746.95,246.95,0.995,0.997,0.003,0.004,0.002,0.001,73653.41,1775932745000
1775932747.37,247.37,0.995,0.997,0.003,0.005,0.002,0.002,73641.74,1775932746000
1775932747.92,247.92,0.995,0.997,0.003,0.005,0.002,0.002,73643.57,1775932747000
1775932748.979,248.979,0.995,0.997,0.003,0.005,0.002,0.002,73643.57,1775932747000
1775932749.434,249.434,0.995,0.997,0.002,0.005,0.002,0.003,73647.61,1775932748000
1775932750.161,250.161,0.995,0.997,0.003,0.005,0.002,0.002,73649.65,1775932749000
1775932750.766,250.766,0.993,0.997,0.002,0.007,0.004,0.005,73649.65,1775932749000
1775932751.226,251.226,0.994,0.997,0.003,0.006,0.003,0.003,73636.74,1775932750000
1775932751.638,251.638,0.994,0.998,0.003,0.006,0.004,0.003,73636.74,1775932750000
1775932752.373,252.373,0.994,0.997,0.003,0.006,0.003,0.003,73636.53,1775932751000
1775932752.911,252.911,0.995,0.998,0.003,0.006,0.003,0.003,73636.53,1775932751000
1775932753.387,253.387,0.995,0.998,0.002,0.005,0.003,0.003,73638.29,1775932752000
1775932753.927,253.927,0.995,0.998,0.002,0.005,0.003,0.003,73638.29,1775932753000
1775932754.33,254.33,0.995,0.998,0.002,0.005,0.003,0.003,73638.29,1775932753000
1775932755.028,255.028,0.995,0.998,0.002,0.005,0.003,0.003,73640.46,1775932754000
1775932755.605,255.605,0.994,0.997,0.002,0.005,0.003,0.003,73640.46,1775932754000
1775932756.133,256.133,0.994,0.997,0.003,0.006,0.003,0.003,73637.38,1775932755000
1775932756.596,256.596,0.997,0.998,0.003,0.006,0.001,0.003,73637.38,1775932755000
1775932757.2,257.2,0.997,0.998,0.002,0.003,0.001,0.001,73626.72,1775932756000
1775932757.747,257.747,0.996,0.998,0.002,0.003,0.002,0.001,73626.72,1775932756000
1775932758.239,258.239,0.996,0.998,0.002,0.004,0.002,0.002,73626.72,1775932756000
1775932758.809,258.809,0.993,0.998,0.002,0.004,0.005,0.002,73619.07,1775932757000
1775932759.283,259.283,0.993,0.998,0.002,0.007,0.005,0.005,73623.6,1775932758000
1775932760.235,260.235,0.994,0.998,0.003,0.006,0.004,0.003,73623.6,1775932758000
1775932760.712,260.712,0.993,0.997,0.002,0.007,0.004,0.005,73620.09,1775932759000
1775932761.079,261.079,0.997,0.998,0.003,0.007,0.001,0.004,73621.37,1775932760000
1775932761.65,261.65,0.994,0.998,0.003,0.007,0.004,0.004,73621.37,1775932760000
1775932762.039,262.039,0.994,0.998,0.002,0.006,0.004,0.004,73621.37,1775932760000
1775932762.558,262.558,0.993,0.997,0.002,0.006,0.004,0.004,73623.12,1775932761000
1775932763.026,263.026,0.993,0.998,0.003,0.007,0.005,0.004,73623.12,1775932761000
1775932763.634,263.634,0.995,0.998,0.002,0.005,0.003,0.003,73625.14,1775932762000
1775932764.239,264.239,0.995,0.998,0.002,0.005,0.003,0.003,73615.44,1775932763000
1775932765.342,265.342,0.999,0.998,0.002,0.001,-0.001,-0.001,73611,1775932764000
1775932766.357,266.357,0.999,0.998,0.002,0.001,-0.001,-0.001,73611.16,1775932765000
1775932766.883,266.883,0.999,0.998,0.002,0.001,-0.001,-0.001,73613.62,1775932766000
1775932767.983,267.983,0.999,0.998,0.002,0.001,-0.001,-0.001,73615.45,1775932767000
1775932769.322,269.322,0.999,0.998,0.002,0.001,-0.001,-0.001,73620.72,1775932768000
1775932769.714,269.714,0.999,0.998,0.002,0.001,-0.001,-0.001,73620.72,1775932768000
1775932770.192,270.192,0.999,0.998,0.002,0.001,-0.001,-0.001,73621.58,1775932769000
1775932770.567,270.567,0.999,0.998,0.002,0.001,-0.001,-0.001,73621.58,1775932769000
1775932771.195,271.195,0.999,0.998,0.002,0.001,-0.001,-0.001,73621.58,1775932769000
1775932772.477,272.477,0.999,0.998,0.002,0.001,-0.001,-0.001,73607.12,1775932771000
1775932773.076,273.076,0.999,0.998,0.002,0.001,-0.001,-0.001,73607.12,1775932771000
1775932773.523,273.523,0.999,0.998,0.002,0.001,-0.001,-0.001,73607.12,1775932771000
1775932774.258,274.258,0.999,0.998,0.002,0.001,-0.001,-0.001,73603.76,1775932773000
1775932774.917,274.917,0.999,0.998,0.002,0.001,-0.001,-0.001,73603.76,1775932773000
1775932775.286,275.286,0.999,0.998,0.002,0.001,-0.001,-0.001,73603.76,1775932773000
1775932775.816,275.816,0.999,0.998,0.002,0.001,-0.001,-0.001,73603.76,1775932773000
1775932776.158,276.158,0.998,0.999,0.001,0.002,0.001,0.001,73606.47,1775932774000
1775932776.523,276.523,0.998,0.999,0.001,0.002,0.001,0.001,73606.47,1775932774000
1775932776.91,276.91,0.998,0.999,0.001,0.002,0.001,0.001,73605.25,1775932775000
1775932777.693,277.693,0.999,0.999,0.001,0.001,0.0,0.0,73605.53,1775932776000
1775932778.494,278.494,0.999,0.999,0.001,0.001,0.0,0.0,73614.11,1775932777000
1775932779.139,279.139,0.999,0.999,0.001,0.001,0.0,0.0,73614.14,1775932778000
1775932780.535,280.535,0.997,0.999,0.001,0.001,0.002,0.0,73614.14,1775932778000
1775932780.935,280.935,0.997,0.998,0.001,0.003,0.001,0.002,73612.81,1775932779000
1775932782.658,282.658,0.999,0.998,0.002,0.001,-0.001,-0.001,73612.42,1775932781000
1775932783.288,283.288,0.999,0.998,0.002,0.001,-0.001,-0.001,73612.54,1775932782000
1775932783.866,283.866,0.999,0.998,0.002,0.001,-0.001,-0.001,73612.54,1775932782000
1775932784.573,284.573,0.996,0.998,0.002,0.001,0.002,-0.001,73616.09,1775932783000
1775932785.057,285.057,0.995,0.998,0.002,0.004,0.003,0.002,73616.09,1775932783000
1775932785.416,285.416,0.995,0.998,0.002,0.005,0.003,0.003,73624.73,1775932784000
1775932785.777,285.777,0.995,0.999,0.002,0.005,0.004,0.003,73624.73,1775932784000
1775932786.169,286.169,0.995,0.999,0.001,0.005,0.004,0.004,73632.46,1775932785000
1775932786.942,286.942,0.993,0.999,0.001,0.005,0.006,0.004,73632.46,1775932785000
1775932787.591,287.591,0.993,0.999,0.001,0.007,0.006,0.006,73626.41,1775932786000
1775932788.308,288.308,0.993,0.999,0.001,0.007,0.006,0.006,73621.76,1775932787000
1775932789.094,289.094,0.993,0.999,0.001,0.007,0.006,0.006,73620.47,1775932788000
1775932789.958,289.958,0.993,0.999,0.001,0.007,0.006,0.006,73620.47,1775932788000
1775932790.294,290.294,0.999,0.999,0.001,0.007,0.0,0.006,73620.47,1775932788000
1775932790.803,290.803,0.999,0.999,0.001,0.001,0.0,0.0,73618.78,1775932789000
1775932791.18,291.18,0.999,0.999,0.001,0.001,0.0,0.0,73614.0,1775932790000
1775932791.672,291.672,0.999,0.999,0.001,0.001,0.0,0.0,73614.0,1775932790000
1775932792.148,292.148,0.999,0.999,0.001,0.001,0.0,0.0,73614.0,1775932790000
1775932792.849,292.849,0.993,0.999,0.001,0.001,0.006,0.0,73612.83,1775932791000
1775932793.273,293.273,0.993,0.999,0.001,0.007,0.006,0.006,73612.93,1775932792000
1775932794.23,294.23,0.993,0.999,0.001,0.007,0.006,0.006,73619.05,1775932793000
1775932795.17,295.17,0.993,0.999,0.001,0.007,0.006,0.006,73616.25,1775932794000
1775932796.2,296.2,0.993,0.999,0.001,0.007,0.006,0.006,73616.42,1775932795000
1775932797.163,297.163,0.993,0.999,0.001,0.007,0.006,0.006,73614.78,1775932796000
1775932798.233,298.233,0.993,0.999,0.001,0.007,0.006,0.006,73615.69,1775932797000
1775932798.681,298.681,0.999,0.999,0.001,0.007,0.0,0.006,73615.69,1775932797000
1775932799.132,299.132,0.999,0.999,0.001,0.001,0.0,0.0,73615.99,1775932798000
1775932800.203,300.203,0.999,0.999,0.001,0.001,0.0,0.0,73612.46,1775932799000
1775932800.934,300.934,0.999,0.999,0.001,0.001,0.0,0.0,73612.46,1775932799000
1775932802.074,302.074,0.999,0.999,0.001,0.001,0.0,0.0,73613.45,1775932801000

# RESULT,winner=Up,slug=btc-updown-5m-1775932500,ticks=635
