timestamp,elapsed_sec,up_bid,up_ask,down_bid,down_ask,up_spread,down_spread,btc_price,btc_oracle_ts
1776871200.571,0.571,0.47,0.52,0.47,0.51,0.05,0.04,79014.21,1776871198000
1776871200.975,0.975,0.5,0.51,0.49,0.54,0.01,0.05,79014.21,1776871198000
1776871201.32,1.32,0.46,0.48,0.52,0.54,0.02,0.02,79007.72,1776871199000
1776871201.886,1.886,0.46,0.48,0.5,0.54,0.02,0.04,79006.41,1776871200000
1776871202.237,2.237,0.47,0.48,0.5,0.54,0.01,0.04,79006.41,1776871200000
1776871202.645,2.645,0.48,0.49,0.5,0.53,0.01,0.03,79006.41,1776871200000
1776871203.041,3.041,0.47,0.49,0.51,0.53,0.02,0.02,79006.25,1776871201000
1776871203.83,3.83,0.47,0.49,0.51,0.53,0.02,0.02,78999.38,1776871202000
1776871204.212,4.212,0.47,0.49,0.51,0.53,0.02,0.02,78999.38,1776871202000
1776871204.616,4.616,0.47,0.49,0.51,0.53,0.02,0.02,79002.14,1776871203000
1776871205.003,5.003,0.48,0.49,0.51,0.52,0.01,0.01,79002.14,1776871203000
1776871205.349,5.349,0.48,0.5,0.5,0.52,0.02,0.02,79002.14,1776871203000
1776871205.724,5.724,0.48,0.49,0.5,0.52,0.01,0.02,79003.78,1776871204000
1776871206.117,6.117,0.48,0.49,0.51,0.52,0.01,0.01,79004.84,1776871205000
1776871206.626,6.626,0.48,0.49,0.51,0.52,0.01,0.01,79004.84,1776871205000
1776871206.963,6.963,0.46,0.47,0.51,0.53,0.01,0.02,79004.84,1776871205000
1776871207.344,7.344,0.45,0.47,0.54,0.55,0.02,0.01,79003.04,1776871206000
1776871207.724,7.724,0.45,0.46,0.54,0.55,0.01,0.01,79003.04,1776871206000
1776871208.104,8.104,0.4,0.41,0.59,0.6,0.01,0.01,79000.51,1776871207000
1776871208.476,8.476,0.4,0.41,0.59,0.6,0.01,0.01,79000.51,1776871207000
1776871208.842,8.842,0.4,0.42,0.59,0.6,0.02,0.01,79000.51,1776871207000
1776871209.211,9.211,0.4,0.41,0.59,0.6,0.01,0.01,78998.59,1776871208000
1776871209.687,9.687,0.4,0.41,0.59,0.6,0.01,0.01,78998.59,1776871208000
1776871210.024,10.024,0.41,0.42,0.58,0.59,0.01,0.01,78998.59,1776871208000
1776871210.989,10.989,0.41,0.42,0.56,0.59,0.01,0.03,78990.08,1776871209000
1776871211.367,11.367,0.41,0.42,0.58,0.59,0.01,0.01,78982.57,1776871210000
1776871211.798,11.798,0.41,0.43,0.57,0.59,0.02,0.02,78982.57,1776871210000
1776871212.277,12.277,0.42,0.43,0.57,0.59,0.01,0.02,78982.57,1776871210000
1776871212.838,12.838,0.42,0.43,0.57,0.58,0.01,0.01,78985.54,1776871211000
1776871213.173,13.173,0.42,0.43,0.57,0.58,0.01,0.01,78985.54,1776871211000
1776871213.626,13.626,0.42,0.43,0.57,0.58,0.01,0.01,78985.54,1776871211000
1776871214.043,14.043,0.42,0.44,0.56,0.58,0.02,0.02,78986.26,1776871213000
1776871214.377,14.377,0.42,0.43,0.57,0.58,0.01,0.01,78986.26,1776871213000
1776871214.926,14.926,0.4,0.41,0.58,0.6,0.01,0.02,78986.26,1776871213000
1776871215.363,15.363,0.41,0.42,0.59,0.6,0.01,0.01,78986.51,1776871214000
1776871215.72,15.72,0.42,0.43,0.57,0.58,0.01,0.01,78986.51,1776871214000
1776871216.513,16.513,0.43,0.44,0.56,0.58,0.01,0.02,78984.32,1776871215000
1776871216.88,16.88,0.4,0.42,0.58,0.6,0.02,0.02,78984.32,1776871215000
1776871217.338,17.338,0.4,0.41,0.59,0.6,0.01,0.01,78978.96,1776871216000
1776871217.705,17.705,0.4,0.41,0.59,0.6,0.01,0.01,78978.96,1776871216000
1776871218.137,18.137,0.4,0.41,0.59,0.6,0.01,0.01,78978.96,1776871216000
1776871218.537,18.537,0.4,0.41,0.59,0.6,0.01,0.01,78981.39,1776871217000
1776871218.918,18.918,0.4,0.41,0.59,0.6,0.01,0.01,78981.39,1776871217000
1776871219.296,19.296,0.4,0.41,0.59,0.6,0.01,0.01,78975.49,1776871218000
1776871219.67,19.67,0.4,0.41,0.59,0.6,0.01,0.01,78975.49,1776871218000
1776871220.53,20.53,0.4,0.41,0.59,0.6,0.01,0.01,78974.09,1776871219000
1776871220.878,20.878,0.4,0.41,0.59,0.6,0.01,0.01,78974.09,1776871219000
1776871221.979,21.979,0.4,0.41,0.59,0.6,0.01,0.01,78974.16,1776871220000
1776871222.551,22.551,0.4,0.41,0.59,0.6,0.01,0.01,78974.69,1776871221000
1776871222.937,22.937,0.4,0.41,0.59,0.61,0.01,0.02,78974.69,1776871221000
1776871223.388,23.388,0.4,0.41,0.59,0.6,0.01,0.01,78974.69,1776871222000
1776871223.78,23.78,0.4,0.41,0.59,0.6,0.01,0.01,78974.69,1776871222000
1776871224.253,24.253,0.4,0.41,0.59,0.6,0.01,0.01,78974.43,1776871223000
1776871224.619,24.619,0.4,0.41,0.59,0.6,0.01,0.01,78974.43,1776871223000
1776871225.359,25.359,0.4,0.42,0.58,0.6,0.02,0.02,78974.0,1776871224000
1776871225.773,25.773,0.42,0.43,0.57,0.59,0.01,0.02,78974.0,1776871224000
1776871226.199,26.199,0.43,0.44,0.56,0.58,0.01,0.02,78974.0,1776871224000
1776871226.543,26.543,0.48,0.49,0.51,0.57,0.01,0.06,78975.12,1776871225000
1776871226.968,26.968,0.45,0.46,0.54,0.56,0.01,0.02,78975.12,1776871225000
1776871227.435,27.435,0.46,0.49,0.52,0.55,0.03,0.03,78984.86,1776871226000
1776871227.8,27.8,0.48,0.49,0.51,0.52,0.01,0.01,78984.86,1776871226000
1776871228.145,28.145,0.48,0.49,0.51,0.52,0.01,0.01,78987.35,1776871227000
1776871228.672,28.672,0.48,0.49,0.51,0.52,0.01,0.01,78987.35,1776871227000
1776871230.051,30.051,0.48,0.49,0.51,0.52,0.01,0.01,78996.03,1776871228000
1776871231.005,31.005,0.48,0.49,0.51,0.52,0.01,0.01,78998.52,1776871230000
1776871231.35,31.35,0.48,0.49,0.51,0.52,0.01,0.01,78998.52,1776871230000
1776871231.983,31.983,0.48,0.49,0.51,0.52,0.01,0.01,79001.46,1776871231000
1776871232.562,32.562,0.48,0.5,0.5,0.52,0.02,0.02,79001.46,1776871231000
1776871232.921,32.921,0.48,0.5,0.5,0.52,0.02,0.02,79001.46,1776871231000
1776871233.33,33.33,0.48,0.49,0.51,0.52,0.01,0.01,79001.46,1776871231000
1776871233.674,33.674,0.48,0.49,0.51,0.52,0.01,0.01,78988.11,1776871232000
1776871234.024,34.024,0.46,0.49,0.51,0.53,0.03,0.02,78988.11,1776871232000
1776871234.385,34.385,0.45,0.49,0.52,0.55,0.04,0.03,78989.4,1776871233000
1776871234.881,34.881,0.45,0.46,0.54,0.55,0.01,0.01,78989.4,1776871233000
1776871235.227,35.227,0.45,0.49,0.51,0.55,0.04,0.04,78991.26,1776871234000
1776871235.699,35.699,0.45,0.46,0.54,0.55,0.01,0.01,78991.26,1776871234000
1776871236.066,36.066,0.45,0.46,0.54,0.55,0.01,0.01,78994.81,1776871235000
1776871236.497,36.497,0.45,0.46,0.54,0.55,0.01,0.01,78994.81,1776871235000
1776871236.831,36.831,0.45,0.46,0.54,0.55,0.01,0.01,78994.81,1776871235000
1776871237.231,37.231,0.45,0.46,0.54,0.55,0.01,0.01,78994.3,1776871236000
1776871237.578,37.578,0.49,0.5,0.5,0.51,0.01,0.01,78994.3,1776871236000
1776871237.956,37.956,0.49,0.5,0.5,0.51,0.01,0.01,78994.3,1776871236000
1776871238.536,38.536,0.49,0.5,0.5,0.51,0.01,0.01,78994.05,1776871237000
1776871238.934,38.934,0.52,0.54,0.46,0.48,0.02,0.02,78994.05,1776871237000
1776871239.292,39.292,0.52,0.53,0.47,0.48,0.01,0.01,78997.32,1776871238000
1776871239.976,39.976,0.52,0.53,0.47,0.48,0.01,0.01,78997.32,1776871238000
1776871240.334,40.334,0.52,0.53,0.47,0.48,0.01,0.01,79003.88,1776871239000
1776871240.803,40.803,0.52,0.53,0.47,0.48,0.01,0.01,79003.88,1776871239000
1776871241.171,41.171,0.52,0.53,0.47,0.48,0.01,0.01,79007.6,1776871240000
1776871241.509,41.509,0.52,0.53,0.47,0.48,0.01,0.01,79007.6,1776871240000
1776871241.912,41.912,0.52,0.53,0.47,0.48,0.01,0.01,79007.6,1776871240000
1776871242.258,42.258,0.52,0.53,0.47,0.48,0.01,0.01,79007.6,1776871240000
1776871242.637,42.637,0.53,0.54,0.46,0.47,0.01,0.01,79007.93,1776871241000
1776871242.984,42.984,0.53,0.54,0.46,0.47,0.01,0.01,79007.93,1776871241000
1776871243.54,43.54,0.53,0.54,0.46,0.47,0.01,0.01,79007.81,1776871242000
1776871243.877,43.877,0.53,0.54,0.46,0.47,0.01,0.01,79007.81,1776871242000
1776871244.45,44.45,0.53,0.54,0.46,0.47,0.01,0.01,79008.5,1776871243000
1776871244.788,44.788,0.53,0.54,0.46,0.47,0.01,0.01,79008.5,1776871243000
1776871245.428,45.428,0.53,0.54,0.46,0.47,0.01,0.01,79009.41,1776871244000
1776871245.775,45.775,0.53,0.54,0.46,0.47,0.01,0.01,79009.41,1776871244000
1776871246.109,46.109,0.52,0.53,0.47,0.48,0.01,0.01,79009.41,1776871244000
1776871246.464,46.464,0.52,0.53,0.47,0.48,0.01,0.01,79008.84,1776871245000
1776871247.145,47.145,0.52,0.53,0.47,0.48,0.01,0.01,79008.84,1776871245000
1776871247.517,47.517,0.5,0.51,0.49,0.5,0.01,0.01,79008.88,1776871246000
1776871247.89,47.89,0.5,0.51,0.49,0.5,0.01,0.01,79008.88,1776871247000
1776871248.259,48.259,0.5,0.51,0.49,0.5,0.01,0.01,79008.88,1776871247000
1776871248.825,48.825,0.51,0.52,0.48,0.5,0.01,0.02,79008.88,1776871247000
1776871249.204,49.204,0.53,0.54,0.46,0.47,0.01,0.01,79008.28,1776871248000
1776871249.542,49.542,0.53,0.54,0.46,0.47,0.01,0.01,79008.28,1776871248000
1776871249.885,49.885,0.53,0.54,0.46,0.47,0.01,0.01,79008.28,1776871248000
1776871250.252,50.252,0.53,0.54,0.46,0.47,0.01,0.01,79008.28,1776871248000
1776871250.66,50.66,0.53,0.54,0.46,0.47,0.01,0.01,79007.39,1776871249000
1776871250.997,50.997,0.55,0.56,0.46,0.47,0.01,0.01,79007.39,1776871249000
1776871251.343,51.343,0.55,0.56,0.44,0.45,0.01,0.01,79007.39,1776871249000
1776871251.754,51.754,0.55,0.56,0.44,0.45,0.01,0.01,79009.72,1776871250000
1776871252.102,52.102,0.55,0.56,0.44,0.45,0.01,0.01,79009.72,1776871250000
1776871252.467,52.467,0.56,0.57,0.43,0.44,0.01,0.01,79013.0,1776871251000
1776871252.835,52.835,0.56,0.57,0.43,0.44,0.01,0.01,79013.0,1776871251000
1776871253.388,53.388,0.56,0.57,0.43,0.44,0.01,0.01,79016.29,1776871252000
1776871253.961,53.961,0.56,0.57,0.43,0.44,0.01,0.01,79016.29,1776871252000
1776871254.457,54.457,0.56,0.57,0.43,0.44,0.01,0.01,79019.48,1776871253000
1776871254.891,54.891,0.56,0.57,0.43,0.44,0.01,0.01,79019.48,1776871253000
1776871255.405,55.405,0.56,0.57,0.43,0.44,0.01,0.01,79019.96,1776871254000
1776871256.172,56.172,0.56,0.57,0.43,0.44,0.01,0.01,79019.38,1776871255000
1776871257.213,57.213,0.56,0.57,0.43,0.44,0.01,0.01,79019.37,1776871256000
1776871257.72,57.72,0.55,0.57,0.43,0.44,0.02,0.01,79019.37,1776871256000
1776871258.126,58.126,0.54,0.56,0.44,0.45,0.02,0.01,79019.37,1776871256000
1776871258.46,58.46,0.54,0.57,0.43,0.46,0.03,0.03,79015.97,1776871257000
1776871258.803,58.803,0.52,0.55,0.45,0.48,0.03,0.03,79015.97,1776871257000
1776871259.249,59.249,0.52,0.53,0.47,0.48,0.01,0.01,79015.97,1776871257000
1776871259.857,59.857,0.54,0.55,0.45,0.46,0.01,0.01,79016.01,1776871258000
1776871260.214,60.214,0.54,0.55,0.45,0.46,0.01,0.01,79016.01,1776871258000
1776871260.661,60.661,0.54,0.55,0.45,0.46,0.01,0.01,79016.01,1776871258000
1776871261.039,61.039,0.54,0.55,0.45,0.46,0.01,0.01,79016.73,1776871259000
1776871261.39,61.39,0.44,0.47,0.53,0.54,0.03,0.01,79016.19,1776871260000
1776871261.767,61.767,0.44,0.48,0.52,0.56,0.04,0.04,79016.19,1776871260000
1776871262.11,62.11,0.45,0.47,0.53,0.55,0.02,0.02,79016.19,1776871260000
1776871262.457,62.457,0.45,0.46,0.54,0.55,0.01,0.01,79010.46,1776871261000
1776871262.796,62.796,0.45,0.46,0.54,0.55,0.01,0.01,79010.46,1776871261000
1776871263.136,63.136,0.45,0.46,0.54,0.55,0.01,0.01,79010.46,1776871261000
1776871263.485,63.485,0.45,0.46,0.54,0.55,0.01,0.01,79010.46,1776871261000
1776871263.866,63.866,0.45,0.46,0.54,0.55,0.01,0.01,78994.52,1776871262000
1776871264.215,64.215,0.43,0.45,0.54,0.57,0.02,0.03,78994.06,1776871263000
1776871264.618,64.618,0.44,0.45,0.55,0.56,0.01,0.01,78994.06,1776871263000
1776871265.015,65.015,0.44,0.45,0.55,0.56,0.01,0.01,78994.06,1776871263000
1776871265.701,65.701,0.44,0.45,0.55,0.56,0.01,0.01,78994.06,1776871263000
1776871266.314,66.314,0.44,0.46,0.54,0.56,0.02,0.02,78992.38,1776871265000
1776871267.065,67.065,0.44,0.46,0.54,0.55,0.02,0.01,78992.38,1776871265000
1776871267.561,67.561,0.44,0.46,0.54,0.56,0.02,0.02,78991.41,1776871266000
1776871267.933,67.933,0.44,0.46,0.54,0.56,0.02,0.02,78991.41,1776871266000
1776871268.275,68.275,0.45,0.47,0.53,0.55,0.02,0.02,78992.93,1776871267000
1776871268.632,68.632,0.45,0.47,0.54,0.55,0.02,0.01,78992.93,1776871267000
1776871269.013,69.013,0.44,0.46,0.54,0.56,0.02,0.02,78992.93,1776871267000
1776871269.599,69.599,0.45,0.46,0.54,0.55,0.01,0.01,78994.62,1776871268000
1776871270.157,70.157,0.45,0.46,0.54,0.55,0.01,0.01,78994.62,1776871268000
1776871270.952,70.952,0.45,0.46,0.54,0.55,0.01,0.01,78992.08,1776871269000
1776871271.312,71.312,0.45,0.46,0.54,0.55,0.01,0.01,78991.06,1776871270000
1776871271.733,71.733,0.45,0.46,0.54,0.55,0.01,0.01,78991.06,1776871270000
1776871272.2,72.2,0.44,0.45,0.55,0.56,0.01,0.01,78991.06,1776871270000
1776871272.545,72.545,0.44,0.45,0.55,0.56,0.01,0.01,78991.28,1776871271000
1776871273.152,73.152,0.44,0.45,0.55,0.56,0.01,0.01,78991.28,1776871271000
1776871273.531,73.531,0.44,0.45,0.55,0.56,0.01,0.01,78991.73,1776871272000
1776871274.012,74.012,0.44,0.45,0.55,0.56,0.01,0.01,78991.73,1776871273000
1776871274.455,74.455,0.44,0.46,0.55,0.56,0.02,0.01,78991.73,1776871273000
1776871275.202,75.202,0.47,0.5,0.5,0.53,0.03,0.03,78993.96,1776871274000
1776871275.688,75.688,0.47,0.5,0.5,0.53,0.03,0.03,78993.96,1776871274000
1776871276.432,76.432,0.47,0.49,0.51,0.53,0.02,0.02,79001.15,1776871275000
1776871277.081,77.081,0.47,0.49,0.51,0.53,0.02,0.02,79001.15,1776871275000
1776871277.461,77.461,0.48,0.51,0.49,0.52,0.03,0.03,79001.15,1776871275000
1776871277.892,77.892,0.48,0.5,0.49,0.52,0.02,0.03,78998.59,1776871276000
1776871278.283,78.283,0.47,0.51,0.49,0.53,0.04,0.04,78998.59,1776871276000
1776871278.619,78.619,0.47,0.48,0.52,0.53,0.01,0.01,78998.59,1776871276000
1776871279.063,79.063,0.47,0.48,0.52,0.53,0.01,0.01,78992.43,1776871277000
1776871279.474,79.474,0.47,0.48,0.52,0.53,0.01,0.01,78992.43,1776871277000
1776871279.971,79.971,0.47,0.48,0.52,0.53,0.01,0.01,78992.64,1776871278000
1776871280.31,80.31,0.47,0.48,0.52,0.53,0.01,0.01,78992.64,1776871278000
1776871280.69,80.69,0.47,0.48,0.52,0.56,0.01,0.04,78990.07,1776871279000
1776871281.064,81.064,0.46,0.47,0.53,0.54,0.01,0.01,78990.07,1776871279000
1776871281.475,81.475,0.42,0.46,0.54,0.58,0.04,0.04,78990.72,1776871280000
1776871281.821,81.821,0.41,0.44,0.56,0.6,0.03,0.04,78990.72,1776871280000
1776871282.218,82.218,0.43,0.44,0.56,0.58,0.01,0.02,78990.72,1776871280000
1776871282.571,82.571,0.43,0.44,0.56,0.57,0.01,0.01,78991.46,1776871281000
1776871282.912,82.912,0.43,0.44,0.56,0.57,0.01,0.01,78987.33,1776871282000
1776871283.296,83.296,0.43,0.44,0.56,0.57,0.01,0.01,78987.33,1776871282000
1776871283.678,83.678,0.44,0.45,0.55,0.57,0.01,0.02,78987.33,1776871282000
1776871284.276,84.276,0.44,0.45,0.55,0.56,0.01,0.01,78983.09,1776871283000
1776871285.264,85.264,0.44,0.45,0.55,0.56,0.01,0.01,78983.09,1776871283000
1776871286.182,86.182,0.44,0.45,0.55,0.56,0.01,0.01,78989.3,1776871284000
1776871286.698,86.698,0.44,0.45,0.55,0.56,0.01,0.01,78989.3,1776871284000
1776871287.078,87.078,0.44,0.45,0.55,0.56,0.01,0.01,78991.17,1776871285000
1776871287.429,87.429,0.44,0.45,0.55,0.56,0.01,0.01,78991.17,1776871285000
1776871287.819,87.819,0.44,0.45,0.55,0.56,0.01,0.01,78992.79,1776871286000
1776871288.163,88.163,0.44,0.45,0.55,0.56,0.01,0.01,78992.79,1776871286000
1776871288.498,88.498,0.44,0.45,0.55,0.56,0.01,0.01,78992.79,1776871286000
1776871289.171,89.171,0.44,0.45,0.55,0.56,0.01,0.01,79047.96,1776871288000
1776871289.597,89.597,0.44,0.45,0.55,0.56,0.01,0.01,79047.96,1776871288000
1776871289.941,89.941,0.44,0.45,0.55,0.56,0.01,0.01,79047.96,1776871288000
1776871290.305,90.305,0.44,0.47,0.53,0.56,0.03,0.03,79047.96,1776871288000
1776871290.787,90.787,0.44,0.52,0.48,0.56,0.08,0.08,79043.44,1776871289000
1776871291.14,91.14,0.57,0.6,0.4,0.43,0.03,0.03,79043.89,1776871290000
1776871291.542,91.542,0.6,0.65,0.35,0.4,0.05,0.05,79043.89,1776871290000
1776871291.875,91.875,0.59,0.65,0.35,0.41,0.06,0.06,79043.89,1776871290000
1776871292.217,92.217,0.64,0.65,0.35,0.36,0.01,0.01,79043.89,1776871290000
1776871292.559,92.559,0.66,0.67,0.33,0.34,0.01,0.01,79044.8,1776871291000
1776871292.935,92.935,0.67,0.69,0.31,0.34,0.02,0.03,79044.8,1776871291000
1776871293.313,93.313,0.67,0.72,0.3,0.33,0.05,0.03,79053.71,1776871292000
1776871293.753,93.753,0.67,0.69,0.3,0.32,0.02,0.02,79053.71,1776871292000
1776871294.418,94.418,0.67,0.69,0.31,0.33,0.02,0.02,79070.6,1776871293000
1776871294.79,94.79,0.68,0.69,0.3,0.32,0.01,0.02,79070.6,1776871293000
1776871295.249,95.249,0.69,0.71,0.29,0.31,0.02,0.02,79070.6,1776871293000
1776871295.8,95.8,0.69,0.71,0.3,0.31,0.02,0.01,79070.65,1776871294000
1776871296.224,96.224,0.69,0.71,0.29,0.31,0.02,0.02,79070.61,1776871295000
1776871296.884,96.884,0.7,0.72,0.28,0.3,0.02,0.02,79070.61,1776871295000
1776871297.248,97.248,0.71,0.72,0.28,0.31,0.01,0.03,79070.61,1776871295000
1776871297.606,97.606,0.71,0.72,0.28,0.29,0.01,0.01,79071.14,1776871296000
1776871297.963,97.963,0.71,0.72,0.28,0.29,0.01,0.01,79071.14,1776871296000
1776871298.321,98.321,0.71,0.72,0.28,0.29,0.01,0.01,79070.7,1776871297000
1776871298.674,98.674,0.71,0.72,0.28,0.29,0.01,0.01,79070.7,1776871297000
1776871299.043,99.043,0.71,0.72,0.28,0.29,0.01,0.01,79070.37,1776871298000
1776871299.481,99.481,0.71,0.72,0.28,0.29,0.01,0.01,79070.37,1776871298000
1776871299.925,99.925,0.71,0.72,0.27,0.29,0.01,0.02,79070.37,1776871298000
1776871300.352,100.352,0.72,0.73,0.27,0.29,0.01,0.02,79069.49,1776871299000
1776871300.706,100.706,0.72,0.73,0.27,0.28,0.01,0.01,79069.49,1776871299000
1776871301.055,101.055,0.72,0.73,0.27,0.28,0.01,0.01,79069.49,1776871299000
1776871301.47,101.47,0.72,0.73,0.27,0.28,0.01,0.01,79069.18,1776871300000
1776871301.807,101.807,0.72,0.73,0.27,0.28,0.01,0.01,79069.18,1776871300000
1776871302.162,102.162,0.72,0.73,0.27,0.28,0.01,0.01,79069.18,1776871300000
1776871302.518,102.518,0.72,0.73,0.27,0.28,0.01,0.01,79069.2,1776871301000
1776871302.866,102.866,0.72,0.73,0.26,0.28,0.01,0.02,79069.2,1776871301000
1776871303.199,103.199,0.72,0.73,0.27,0.28,0.01,0.01,79069.2,1776871301000
1776871303.539,103.539,0.72,0.73,0.27,0.28,0.01,0.01,79069.2,1776871301000
1776871303.889,103.889,0.72,0.73,0.26,0.28,0.01,0.02,79069.2,1776871301000
1776871304.344,104.344,0.72,0.74,0.26,0.27,0.02,0.01,79069.2,1776871301000
1776871304.747,104.747,0.73,0.74,0.26,0.27,0.01,0.01,79069.04,1776871302000
1776871305.164,105.164,0.72,0.73,0.27,0.28,0.01,0.01,79069.04,1776871302000
1776871305.702,105.702,0.72,0.73,0.27,0.28,0.01,0.01,79068.56,1776871304000
1776871306.086,106.086,0.72,0.73,0.27,0.28,0.01,0.01,79068.56,1776871304000
1776871306.433,106.433,0.73,0.74,0.26,0.27,0.01,0.01,79068.56,1776871304000
1776871306.882,106.882,0.73,0.74,0.26,0.27,0.01,0.01,79067.06,1776871305000
1776871307.225,107.225,0.73,0.74,0.26,0.27,0.01,0.01,79067.06,1776871305000
1776871307.591,107.591,0.73,0.74,0.26,0.27,0.01,0.01,79067.19,1776871306000
1776871308.11,108.11,0.73,0.74,0.26,0.27,0.01,0.01,79067.19,1776871306000
1776871308.519,108.519,0.73,0.74,0.26,0.27,0.01,0.01,79067.35,1776871307000
1776871309.013,109.013,0.73,0.74,0.26,0.27,0.01,0.01,79067.35,1776871307000
1776871309.6,109.6,0.73,0.74,0.26,0.27,0.01,0.01,79067.35,1776871308000
1776871309.937,109.937,0.73,0.74,0.26,0.27,0.01,0.01,79067.35,1776871308000
1776871310.431,110.431,0.73,0.74,0.26,0.27,0.01,0.01,79067.35,1776871308000
1776871310.766,110.766,0.73,0.74,0.26,0.27,0.01,0.01,79067.36,1776871309000
1776871311.145,111.145,0.74,0.75,0.25,0.26,0.01,0.01,79067.36,1776871309000
1776871311.75,111.75,0.74,0.75,0.25,0.26,0.01,0.01,79067.36,1776871309000
1776871312.188,112.188,0.74,0.75,0.25,0.26,0.01,0.01,79067.16,1776871310000
1776871312.735,112.735,0.74,0.75,0.25,0.26,0.01,0.01,79067.16,1776871310000
1776871313.073,113.073,0.74,0.75,0.25,0.26,0.01,0.01,79067.16,1776871310000
1776871313.564,113.564,0.74,0.75,0.25,0.26,0.01,0.01,79067.5,1776871311000
1776871313.922,113.922,0.73,0.75,0.25,0.27,0.02,0.02,79067.36,1776871312000
1776871314.601,114.601,0.73,0.74,0.26,0.27,0.01,0.01,79067.36,1776871312000
1776871314.989,114.989,0.73,0.74,0.26,0.27,0.01,0.01,79066.65,1776871313000
1776871315.463,115.463,0.73,0.74,0.26,0.27,0.01,0.01,79066.65,1776871313000
1776871315.852,115.852,0.73,0.74,0.26,0.27,0.01,0.01,79066.64,1776871314000
1776871316.211,116.211,0.73,0.74,0.26,0.27,0.01,0.01,79066.25,1776871315000
1776871316.546,116.546,0.73,0.74,0.26,0.27,0.01,0.01,79066.25,1776871315000
1776871317.096,117.096,0.73,0.74,0.26,0.27,0.01,0.01,79066.25,1776871315000
1776871317.465,117.465,0.73,0.74,0.26,0.27,0.01,0.01,79066.25,1776871315000
1776871317.822,117.822,0.73,0.74,0.26,0.27,0.01,0.01,79066.36,1776871316000
1776871318.232,118.232,0.73,0.74,0.26,0.27,0.01,0.01,79066.36,1776871316000
1776871318.902,118.902,0.73,0.74,0.26,0.27,0.01,0.01,79066.73,1776871317000
1776871319.24,119.24,0.73,0.74,0.26,0.27,0.01,0.01,79066.73,1776871317000
1776871319.58,119.58,0.72,0.73,0.27,0.28,0.01,0.01,79066.25,1776871318000
1776871319.953,119.953,0.72,0.73,0.27,0.28,0.01,0.01,79066.25,1776871318000
1776871320.569,120.569,0.72,0.73,0.27,0.28,0.01,0.01,79066.25,1776871318000
1776871320.984,120.984,0.72,0.73,0.27,0.28,0.01,0.01,79065.65,1776871319000
1776871321.359,121.359,0.72,0.73,0.27,0.28,0.01,0.01,79065.65,1776871319000
1776871321.735,121.735,0.72,0.73,0.27,0.28,0.01,0.01,79061.2,1776871320000
1776871322.385,122.385,0.72,0.73,0.27,0.28,0.01,0.01,79061.2,1776871320000
1776871322.875,122.875,0.72,0.73,0.27,0.28,0.01,0.01,79061.34,1776871321000
1776871323.982,123.982,0.72,0.73,0.27,0.28,0.01,0.01,79061.94,1776871322000
1776871324.348,124.348,0.72,0.75,0.26,0.28,0.03,0.02,79061.94,1776871322000
1776871324.775,124.775,0.72,0.75,0.25,0.28,0.03,0.03,79063.71,1776871323000
1776871325.145,125.145,0.72,0.74,0.26,0.28,0.02,0.02,79063.71,1776871323000
1776871325.553,125.553,0.72,0.73,0.27,0.28,0.01,0.01,79065.29,1776871324000
1776871325.961,125.961,0.72,0.73,0.27,0.28,0.01,0.01,79065.29,1776871324000
1776871326.301,126.301,0.69,0.7,0.3,0.35,0.01,0.05,79064.39,1776871325000
1776871326.657,126.657,0.66,0.68,0.32,0.33,0.02,0.01,79064.39,1776871325000
1776871327.014,127.014,0.67,0.68,0.32,0.33,0.01,0.01,79064.39,1776871325000
1776871327.403,127.403,0.67,0.68,0.32,0.33,0.01,0.01,79064.39,1776871325000
1776871327.742,127.742,0.67,0.68,0.32,0.33,0.01,0.01,79048.2,1776871326000
1776871328.189,128.189,0.67,0.68,0.32,0.33,0.01,0.01,79048.2,1776871326000
1776871328.566,128.566,0.68,0.69,0.31,0.32,0.01,0.01,79048.9,1776871327000
1776871328.918,128.918,0.68,0.69,0.29,0.32,0.01,0.03,79048.9,1776871327000
1776871329.269,129.269,0.7,0.71,0.29,0.3,0.01,0.01,79049.51,1776871328000
1776871329.608,129.608,0.71,0.72,0.29,0.3,0.01,0.01,79049.51,1776871328000
1776871329.998,129.998,0.71,0.72,0.28,0.29,0.01,0.01,79049.51,1776871328000
1776871330.366,130.366,0.71,0.72,0.28,0.29,0.01,0.01,79049.51,1776871328000
1776871330.705,130.705,0.71,0.73,0.28,0.29,0.02,0.01,79055.44,1776871329000
1776871331.088,131.088,0.72,0.73,0.27,0.29,0.01,0.02,79055.44,1776871329000
1776871331.515,131.515,0.72,0.73,0.27,0.28,0.01,0.01,79055.44,1776871329000
1776871331.891,131.891,0.72,0.73,0.27,0.28,0.01,0.01,79059.95,1776871330000
1776871332.226,132.226,0.72,0.74,0.26,0.28,0.02,0.02,79059.95,1776871330000
1776871332.574,132.574,0.74,0.75,0.25,0.26,0.01,0.01,79060.01,1776871331000
1776871333.2,133.2,0.74,0.75,0.25,0.26,0.01,0.01,79060.01,1776871331000
1776871333.581,133.581,0.74,0.76,0.24,0.26,0.02,0.02,79060.01,1776871331000
1776871333.982,133.982,0.75,0.76,0.24,0.25,0.01,0.01,79062.6,1776871333000
1776871334.333,134.333,0.75,0.76,0.24,0.25,0.01,0.01,79062.6,1776871333000
1776871334.753,134.753,0.75,0.76,0.24,0.25,0.01,0.01,79062.6,1776871333000
1776871335.1,135.1,0.75,0.76,0.24,0.25,0.01,0.01,79062.6,1776871333000
1776871335.571,135.571,0.75,0.76,0.24,0.25,0.01,0.01,79065.26,1776871334000
1776871336.085,136.085,0.73,0.74,0.25,0.27,0.01,0.02,79065.26,1776871334000
1776871336.583,136.583,0.73,0.74,0.26,0.27,0.01,0.01,79066.33,1776871335000
1776871336.944,136.944,0.73,0.74,0.26,0.27,0.01,0.01,79066.33,1776871335000
1776871337.538,137.538,0.7,0.73,0.27,0.28,0.03,0.01,79066.27,1776871336000
1776871338.042,138.042,0.66,0.69,0.31,0.34,0.03,0.03,79066.27,1776871336000
1776871338.97,138.97,0.67,0.69,0.31,0.33,0.02,0.02,79061.39,1776871338000
1776871339.797,139.797,0.67,0.68,0.32,0.33,0.01,0.01,79061.39,1776871338000
1776871340.144,140.144,0.67,0.68,0.32,0.33,0.01,0.01,79050.56,1776871339000
1776871340.5,140.5,0.67,0.68,0.32,0.33,0.01,0.01,79050.56,1776871339000
1776871341.041,141.041,0.67,0.68,0.32,0.33,0.01,0.01,79044.06,1776871340000
1776871341.421,141.421,0.65,0.68,0.32,0.35,0.03,0.03,79044.06,1776871340000
1776871341.759,141.759,0.64,0.67,0.33,0.36,0.03,0.03,79044.06,1776871340000
1776871342.105,142.105,0.6,0.61,0.39,0.4,0.01,0.01,79044.06,1776871340000
1776871342.487,142.487,0.6,0.61,0.39,0.4,0.01,0.01,79038.77,1776871341000
1776871342.827,142.827,0.6,0.61,0.39,0.4,0.01,0.01,79038.77,1776871341000
1776871343.269,143.269,0.63,0.64,0.36,0.37,0.01,0.01,79037.79,1776871342000
1776871343.711,143.711,0.64,0.65,0.35,0.36,0.01,0.01,79037.79,1776871342000
1776871344.188,144.188,0.64,0.65,0.35,0.36,0.01,0.01,79037.79,1776871342000
1776871344.532,144.532,0.64,0.66,0.35,0.36,0.02,0.01,79035.95,1776871343000
1776871344.963,144.963,0.65,0.66,0.34,0.35,0.01,0.01,79035.95,1776871343000
1776871345.519,145.519,0.65,0.66,0.34,0.35,0.01,0.01,79035.95,1776871343000
1776871345.876,145.876,0.65,0.66,0.34,0.35,0.01,0.01,79042.2,1776871344000
1776871346.305,146.305,0.65,0.66,0.34,0.35,0.01,0.01,79042.2,1776871344000
1776871346.66,146.66,0.65,0.66,0.34,0.35,0.01,0.01,79042.48,1776871345000
1776871347.105,147.105,0.65,0.66,0.34,0.35,0.01,0.01,79042.48,1776871346000
1776871347.673,147.673,0.65,0.66,0.34,0.35,0.01,0.01,79042.48,1776871346000
1776871348.064,148.064,0.65,0.66,0.34,0.35,0.01,0.01,79041.83,1776871347000
1776871348.442,148.442,0.65,0.67,0.34,0.35,0.02,0.01,79041.83,1776871347000
1776871349.246,149.246,0.65,0.67,0.33,0.35,0.02,0.02,79041.52,1776871348000
1776871349.763,149.763,0.66,0.67,0.33,0.34,0.01,0.01,79041.52,1776871348000
1776871350.265,150.265,0.66,0.67,0.33,0.34,0.01,0.01,79041.75,1776871349000
1776871350.652,150.652,0.66,0.67,0.33,0.34,0.01,0.01,79041.75,1776871349000
1776871351.034,151.034,0.65,0.66,0.33,0.35,0.01,0.02,79041.75,1776871349000
1776871351.376,151.376,0.65,0.66,0.34,0.35,0.01,0.01,79041.48,1776871350000
1776871351.748,151.748,0.65,0.66,0.34,0.35,0.01,0.01,79041.48,1776871350000
1776871352.087,152.087,0.65,0.66,0.34,0.35,0.01,0.01,79033.63,1776871351000
1776871352.431,152.431,0.65,0.66,0.34,0.35,0.01,0.01,79033.63,1776871351000
1776871352.867,152.867,0.65,0.66,0.34,0.35,0.01,0.01,79033.63,1776871351000
1776871353.207,153.207,0.65,0.66,0.34,0.35,0.01,0.01,79032.95,1776871352000
1776871353.542,153.542,0.64,0.66,0.34,0.36,0.02,0.02,79032.95,1776871352000
1776871353.897,153.897,0.64,0.65,0.35,0.36,0.01,0.01,79032.95,1776871352000
1776871354.425,154.425,0.64,0.65,0.35,0.36,0.01,0.01,79032.94,1776871353000
1776871354.83,154.83,0.64,0.65,0.35,0.36,0.01,0.01,79032.94,1776871353000
1776871355.193,155.193,0.63,0.64,0.35,0.37,0.01,0.02,79032.88,1776871354000
1776871355.536,155.536,0.63,0.64,0.36,0.37,0.01,0.01,79032.88,1776871354000
1776871356.117,156.117,0.63,0.64,0.36,0.37,0.01,0.01,79032.88,1776871354000
1776871356.848,156.848,0.62,0.64,0.36,0.38,0.02,0.02,79033.5,1776871355000
1776871357.302,157.302,0.62,0.64,0.36,0.38,0.02,0.02,79033.5,1776871355000
1776871357.851,157.851,0.62,0.63,0.37,0.38,0.01,0.01,79034.06,1776871356000
1776871358.37,158.37,0.62,0.63,0.37,0.38,0.01,0.01,79034.06,1776871357000
1776871359.116,159.116,0.62,0.63,0.37,0.38,0.01,0.01,79034.06,1776871357000
1776871359.834,159.834,0.62,0.63,0.37,0.38,0.01,0.01,79033.83,1776871358000
1776871360.199,160.199,0.61,0.63,0.37,0.39,0.02,0.02,79033.83,1776871358000
1776871360.546,160.546,0.58,0.61,0.39,0.42,0.03,0.03,79033.65,1776871359000
1776871360.966,160.966,0.56,0.57,0.43,0.44,0.01,0.01,79033.65,1776871359000
1776871361.299,161.299,0.56,0.57,0.43,0.44,0.01,0.01,79033.65,1776871359000
1776871361.951,161.951,0.56,0.57,0.43,0.44,0.01,0.01,79027.5,1776871360000
1776871362.453,162.453,0.56,0.57,0.43,0.44,0.01,0.01,79027.5,1776871360000
1776871362.899,162.899,0.56,0.57,0.43,0.44,0.01,0.01,79020.02,1776871361000
1776871363.233,163.233,0.56,0.57,0.43,0.44,0.01,0.01,79020.02,1776871361000
1776871363.57,163.57,0.54,0.55,0.43,0.44,0.01,0.01,79020.33,1776871362000
1776871363.985,163.985,0.53,0.54,0.46,0.47,0.01,0.01,79020.33,1776871362000
1776871364.318,164.318,0.53,0.54,0.46,0.47,0.01,0.01,79020.33,1776871363000
1776871364.697,164.697,0.52,0.53,0.46,0.48,0.01,0.02,79020.33,1776871363000
1776871365.053,165.053,0.52,0.53,0.47,0.48,0.01,0.01,79020.33,1776871363000
1776871365.448,165.448,0.52,0.53,0.47,0.48,0.01,0.01,79020.33,1776871363000
1776871366.05,166.05,0.52,0.53,0.47,0.48,0.01,0.01,79017.7,1776871364000
1776871366.816,166.816,0.52,0.53,0.47,0.48,0.01,0.01,79016.23,1776871365000
1776871367.214,167.214,0.51,0.52,0.48,0.49,0.01,0.01,79016.23,1776871365000
1776871367.596,167.596,0.51,0.52,0.48,0.49,0.01,0.01,79013.28,1776871366000
1776871368.024,168.024,0.51,0.52,0.48,0.49,0.01,0.01,79013.28,1776871366000
1776871368.929,168.929,0.51,0.53,0.48,0.49,0.02,0.01,79011.95,1776871367000
1776871369.345,169.345,0.52,0.53,0.47,0.48,0.01,0.01,79011.95,1776871368000
1776871369.972,169.972,0.52,0.53,0.47,0.48,0.01,0.01,79012.36,1776871369000
1776871370.409,170.409,0.52,0.53,0.47,0.48,0.01,0.01,79012.36,1776871369000
1776871371.04,171.04,0.52,0.53,0.47,0.48,0.01,0.01,79012.36,1776871369000
1776871371.472,171.472,0.52,0.53,0.47,0.48,0.01,0.01,79012.36,1776871369000
1776871371.851,171.851,0.52,0.53,0.47,0.48,0.01,0.01,79011.25,1776871370000
1776871372.301,172.301,0.52,0.53,0.47,0.48,0.01,0.01,79011.25,1776871370000
1776871372.638,172.638,0.52,0.55,0.47,0.48,0.03,0.01,79011.25,1776871371000
1776871373.007,173.007,0.55,0.56,0.44,0.46,0.01,0.02,79011.25,1776871371000
1776871373.34,173.34,0.55,0.56,0.44,0.45,0.01,0.01,79011.25,1776871371000
1776871373.894,173.894,0.55,0.56,0.44,0.45,0.01,0.01,79011.71,1776871372000
1776871374.351,174.351,0.55,0.57,0.43,0.45,0.02,0.02,79011.71,1776871372000
1776871374.98,174.98,0.56,0.58,0.43,0.44,0.02,0.01,79011.71,1776871373000
1776871375.359,175.359,0.58,0.59,0.41,0.42,0.01,0.01,79011.71,1776871373000
1776871375.832,175.832,0.58,0.59,0.41,0.42,0.01,0.01,79011.71,1776871373000
1776871376.194,176.194,0.58,0.59,0.41,0.42,0.01,0.01,79013.22,1776871374000
1776871376.552,176.552,0.58,0.59,0.41,0.42,0.01,0.01,79013.22,1776871374000
1776871376.97,176.97,0.57,0.58,0.41,0.43,0.01,0.02,79014.56,1776871375000
1776871377.454,177.454,0.57,0.58,0.42,0.43,0.01,0.01,79018.19,1776871376000
1776871377.896,177.896,0.55,0.56,0.44,0.45,0.01,0.01,79018.19,1776871376000
1776871378.289,178.289,0.54,0.55,0.44,0.46,0.01,0.02,79019.54,1776871377000
1776871378.653,178.653,0.54,0.55,0.45,0.46,0.01,0.01,79019.54,1776871377000
1776871379.067,179.067,0.56,0.57,0.43,0.44,0.01,0.01,79019.54,1776871377000
1776871379.599,179.599,0.56,0.57,0.43,0.44,0.01,0.01,79018.2,1776871378000
1776871380.404,180.404,0.56,0.57,0.43,0.44,0.01,0.01,79018.2,1776871378000
1776871380.738,180.738,0.56,0.57,0.43,0.44,0.01,0.01,79015.57,1776871379000
1776871381.082,181.082,0.55,0.57,0.43,0.45,0.02,0.02,79016.41,1776871380000
1776871381.448,181.448,0.52,0.53,0.47,0.48,0.01,0.01,79016.41,1776871380000
1776871382.018,182.018,0.51,0.52,0.47,0.49,0.01,0.02,79016.41,1776871380000
1776871382.596,182.596,0.51,0.52,0.48,0.49,0.01,0.01,79017.34,1776871381000
1776871383.187,183.187,0.51,0.52,0.48,0.49,0.01,0.01,79013.33,1776871382000
1776871384.084,184.084,0.5,0.51,0.48,0.49,0.01,0.01,79013.33,1776871382000
1776871384.417,184.417,0.47,0.49,0.51,0.52,0.02,0.01,79009.98,1776871383000
1776871384.758,184.758,0.4,0.41,0.59,0.6,0.01,0.01,79009.98,1776871383000
1776871385.295,185.295,0.4,0.41,0.59,0.6,0.01,0.01,79009.98,1776871383000
1776871385.633,185.633,0.39,0.41,0.59,0.61,0.02,0.02,79009.25,1776871384000
1776871385.966,185.966,0.37,0.38,0.62,0.63,0.01,0.01,79009.25,1776871384000
1776871386.3,186.3,0.33,0.36,0.64,0.66,0.03,0.02,79009.25,1776871384000
1776871386.638,186.638,0.34,0.35,0.65,0.66,0.01,0.01,78989.72,1776871385000
1776871387.009,187.009,0.34,0.35,0.65,0.67,0.01,0.02,78989.72,1776871385000
1776871387.356,187.356,0.34,0.35,0.65,0.66,0.01,0.01,78985.0,1776871386000
1776871387.691,187.691,0.34,0.35,0.65,0.66,0.01,0.01,78985.0,1776871386000
1776871388.037,188.037,0.33,0.34,0.66,0.67,0.01,0.01,78985.0,1776871386000
1776871388.507,188.507,0.33,0.34,0.66,0.67,0.01,0.01,78977.48,1776871387000
1776871388.857,188.857,0.32,0.34,0.66,0.67,0.02,0.01,78977.48,1776871387000
1776871389.233,189.233,0.32,0.33,0.67,0.68,0.01,0.01,78977.48,1776871387000
1776871389.616,189.616,0.32,0.33,0.67,0.68,0.01,0.01,78973.92,1776871388000
1776871389.984,189.984,0.31,0.32,0.68,0.69,0.01,0.01,78973.92,1776871388000
1776871390.4,190.4,0.31,0.32,0.68,0.69,0.01,0.01,78973.92,1776871388000
1776871390.761,190.761,0.31,0.32,0.68,0.69,0.01,0.01,78973.82,1776871389000
1776871391.195,191.195,0.31,0.32,0.68,0.7,0.01,0.02,78973.82,1776871389000
1776871391.55,191.55,0.31,0.32,0.68,0.69,0.01,0.01,78973.82,1776871389000
1776871391.982,191.982,0.3,0.31,0.69,0.7,0.01,0.01,78973.82,1776871389000
1776871392.369,192.369,0.3,0.31,0.69,0.7,0.01,0.01,78973.39,1776871390000
1776871392.748,192.748,0.3,0.31,0.69,0.7,0.01,0.01,78973.39,1776871390000
1776871393.181,193.181,0.3,0.31,0.69,0.7,0.01,0.01,78972.07,1776871391000
1776871393.639,193.639,0.3,0.31,0.69,0.7,0.01,0.01,78972.21,1776871392000
1776871393.982,193.982,0.3,0.31,0.69,0.7,0.01,0.01,78972.21,1776871392000
1776871394.328,194.328,0.31,0.32,0.68,0.69,0.01,0.01,78972.21,1776871392000
1776871394.744,194.744,0.31,0.32,0.68,0.69,0.01,0.01,78972.99,1776871393000
1776871395.118,195.118,0.31,0.32,0.68,0.69,0.01,0.01,78972.87,1776871394000
1776871395.489,195.489,0.31,0.32,0.68,0.69,0.01,0.01,78972.87,1776871394000
1776871395.853,195.853,0.31,0.32,0.68,0.69,0.01,0.01,78972.87,1776871394000
1776871396.198,196.198,0.32,0.33,0.65,0.68,0.01,0.03,78972.77,1776871395000
1776871396.535,196.535,0.31,0.33,0.67,0.68,0.02,0.01,78972.77,1776871395000
1776871396.955,196.955,0.31,0.32,0.68,0.69,0.01,0.01,78972.77,1776871395000
1776871397.315,197.315,0.27,0.31,0.69,0.73,0.04,0.04,78971.89,1776871396000
1776871397.696,197.696,0.24,0.26,0.74,0.76,0.02,0.02,78971.89,1776871396000
1776871398.096,198.096,0.25,0.26,0.74,0.75,0.01,0.01,78971.89,1776871396000
1776871398.437,198.437,0.23,0.24,0.76,0.77,0.01,0.01,78971.96,1776871397000
1776871398.825,198.825,0.22,0.24,0.76,0.78,0.02,0.02,78971.96,1776871397000
1776871399.167,199.167,0.22,0.23,0.77,0.79,0.01,0.02,78971.96,1776871397000
1776871400.006,200.006,0.21,0.22,0.78,0.79,0.01,0.01,78958.81,1776871398000
1776871400.489,200.489,0.21,0.22,0.78,0.79,0.01,0.01,78958.81,1776871398000
1776871400.823,200.823,0.22,0.31,0.69,0.78,0.09,0.09,78954.28,1776871399000
1776871401.222,201.222,0.27,0.29,0.71,0.73,0.02,0.02,78954.28,1776871399000
1776871401.847,201.847,0.28,0.29,0.71,0.72,0.01,0.01,78954.1,1776871400000
1776871402.25,202.25,0.28,0.29,0.71,0.72,0.01,0.01,78954.1,1776871400000
1776871402.693,202.693,0.28,0.29,0.7,0.72,0.01,0.02,78964.51,1776871401000
1776871403.04,203.04,0.27,0.28,0.71,0.74,0.01,0.03,78964.51,1776871401000
1776871403.445,203.445,0.26,0.28,0.72,0.73,0.02,0.01,78964.51,1776871401000
1776871403.827,203.827,0.25,0.27,0.73,0.75,0.02,0.02,78965.05,1776871402000
1776871404.258,204.258,0.25,0.26,0.74,0.75,0.01,0.01,78965.05,1776871402000
1776871404.64,204.64,0.24,0.25,0.75,0.76,0.01,0.01,78965.05,1776871403000
1776871405.441,205.441,0.24,0.25,0.75,0.76,0.01,0.01,78965.05,1776871403000
1776871405.913,205.913,0.24,0.25,0.75,0.76,0.01,0.01,78964.03,1776871404000
1776871406.25,206.25,0.4,0.56,0.44,0.65,0.16,0.21,78964.03,1776871404000
1776871406.588,206.588,0.42,0.55,0.45,0.58,0.13,0.13,78964.03,1776871404000
1776871406.931,206.931,0.48,0.6,0.4,0.52,0.12,0.12,78958.99,1776871405000
1776871407.28,207.28,0.48,0.5,0.5,0.52,0.02,0.02,78998.71,1776871406000
1776871407.621,207.621,0.53,0.54,0.46,0.47,0.01,0.01,78998.71,1776871406000
1776871407.984,207.984,0.51,0.53,0.47,0.5,0.02,0.03,78998.71,1776871406000
1776871408.318,208.318,0.49,0.5,0.5,0.51,0.01,0.01,79008.88,1776871407000
1776871408.663,208.663,0.45,0.5,0.5,0.55,0.05,0.05,79008.88,1776871407000
1776871408.997,208.997,0.46,0.47,0.53,0.54,0.01,0.01,79008.88,1776871407000
1776871409.346,209.346,0.46,0.47,0.53,0.55,0.01,0.02,79008.88,1776871407000
1776871409.739,209.739,0.46,0.47,0.53,0.54,0.01,0.01,79008.63,1776871408000
1776871411.09,211.09,0.46,0.47,0.53,0.54,0.01,0.01,79004.23,1776871409000
1776871411.734,211.734,0.46,0.47,0.53,0.54,0.01,0.01,78998.79,1776871410000
1776871412.077,212.077,0.66,0.77,0.23,0.34,0.11,0.11,78998.79,1776871410000
1776871412.416,212.416,0.8,0.81,0.19,0.2,0.01,0.01,78998.79,1776871410000
1776871413.679,213.679,0.71,0.75,0.25,0.38,0.04,0.13,79000.19,1776871411000
1776871414.032,214.032,0.74,0.79,0.22,0.31,0.05,0.09,79045.42,1776871412000
1776871414.414,214.414,0.76,0.77,0.23,0.24,0.01,0.01,79045.42,1776871412000
1776871414.864,214.864,0.76,0.77,0.23,0.24,0.01,0.01,79045.42,1776871412000
1776871415.336,215.336,0.78,0.79,0.21,0.22,0.01,0.01,79053.34,1776871413000
1776871415.671,215.671,0.78,0.79,0.21,0.22,0.01,0.01,79054.31,1776871414000
1776871416.023,216.023,0.78,0.79,0.21,0.22,0.01,0.01,79054.31,1776871414000
1776871416.373,216.373,0.78,0.8,0.21,0.22,0.02,0.01,79054.31,1776871414000
1776871416.751,216.751,0.79,0.8,0.2,0.21,0.01,0.01,79054.32,1776871415000
1776871417.103,217.103,0.79,0.8,0.2,0.21,0.01,0.01,79054.32,1776871415000
1776871417.513,217.513,0.79,0.8,0.2,0.21,0.01,0.01,79055.09,1776871416000
1776871418.205,218.205,0.79,0.82,0.2,0.21,0.03,0.01,79055.09,1776871416000
1776871418.552,218.552,0.81,0.82,0.2,0.21,0.01,0.01,79055.09,1776871416000
1776871419.074,219.074,0.86,0.89,0.11,0.14,0.03,0.03,79053.13,1776871417000
1776871419.428,219.428,0.86,0.91,0.09,0.14,0.05,0.05,79053.13,1776871417000
1776871419.996,219.996,0.87,0.88,0.1,0.13,0.01,0.03,79074.51,1776871418000
1776871420.435,220.435,0.87,0.9,0.1,0.13,0.03,0.03,79074.78,1776871419000
1776871420.769,220.769,0.88,0.9,0.1,0.12,0.02,0.02,79074.78,1776871419000
1776871421.124,221.124,0.87,0.89,0.1,0.14,0.02,0.04,79082.58,1776871420000
1776871421.547,221.547,0.89,0.9,0.1,0.11,0.01,0.01,79082.58,1776871420000
1776871421.89,221.89,0.88,0.89,0.11,0.12,0.01,0.01,79082.58,1776871420000
1776871422.226,222.226,0.89,0.9,0.1,0.11,0.01,0.01,79087.75,1776871421000
1776871422.56,222.56,0.89,0.9,0.1,0.11,0.01,0.01,79087.75,1776871421000
1776871422.902,222.902,0.89,0.9,0.1,0.11,0.01,0.01,79087.75,1776871421000
1776871423.242,223.242,0.89,0.9,0.1,0.11,0.01,0.01,79087.62,1776871422000
1776871423.626,223.626,0.9,0.91,0.09,0.1,0.01,0.01,79087.62,1776871422000
1776871424.002,224.002,0.9,0.91,0.09,0.1,0.01,0.01,79087.62,1776871422000
1776871424.522,224.522,0.89,0.9,0.09,0.11,0.01,0.02,79086.06,1776871423000
1776871424.861,224.861,0.9,0.91,0.09,0.12,0.01,0.03,79086.06,1776871423000
1776871425.228,225.228,0.89,0.9,0.1,0.11,0.01,0.01,79085.94,1776871424000
1776871425.64,225.64,0.89,0.9,0.1,0.11,0.01,0.01,79085.94,1776871424000
1776871426.002,226.002,0.89,0.9,0.1,0.11,0.01,0.01,79085.94,1776871424000
1776871426.381,226.381,0.89,0.9,0.1,0.11,0.01,0.01,79085.99,1776871425000
1776871426.751,226.751,0.89,0.9,0.1,0.11,0.01,0.01,79085.99,1776871425000
1776871427.301,227.301,0.89,0.9,0.1,0.11,0.01,0.01,79085.88,1776871426000
1776871427.647,227.647,0.88,0.9,0.1,0.12,0.02,0.02,79085.88,1776871426000
1776871428.539,228.539,0.88,0.9,0.1,0.12,0.02,0.02,79085.78,1776871427000
1776871428.901,228.901,0.88,0.9,0.1,0.12,0.02,0.02,79079.51,1776871428000
1776871429.316,229.316,0.88,0.89,0.11,0.12,0.01,0.01,79079.51,1776871428000
1776871429.693,229.693,0.87,0.89,0.11,0.13,0.02,0.02,79079.51,1776871428000
1776871430.03,230.03,0.87,0.89,0.11,0.13,0.02,0.02,79078.63,1776871429000
1776871430.393,230.393,0.88,0.89,0.11,0.12,0.01,0.01,79078.63,1776871429000
1776871430.838,230.838,0.88,0.89,0.11,0.12,0.01,0.01,79078.63,1776871429000
1776871431.198,231.198,0.87,0.88,0.12,0.13,0.01,0.01,79078.63,1776871429000
1776871432.054,232.054,0.87,0.88,0.12,0.13,0.01,0.01,79076.15,1776871430000
1776871432.433,232.433,0.85,0.87,0.13,0.14,0.02,0.01,79076.15,1776871430000
1776871432.769,232.769,0.86,0.87,0.13,0.14,0.01,0.01,79075.37,1776871431000
1776871433.134,233.134,0.86,0.87,0.13,0.14,0.01,0.01,79075.37,1776871431000
1776871433.518,233.518,0.86,0.87,0.13,0.14,0.01,0.01,79075.37,1776871431000
1776871433.885,233.885,0.88,0.89,0.11,0.12,0.01,0.01,79075.37,1776871431000
1776871434.263,234.263,0.88,0.89,0.11,0.12,0.01,0.01,79071.28,1776871432000
1776871434.629,234.629,0.88,0.89,0.11,0.12,0.01,0.01,79071.28,1776871432000
1776871435.003,235.003,0.88,0.89,0.11,0.12,0.01,0.01,79071.29,1776871433000
1776871435.369,235.369,0.88,0.89,0.11,0.12,0.01,0.01,79071.29,1776871434000
1776871435.731,235.731,0.88,0.89,0.11,0.12,0.01,0.01,79071.29,1776871434000
1776871436.113,236.113,0.88,0.89,0.11,0.12,0.01,0.01,79071.29,1776871434000
1776871436.462,236.462,0.88,0.89,0.11,0.12,0.01,0.01,79075.46,1776871435000
1776871436.963,236.963,0.88,0.89,0.11,0.12,0.01,0.01,79075.46,1776871435000
1776871437.526,237.526,0.88,0.89,0.11,0.12,0.01,0.01,79075.46,1776871435000
1776871437.862,237.862,0.87,0.89,0.11,0.12,0.02,0.01,79078.09,1776871436000
1776871438.417,238.417,0.88,0.89,0.11,0.12,0.01,0.01,79077.15,1776871437000
1776871438.922,238.922,0.88,0.9,0.11,0.12,0.02,0.01,79077.15,1776871437000
1776871439.268,239.268,0.9,0.91,0.09,0.11,0.01,0.02,79077.15,1776871437000
1776871439.677,239.677,0.9,0.91,0.09,0.1,0.01,0.01,79077.98,1776871438000
1776871440.039,240.039,0.91,0.92,0.08,0.09,0.01,0.01,79077.98,1776871439000
1776871440.422,240.422,0.91,0.92,0.08,0.09,0.01,0.01,79077.98,1776871439000
1776871440.891,240.891,0.91,0.92,0.08,0.09,0.01,0.01,79077.98,1776871439000
1776871441.228,241.228,0.91,0.92,0.08,0.09,0.01,0.01,79077.98,1776871440000
1776871441.625,241.625,0.9,0.92,0.08,0.09,0.02,0.01,79077.98,1776871440000
1776871441.958,241.958,0.91,0.92,0.08,0.09,0.01,0.01,79077.98,1776871440000
1776871442.317,242.317,0.91,0.92,0.08,0.09,0.01,0.01,79080.45,1776871441000
1776871442.655,242.655,0.91,0.92,0.08,0.09,0.01,0.01,79080.45,1776871441000
1776871443.034,243.034,0.91,0.92,0.08,0.09,0.01,0.01,79080.45,1776871441000
1776871443.492,243.492,0.91,0.92,0.08,0.09,0.01,0.01,79081.63,1776871442000
1776871443.845,243.845,0.91,0.92,0.08,0.09,0.01,0.01,79081.63,1776871442000
1776871444.198,244.198,0.91,0.92,0.08,0.09,0.01,0.01,79081.63,1776871442000
1776871444.539,244.539,0.92,0.93,0.07,0.08,0.01,0.01,79085.79,1776871443000
1776871444.898,244.898,0.92,0.93,0.07,0.08,0.01,0.01,79085.79,1776871443000
1776871445.474,245.474,0.93,0.94,0.07,0.08,0.01,0.01,79086.54,1776871444000
1776871446.17,246.17,0.93,0.94,0.06,0.07,0.01,0.01,79086.54,1776871444000
1776871446.843,246.843,0.93,0.94,0.06,0.07,0.01,0.01,79086.59,1776871445000
1776871447.384,247.384,0.93,0.95,0.05,0.07,0.02,0.02,79086.85,1776871446000
1776871447.911,247.911,0.93,0.95,0.05,0.07,0.02,0.02,79086.85,1776871446000
1776871448.815,248.815,0.93,0.95,0.05,0.07,0.02,0.02,79090.05,1776871447000
1776871449.163,249.163,0.93,0.95,0.05,0.07,0.02,0.02,79090.05,1776871447000
1776871449.535,249.535,0.93,0.95,0.05,0.07,0.02,0.02,79086.67,1776871448000
1776871449.875,249.875,0.94,0.95,0.05,0.07,0.01,0.02,79086.67,1776871448000
1776871450.226,250.226,0.92,0.95,0.05,0.08,0.03,0.03,79086.1,1776871449000
1776871450.565,250.565,0.91,0.92,0.08,0.09,0.01,0.01,79086.1,1776871449000
1776871450.925,250.925,0.91,0.92,0.08,0.09,0.01,0.01,79086.1,1776871449000
1776871451.301,251.301,0.9,0.91,0.09,0.1,0.01,0.01,79077.72,1776871450000
1776871451.657,251.657,0.89,0.9,0.1,0.11,0.01,0.01,79077.72,1776871450000
1776871452.027,252.027,0.89,0.9,0.1,0.11,0.01,0.01,79077.72,1776871450000
1776871452.377,252.377,0.89,0.9,0.1,0.11,0.01,0.01,79075.4,1776871451000
1776871452.725,252.725,0.88,0.89,0.11,0.12,0.01,0.01,79075.4,1776871451000
1776871453.094,253.094,0.85,0.92,0.09,0.15,0.07,0.06,79075.4,1776871451000
1776871453.916,253.916,0.9,0.91,0.09,0.14,0.01,0.05,79070.64,1776871452000
1776871454.36,254.36,0.87,0.88,0.12,0.13,0.01,0.01,79069.03,1776871453000
1776871454.706,254.706,0.87,0.88,0.12,0.13,0.01,0.01,79069.03,1776871453000
1776871455.121,255.121,0.87,0.88,0.12,0.13,0.01,0.01,79063.21,1776871454000
1776871455.473,255.473,0.87,0.88,0.12,0.13,0.01,0.01,79063.21,1776871454000
1776871456.211,256.211,0.87,0.88,0.12,0.13,0.01,0.01,79063.21,1776871454000
1776871456.572,256.572,0.87,0.89,0.12,0.13,0.02,0.01,79063.21,1776871454000
1776871456.944,256.944,0.87,0.88,0.12,0.13,0.01,0.01,79060.03,1776871455000
1776871457.611,257.611,0.87,0.88,0.12,0.13,0.01,0.01,79059.61,1776871456000
1776871457.955,257.955,0.85,0.88,0.12,0.14,0.03,0.02,79059.61,1776871456000
1776871458.365,258.365,0.75,0.77,0.23,0.25,0.02,0.02,79057.95,1776871457000
1776871458.72,258.72,0.76,0.77,0.23,0.24,0.01,0.01,79057.95,1776871457000
1776871459.077,259.077,0.79,0.8,0.2,0.21,0.01,0.01,79057.95,1776871457000
1776871459.411,259.411,0.8,0.81,0.19,0.2,0.01,0.01,79046.62,1776871458000
1776871459.749,259.749,0.8,0.82,0.19,0.2,0.02,0.01,79046.62,1776871458000
1776871460.088,260.088,0.8,0.81,0.19,0.2,0.01,0.01,79046.62,1776871458000
1776871460.43,260.43,0.8,0.81,0.19,0.2,0.01,0.01,79047.82,1776871459000
1776871460.77,260.77,0.79,0.81,0.19,0.21,0.02,0.02,79047.82,1776871459000
1776871461.302,261.302,0.8,0.81,0.19,0.2,0.01,0.01,79047.82,1776871459000
1776871461.907,261.907,0.8,0.81,0.19,0.2,0.01,0.01,79047.8,1776871460000
1776871462.28,262.28,0.82,0.83,0.18,0.2,0.01,0.02,79047.65,1776871461000
1776871462.817,262.817,0.82,0.83,0.17,0.18,0.01,0.01,79047.65,1776871461000
1776871463.151,263.151,0.82,0.86,0.15,0.18,0.04,0.03,79046.06,1776871462000
1776871464.092,264.092,0.82,0.86,0.14,0.18,0.04,0.04,79046.17,1776871463000
1776871464.838,264.838,0.82,0.83,0.17,0.18,0.01,0.01,79046.17,1776871463000
1776871465.2,265.2,0.82,0.83,0.17,0.18,0.01,0.01,79046.17,1776871463000
1776871465.75,265.75,0.82,0.84,0.17,0.18,0.02,0.01,79046.17,1776871463000
1776871466.085,266.085,0.83,0.84,0.17,0.18,0.01,0.01,79044.4,1776871464000
1776871466.689,266.689,0.84,0.87,0.13,0.16,0.03,0.03,79044.4,1776871465000
1776871467.318,267.318,0.85,0.87,0.13,0.16,0.02,0.03,79044.4,1776871465000
1776871467.698,267.698,0.85,0.86,0.13,0.15,0.01,0.02,79044.4,1776871466000
1776871468.09,268.09,0.85,0.86,0.14,0.15,0.01,0.01,79044.4,1776871466000
1776871468.441,268.441,0.85,0.86,0.14,0.15,0.01,0.01,79044.45,1776871467000
1776871468.796,268.796,0.83,0.86,0.14,0.16,0.03,0.02,79044.45,1776871467000
1776871469.376,269.376,0.72,0.75,0.25,0.28,0.03,0.03,79044.45,1776871467000
1776871469.722,269.722,0.72,0.8,0.25,0.3,0.08,0.05,79044.45,1776871467000
1776871470.063,270.063,0.85,0.86,0.13,0.15,0.01,0.02,79028.77,1776871468000
1776871470.495,270.495,0.85,0.86,0.14,0.15,0.01,0.01,79028.77,1776871469000
1776871470.906,270.906,0.85,0.86,0.14,0.15,0.01,0.01,79028.77,1776871469000
1776871471.264,271.264,0.85,0.87,0.13,0.15,0.02,0.02,79033.26,1776871470000
1776871472.078,272.078,0.83,0.87,0.13,0.15,0.04,0.02,79033.26,1776871470000
1776871472.517,272.517,0.83,0.86,0.14,0.17,0.03,0.03,79033.26,1776871470000
1776871472.852,272.852,0.85,0.86,0.14,0.15,0.01,0.01,79033.26,1776871470000
1776871473.204,273.204,0.83,0.85,0.15,0.17,0.02,0.02,79039.0,1776871471000
1776871473.58,273.58,0.82,0.85,0.15,0.17,0.03,0.02,79039.0,1776871471000
1776871473.962,273.962,0.81,0.85,0.15,0.19,0.04,0.04,79034.04,1776871472000
1776871474.314,274.314,0.76,0.85,0.15,0.24,0.09,0.09,79031.99,1776871473000
1776871474.656,274.656,0.76,0.85,0.15,0.24,0.09,0.09,79031.99,1776871473000
1776871475.076,275.076,0.79,0.84,0.16,0.21,0.05,0.05,79031.99,1776871473000
1776871475.478,275.478,0.82,0.84,0.16,0.18,0.02,0.02,79031.99,1776871473000
1776871475.832,275.832,0.84,0.86,0.14,0.16,0.02,0.02,79031.99,1776871473000
1776871476.188,276.188,0.86,0.87,0.13,0.14,0.01,0.01,79035.41,1776871474000
1776871476.545,276.545,0.84,0.87,0.13,0.14,0.03,0.01,79036.08,1776871475000
1776871476.936,276.936,0.86,0.87,0.12,0.15,0.01,0.03,79036.08,1776871475000
1776871477.274,277.274,0.83,0.87,0.13,0.16,0.04,0.03,79036.08,1776871475000
1776871477.7,277.7,0.79,0.84,0.16,0.2,0.05,0.04,79040.17,1776871476000
1776871478.111,278.111,0.8,0.81,0.19,0.2,0.01,0.01,79040.17,1776871476000
1776871478.724,278.724,0.76,0.77,0.19,0.24,0.01,0.05,79041.54,1776871477000
1776871479.204,279.204,0.73,0.74,0.26,0.29,0.01,0.03,79041.54,1776871477000
1776871479.541,279.541,0.73,0.74,0.26,0.27,0.01,0.01,79041.54,1776871477000
1776871480.015,280.015,0.74,0.75,0.25,0.26,0.01,0.01,79035.42,1776871478000
1776871480.383,280.383,0.74,0.75,0.25,0.26,0.01,0.01,79035.42,1776871478000
1776871480.726,280.726,0.74,0.75,0.25,0.26,0.01,0.01,79033.34,1776871479000
1776871481.071,281.071,0.74,0.75,0.25,0.26,0.01,0.01,79029.68,1776871480000
1776871481.429,281.429,0.73,0.74,0.26,0.28,0.01,0.02,79029.68,1776871480000
1776871481.792,281.792,0.7,0.71,0.29,0.3,0.01,0.01,79029.68,1776871480000
1776871482.162,282.162,0.7,0.71,0.29,0.3,0.01,0.01,79029.68,1776871480000
1776871482.556,282.556,0.7,0.71,0.29,0.3,0.01,0.01,79029.68,1776871480000
1776871482.956,282.956,0.7,0.71,0.29,0.3,0.01,0.01,79026.61,1776871481000
1776871483.349,283.349,0.72,0.73,0.27,0.3,0.01,0.03,79026.61,1776871481000
1776871483.72,283.72,0.72,0.73,0.27,0.28,0.01,0.01,79026.61,1776871481000
1776871484.053,284.053,0.72,0.73,0.27,0.28,0.01,0.01,79024.19,1776871482000
1776871484.437,284.437,0.72,0.73,0.27,0.28,0.01,0.01,79021.61,1776871483000
1776871484.793,284.793,0.64,0.69,0.3,0.36,0.05,0.06,79021.61,1776871483000
1776871485.128,285.128,0.51,0.55,0.45,0.49,0.04,0.04,79021.61,1776871483000
1776871485.711,285.711,0.51,0.52,0.48,0.54,0.01,0.06,79021.63,1776871484000
1776871486.08,286.08,0.47,0.51,0.48,0.53,0.04,0.05,79021.63,1776871484000
1776871486.431,286.431,0.33,0.34,0.66,0.67,0.01,0.01,79019.22,1776871485000
1776871486.844,286.844,0.33,0.36,0.64,0.67,0.03,0.03,79019.22,1776871485000
1776871487.197,287.197,0.33,0.39,0.61,0.67,0.06,0.06,79010.09,1776871486000
1776871487.55,287.55,0.45,0.47,0.53,0.55,0.02,0.02,79010.09,1776871486000
1776871487.922,287.922,0.49,0.53,0.37,0.55,0.04,0.18,79010.09,1776871486000
1776871488.266,288.266,0.57,0.61,0.36,0.44,0.04,0.08,79002.48,1776871487000
1776871488.6,288.6,0.69,0.78,0.22,0.32,0.09,0.1,79002.48,1776871487000
1776871488.934,288.934,0.68,0.75,0.25,0.32,0.07,0.07,79002.48,1776871487000
1776871489.29,289.29,0.74,0.75,0.25,0.26,0.01,0.01,79001.85,1776871488000
1776871489.721,289.721,0.74,0.75,0.25,0.26,0.01,0.01,79001.85,1776871488000
1776871490.264,290.264,0.58,0.59,0.41,0.42,0.01,0.01,79013.28,1776871489000
1776871490.617,290.617,0.6,0.61,0.52,0.55,0.01,0.03,79013.28,1776871489000
1776871490.99,290.99,0.6,0.61,0.39,0.4,0.01,0.01,79013.28,1776871489000
1776871491.364,291.364,0.62,0.63,0.37,0.38,0.01,0.01,79013.28,1776871490000
1776871491.708,291.708,0.62,0.63,0.37,0.38,0.01,0.01,79013.28,1776871490000
1776871492.059,292.059,0.98,0.99,0.33,0.02,0.01,-0.31,79013.28,1776871490000
1776871492.479,292.479,0.39,0.4,0.06,0.27,0.01,0.21,79008.15,1776871491000
1776871492.815,292.815,0.31,0.39,0.6,0.69,0.08,0.09,79008.15,1776871491000
1776871493.178,293.178,0.39,0.4,0.6,0.69,0.01,0.09,79008.15,1776871491000
1776871493.54,293.54,0.39,0.4,0.6,0.61,0.01,0.01,79005.13,1776871492000
1776871493.888,293.888,0.33,0.34,0.66,0.67,0.01,0.01,79005.13,1776871492000
1776871494.222,294.222,0.33,0.34,0.66,0.67,0.01,0.01,79005.13,1776871492000
1776871494.555,294.555,0.24,0.25,0.66,0.76,0.01,0.1,79004.23,1776871493000
1776871494.928,294.928,0.24,0.25,0.75,0.76,0.01,0.01,79004.23,1776871493000
1776871495.311,295.311,0.24,0.25,0.75,0.76,0.01,0.01,79002.79,1776871494000
1776871495.646,295.646,0.4,0.9,0.23,0.6,0.5,0.37,79002.79,1776871494000
1776871495.99,295.99,0.81,0.83,0.17,0.21,0.02,0.04,79002.79,1776871494000
1776871496.345,296.345,0.85,0.88,0.12,0.17,0.03,0.05,79000.4,1776871495000
1776871496.72,296.72,0.87,0.9,0.11,0.13,0.03,0.02,79000.4,1776871495000
1776871497.061,297.061,0.99,0.9,0.1,0.01,-0.09,-0.09,79000.4,1776871495000
1776871497.423,297.423,0.99,0.9,0.1,0.01,-0.09,-0.09,79006.55,1776871496000
1776871497.796,297.796,0.99,0.9,0.1,0.01,-0.09,-0.09,79006.55,1776871496000
1776871498.193,298.193,0.99,0.9,0.1,0.15,-0.09,0.05,79006.55,1776871496000
1776871498.535,298.535,0.99,0.9,0.1,0.01,-0.09,-0.09,79013.58,1776871497000
1776871498.872,298.872,0.99,0.9,0.1,0.01,-0.09,-0.09,79013.58,1776871497000
1776871499.217,299.217,0.99,0.9,0.1,0.01,-0.09,-0.09,79013.58,1776871497000
1776871499.574,299.574,0.99,0.9,0.1,0.01,-0.09,-0.09,79013.58,1776871497000
1776871499.908,299.908,0.99,0.9,0.1,0.01,-0.09,-0.09,79013.89,1776871498000
1776871500.289,300.289,0.99,0.9,0.1,0.01,-0.09,-0.09,79013.89,1776871498000
1776871500.674,300.674,0.99,0.9,0.1,0.01,-0.09,-0.09,79013.66,1776871499000

# RESULT,winner=Up,slug=btc-updown-5m-1776871200,ticks=692
