timestamp,elapsed_sec,up_bid,up_ask,down_bid,down_ask,up_spread,down_spread,btc_price,btc_oracle_ts
1776063300.756,0.756,0.49,0.51,0.5,0.51,0.02,0.01,71037.5,1776063299000
1776063301.295,1.295,0.5,0.52,0.48,0.5,0.02,0.02,71037.5,1776063299000
1776063301.772,1.772,0.51,0.52,0.48,0.5,0.01,0.02,71037.53,1776063300000
1776063302.113,2.113,0.51,0.52,0.48,0.49,0.01,0.01,71037.53,1776063300000
1776063302.562,2.562,0.51,0.52,0.48,0.49,0.01,0.01,71037.65,1776063301000
1776063302.954,2.954,0.51,0.52,0.48,0.49,0.01,0.01,71037.65,1776063301000
1776063303.514,3.514,0.51,0.52,0.48,0.49,0.01,0.01,71043.29,1776063302000
1776063303.892,3.892,0.51,0.52,0.48,0.49,0.01,0.01,71043.29,1776063302000
1776063304.588,4.588,0.51,0.52,0.48,0.49,0.01,0.01,71043.29,1776063302000
1776063305.002,5.002,0.51,0.52,0.48,0.49,0.01,0.01,71043.75,1776063303000
1776063305.421,5.421,0.51,0.52,0.48,0.49,0.01,0.01,71043.75,1776063303000
1776063305.757,5.757,0.51,0.52,0.48,0.49,0.01,0.01,71043.56,1776063304000
1776063306.294,6.294,0.51,0.52,0.48,0.49,0.01,0.01,71043.56,1776063304000
1776063306.836,6.836,0.51,0.52,0.48,0.49,0.01,0.01,71046.33,1776063305000
1776063307.186,7.186,0.51,0.52,0.48,0.49,0.01,0.01,71046.33,1776063305000
1776063307.539,7.539,0.51,0.52,0.48,0.49,0.01,0.01,71046.33,1776063305000
1776063308.026,8.026,0.51,0.52,0.48,0.49,0.01,0.01,71043.87,1776063306000
1776063308.49,8.49,0.51,0.52,0.48,0.49,0.01,0.01,71043.87,1776063306000
1776063309.424,9.424,0.51,0.52,0.48,0.49,0.01,0.01,71043.71,1776063308000
1776063309.766,9.766,0.51,0.52,0.48,0.49,0.01,0.01,71043.71,1776063308000
1776063310.191,10.191,0.51,0.52,0.48,0.49,0.01,0.01,71043.7,1776063309000
1776063310.884,10.884,0.51,0.52,0.48,0.49,0.01,0.01,71043.7,1776063309000
1776063311.327,11.327,0.51,0.52,0.48,0.49,0.01,0.01,71043.7,1776063309000
1776063311.665,11.665,0.51,0.52,0.48,0.49,0.01,0.01,71044.04,1776063310000
1776063312.178,12.178,0.53,0.54,0.46,0.47,0.01,0.01,71044.04,1776063310000
1776063312.787,12.787,0.53,0.54,0.46,0.47,0.01,0.01,71043.76,1776063311000
1776063313.141,13.141,0.53,0.54,0.46,0.47,0.01,0.01,71043.79,1776063312000
1776063313.709,13.709,0.53,0.54,0.46,0.47,0.01,0.01,71043.79,1776063312000
1776063314.46,14.46,0.53,0.54,0.46,0.47,0.01,0.01,71043.79,1776063312000
1776063314.881,14.881,0.53,0.54,0.46,0.47,0.01,0.01,71043.79,1776063313000
1776063315.24,15.24,0.53,0.54,0.46,0.47,0.01,0.01,71043.8,1776063314000
1776063316.036,16.036,0.53,0.54,0.46,0.47,0.01,0.01,71043.8,1776063314000
1776063316.372,16.372,0.66,0.69,0.3,0.36,0.03,0.06,71043.8,1776063314000
1776063316.707,16.707,0.68,0.69,0.31,0.32,0.01,0.01,71043.8,1776063315000
1776063317.051,17.051,0.69,0.7,0.3,0.32,0.01,0.02,71043.8,1776063315000
1776063317.391,17.391,0.69,0.7,0.3,0.31,0.01,0.01,71043.81,1776063316000
1776063317.779,17.779,0.69,0.7,0.3,0.31,0.01,0.01,71043.81,1776063316000
1776063318.132,18.132,0.68,0.69,0.31,0.32,0.01,0.01,71043.81,1776063316000
1776063318.565,18.565,0.66,0.67,0.32,0.33,0.01,0.01,71043.81,1776063316000
1776063319.035,19.035,0.66,0.67,0.33,0.34,0.01,0.01,71055.57,1776063317000
1776063319.438,19.438,0.66,0.67,0.33,0.34,0.01,0.01,71055.62,1776063318000
1776063319.789,19.789,0.66,0.67,0.33,0.34,0.01,0.01,71055.62,1776063318000
1776063320.157,20.157,0.66,0.67,0.33,0.34,0.01,0.01,71055.62,1776063318000
1776063320.671,20.671,0.66,0.67,0.33,0.34,0.01,0.01,71055.28,1776063319000
1776063321.278,21.278,0.66,0.67,0.33,0.34,0.01,0.01,71055.28,1776063319000
1776063321.625,21.625,0.66,0.67,0.33,0.34,0.01,0.01,71055.82,1776063320000
1776063322.176,22.176,0.66,0.67,0.33,0.34,0.01,0.01,71055.82,1776063320000
1776063322.645,22.645,0.66,0.67,0.33,0.34,0.01,0.01,71055.82,1776063320000
1776063323.023,23.023,0.66,0.67,0.33,0.34,0.01,0.01,71055.12,1776063321000
1776063323.484,23.484,0.66,0.67,0.33,0.34,0.01,0.01,71055.3,1776063322000
1776063323.865,23.865,0.66,0.67,0.33,0.34,0.01,0.01,71055.3,1776063322000
1776063324.365,24.365,0.66,0.67,0.33,0.34,0.01,0.01,71055.22,1776063323000
1776063324.92,24.92,0.66,0.67,0.33,0.35,0.01,0.02,71055.22,1776063323000
1776063325.439,25.439,0.66,0.67,0.33,0.34,0.01,0.01,71055.23,1776063324000
1776063325.882,25.882,0.65,0.67,0.33,0.34,0.02,0.01,71055.23,1776063324000
1776063326.26,26.26,0.65,0.66,0.34,0.35,0.01,0.01,71055.15,1776063325000
1776063326.636,26.636,0.65,0.66,0.34,0.35,0.01,0.01,71055.15,1776063325000
1776063326.988,26.988,0.65,0.66,0.34,0.35,0.01,0.01,71055.15,1776063325000
1776063327.67,27.67,0.65,0.66,0.34,0.35,0.01,0.01,71055.17,1776063326000
1776063328.062,28.062,0.65,0.66,0.34,0.35,0.01,0.01,71055.28,1776063327000
1776063328.526,28.526,0.65,0.66,0.34,0.35,0.01,0.01,71055.28,1776063327000
1776063328.918,28.918,0.65,0.66,0.34,0.35,0.01,0.01,71055.28,1776063327000
1776063329.291,29.291,0.66,0.67,0.33,0.34,0.01,0.01,71055.17,1776063328000
1776063329.88,29.88,0.64,0.65,0.34,0.35,0.01,0.01,71055.17,1776063328000
1776063330.239,30.239,0.62,0.63,0.37,0.38,0.01,0.01,71055.17,1776063328000
1776063330.65,30.65,0.62,0.63,0.37,0.38,0.01,0.01,71055.69,1776063329000
1776063331.046,31.046,0.61,0.62,0.38,0.39,0.01,0.01,71055.69,1776063329000
1776063331.515,31.515,0.61,0.62,0.38,0.39,0.01,0.01,71055.69,1776063330000
1776063331.912,31.912,0.61,0.62,0.38,0.39,0.01,0.01,71055.69,1776063330000
1776063332.336,32.336,0.61,0.62,0.38,0.39,0.01,0.01,71055.69,1776063330000
1776063332.776,32.776,0.61,0.62,0.38,0.41,0.01,0.03,71055.69,1776063330000
1776063333.266,33.266,0.61,0.62,0.38,0.39,0.01,0.01,71054.09,1776063331000
1776063333.997,33.997,0.61,0.62,0.38,0.39,0.01,0.01,71054.14,1776063332000
1776063334.543,34.543,0.61,0.62,0.38,0.39,0.01,0.01,71054.14,1776063333000
1776063335.01,35.01,0.61,0.62,0.38,0.39,0.01,0.01,71054.14,1776063333000
1776063336.027,36.027,0.61,0.62,0.38,0.39,0.01,0.01,71054.52,1776063334000
1776063336.428,36.428,0.61,0.62,0.38,0.39,0.01,0.01,71055.26,1776063335000
1776063337.353,37.353,0.61,0.62,0.38,0.39,0.01,0.01,71055.32,1776063336000
1776063337.808,37.808,0.61,0.62,0.38,0.39,0.01,0.01,71055.32,1776063336000
1776063338.197,38.197,0.61,0.62,0.38,0.39,0.01,0.01,71055.32,1776063336000
1776063338.597,38.597,0.61,0.62,0.38,0.39,0.01,0.01,71055.39,1776063337000
1776063339.283,39.283,0.61,0.62,0.38,0.39,0.01,0.01,71055.39,1776063337000
1776063339.712,39.712,0.59,0.6,0.38,0.42,0.01,0.04,71056.19,1776063338000
1776063340.136,40.136,0.59,0.6,0.4,0.41,0.01,0.01,71055.46,1776063339000
1776063340.531,40.531,0.59,0.6,0.4,0.41,0.01,0.01,71055.46,1776063339000
1776063341.041,41.041,0.59,0.6,0.4,0.41,0.01,0.01,71055.39,1776063340000
1776063341.458,41.458,0.59,0.6,0.4,0.42,0.01,0.02,71055.39,1776063340000
1776063341.856,41.856,0.59,0.6,0.4,0.41,0.01,0.01,71055.39,1776063340000
1776063342.234,42.234,0.59,0.6,0.4,0.41,0.01,0.01,71055.39,1776063340000
1776063342.782,42.782,0.6,0.61,0.39,0.4,0.01,0.01,71055.32,1776063341000
1776063343.125,43.125,0.6,0.61,0.39,0.4,0.01,0.01,71055.32,1776063341000
1776063343.539,43.539,0.6,0.61,0.39,0.4,0.01,0.01,71054.22,1776063342000
1776063343.883,43.883,0.6,0.61,0.39,0.4,0.01,0.01,71054.22,1776063342000
1776063344.222,44.222,0.57,0.6,0.4,0.42,0.03,0.02,71054.06,1776063343000
1776063344.656,44.656,0.56,0.57,0.42,0.45,0.01,0.03,71054.06,1776063343000
1776063344.997,44.997,0.52,0.54,0.46,0.47,0.02,0.01,71054.06,1776063343000
1776063345.381,45.381,0.52,0.53,0.47,0.48,0.01,0.01,71053.82,1776063344000
1776063345.717,45.717,0.52,0.53,0.47,0.48,0.01,0.01,71053.82,1776063344000
1776063346.073,46.073,0.52,0.53,0.47,0.48,0.01,0.01,71053.82,1776063344000
1776063346.421,46.421,0.52,0.53,0.47,0.48,0.01,0.01,71051.2,1776063345000
1776063346.869,46.869,0.52,0.53,0.46,0.48,0.01,0.02,71051.2,1776063345000
1776063347.345,47.345,0.52,0.54,0.46,0.48,0.02,0.02,71047.26,1776063346000
1776063347.777,47.777,0.51,0.54,0.46,0.47,0.03,0.01,71047.26,1776063346000
1776063348.186,48.186,0.51,0.52,0.48,0.49,0.01,0.01,71045.94,1776063347000
1776063348.556,48.556,0.51,0.52,0.48,0.49,0.01,0.01,71045.94,1776063347000
1776063348.952,48.952,0.52,0.53,0.47,0.49,0.01,0.02,71045.94,1776063347000
1776063349.408,49.408,0.52,0.53,0.47,0.48,0.01,0.01,71046.24,1776063348000
1776063349.858,49.858,0.52,0.53,0.47,0.48,0.01,0.01,71046.24,1776063348000
1776063350.196,50.196,0.51,0.52,0.48,0.49,0.01,0.01,71048.22,1776063349000
1776063350.85,50.85,0.51,0.52,0.48,0.49,0.01,0.01,71048.22,1776063349000
1776063351.211,51.211,0.51,0.52,0.48,0.49,0.01,0.01,71048.22,1776063349000
1776063351.551,51.551,0.51,0.52,0.48,0.49,0.01,0.01,71048.29,1776063350000
1776063351.99,51.99,0.51,0.52,0.48,0.49,0.01,0.01,71048.29,1776063350000
1776063352.358,52.358,0.49,0.5,0.5,0.51,0.01,0.01,71048.29,1776063350000
1776063352.732,52.732,0.49,0.5,0.5,0.51,0.01,0.01,71044.11,1776063351000
1776063353.093,53.093,0.49,0.5,0.5,0.51,0.01,0.01,71045.93,1776063352000
1776063353.631,53.631,0.5,0.51,0.5,0.51,0.01,0.01,71045.93,1776063352000
1776063354.092,54.092,0.5,0.51,0.49,0.5,0.01,0.01,71045.94,1776063353000
1776063354.881,54.881,0.5,0.51,0.49,0.5,0.01,0.01,71045.94,1776063353000
1776063355.484,55.484,0.5,0.51,0.49,0.5,0.01,0.01,71044.16,1776063354000
1776063355.872,55.872,0.5,0.51,0.49,0.5,0.01,0.01,71044.16,1776063354000
1776063356.274,56.274,0.5,0.51,0.49,0.5,0.01,0.01,71046.65,1776063355000
1776063356.895,56.895,0.5,0.56,0.49,0.5,0.06,0.01,71046.65,1776063355000
1776063357.471,57.471,0.52,0.53,0.47,0.48,0.01,0.01,71046.91,1776063356000
1776063357.995,57.995,0.52,0.53,0.47,0.48,0.01,0.01,71046.91,1776063356000
1776063358.403,58.403,0.52,0.53,0.47,0.49,0.01,0.02,71046.91,1776063357000
1776063358.979,58.979,0.52,0.53,0.47,0.48,0.01,0.01,71046.91,1776063357000
1776063359.32,59.32,0.53,0.54,0.46,0.48,0.01,0.02,71046.88,1776063358000
1776063359.75,59.75,0.53,0.54,0.46,0.47,0.01,0.01,71046.88,1776063358000
1776063360.191,60.191,0.52,0.54,0.46,0.48,0.02,0.02,71046.88,1776063358000
1776063360.53,60.53,0.53,0.54,0.44,0.47,0.01,0.03,71045.51,1776063359000
1776063360.962,60.962,0.53,0.55,0.45,0.47,0.02,0.02,71046.94,1776063360000
1776063361.785,61.785,0.54,0.55,0.44,0.48,0.01,0.04,71046.94,1776063360000
1776063362.171,62.171,0.55,0.56,0.44,0.46,0.01,0.02,71046.94,1776063361000
1776063362.579,62.579,0.55,0.56,0.44,0.45,0.01,0.01,71046.94,1776063361000
1776063363.056,63.056,0.55,0.56,0.44,0.45,0.01,0.01,71046.94,1776063361000
1776063363.536,63.536,0.55,0.56,0.44,0.45,0.01,0.01,71043.85,1776063362000
1776063363.881,63.881,0.55,0.56,0.44,0.45,0.01,0.01,71043.85,1776063362000
1776063364.777,64.777,0.55,0.56,0.44,0.45,0.01,0.01,71043.85,1776063362000
1776063365.65,65.65,0.55,0.56,0.44,0.45,0.01,0.01,71043.85,1776063362000
1776063366.211,66.211,0.55,0.56,0.44,0.45,0.01,0.01,71047.37,1776063364000
1776063367.004,67.004,0.54,0.56,0.44,0.46,0.02,0.02,71045.77,1776063365000
1776063367.491,67.491,0.52,0.55,0.45,0.46,0.03,0.01,71045.77,1776063365000
1776063367.967,67.967,0.54,0.56,0.45,0.46,0.02,0.01,71045.76,1776063366000
1776063368.44,68.44,0.56,0.57,0.43,0.44,0.01,0.01,71047.42,1776063367000
1776063368.878,68.878,0.56,0.57,0.43,0.44,0.01,0.01,71047.42,1776063367000
1776063369.329,69.329,0.48,0.49,0.5,0.52,0.01,0.02,71047.37,1776063368000
1776063369.865,69.865,0.48,0.49,0.51,0.52,0.01,0.01,71047.37,1776063368000
1776063370.349,70.349,0.48,0.49,0.51,0.52,0.01,0.01,71047.37,1776063368000
1776063370.715,70.715,0.48,0.49,0.51,0.52,0.01,0.01,71047.38,1776063369000
1776063371.076,71.076,0.48,0.49,0.51,0.52,0.01,0.01,71043.44,1776063370000
1776063371.47,71.47,0.48,0.49,0.51,0.52,0.01,0.01,71043.44,1776063370000
1776063372.037,72.037,0.48,0.49,0.51,0.52,0.01,0.01,71043.44,1776063370000
1776063372.387,72.387,0.49,0.5,0.5,0.51,0.01,0.01,71039.06,1776063371000
1776063372.857,72.857,0.49,0.5,0.5,0.51,0.01,0.01,71039.06,1776063371000
1776063373.207,73.207,0.49,0.52,0.5,0.51,0.03,0.01,71039.06,1776063371000
1776063373.551,73.551,0.51,0.52,0.48,0.49,0.01,0.01,71039.06,1776063371000
1776063373.902,73.902,0.51,0.52,0.48,0.49,0.01,0.01,71039.99,1776063372000
1776063374.297,74.297,0.51,0.52,0.48,0.49,0.01,0.01,71039.85,1776063373000
1776063374.71,74.71,0.5,0.51,0.48,0.52,0.01,0.04,71039.85,1776063373000
1776063375.476,75.476,0.5,0.51,0.49,0.5,0.01,0.01,71040.1,1776063374000
1776063375.895,75.895,0.5,0.51,0.49,0.5,0.01,0.01,71040.1,1776063374000
1776063376.382,76.382,0.5,0.51,0.49,0.5,0.01,0.01,71040.1,1776063375000
1776063376.882,76.882,0.49,0.5,0.49,0.51,0.01,0.02,71040.1,1776063375000
1776063377.5,77.5,0.49,0.5,0.5,0.51,0.01,0.01,71040.55,1776063376000
1776063378.062,78.062,0.49,0.5,0.5,0.51,0.01,0.01,71040.55,1776063376000
1776063378.729,78.729,0.49,0.5,0.5,0.51,0.01,0.01,71040.55,1776063377000
1776063379.063,79.063,0.5,0.59,0.5,0.51,0.09,0.01,71040.55,1776063377000
1776063379.531,79.531,0.52,0.53,0.47,0.48,0.01,0.01,71040.55,1776063377000
1776063379.869,79.869,0.52,0.53,0.47,0.48,0.01,0.01,71041.47,1776063378000
1776063380.228,80.228,0.51,0.52,0.47,0.49,0.01,0.02,71041.2,1776063379000
1776063380.924,80.924,0.52,0.53,0.48,0.49,0.01,0.01,71041.2,1776063379000
1776063381.403,81.403,0.52,0.53,0.47,0.48,0.01,0.01,71041.26,1776063380000
1776063382.024,82.024,0.49,0.53,0.47,0.48,0.04,0.01,71041.26,1776063380000
1776063382.625,82.625,0.51,0.52,0.45,0.49,0.01,0.04,71040.86,1776063381000
1776063383.116,83.116,0.51,0.52,0.48,0.49,0.01,0.01,71040.86,1776063381000
1776063383.541,83.541,0.52,0.53,0.47,0.48,0.01,0.01,71040.85,1776063382000
1776063384.028,84.028,0.52,0.53,0.47,0.48,0.01,0.01,71040.85,1776063383000
1776063384.841,84.841,0.5,0.53,0.47,0.48,0.03,0.01,71040.85,1776063383000
1776063385.203,85.203,0.5,0.52,0.47,0.5,0.02,0.03,71039.82,1776063384000
1776063385.602,85.602,0.51,0.52,0.48,0.49,0.01,0.01,71039.82,1776063384000
1776063386.116,86.116,0.51,0.52,0.48,0.49,0.01,0.01,71039.82,1776063385000
1776063386.481,86.481,0.51,0.52,0.48,0.49,0.01,0.01,71039.82,1776063385000
1776063386.908,86.908,0.51,0.52,0.48,0.49,0.01,0.01,71039.82,1776063385000
1776063387.264,87.264,0.51,0.52,0.48,0.49,0.01,0.01,71040.05,1776063386000
1776063387.731,87.731,0.44,0.52,0.48,0.49,0.08,0.01,71040.05,1776063386000
1776063388.18,88.18,0.48,0.49,0.51,0.52,0.01,0.01,71040.05,1776063386000
1776063388.613,88.613,0.49,0.51,0.5,0.52,0.02,0.02,71040.05,1776063387000
1776063388.949,88.949,0.5,0.51,0.49,0.5,0.01,0.01,71040.05,1776063387000
1776063389.354,89.354,0.5,0.51,0.49,0.5,0.01,0.01,71040.82,1776063388000
1776063390.185,90.185,0.5,0.52,0.48,0.5,0.02,0.02,71041,1776063389000
1776063390.582,90.582,0.51,0.52,0.48,0.49,0.01,0.01,71041,1776063389000
1776063390.932,90.932,0.51,0.52,0.48,0.49,0.01,0.01,71041,1776063389000
1776063391.349,91.349,0.51,0.52,0.48,0.49,0.01,0.01,71041,1776063389000
1776063391.691,91.691,0.52,0.53,0.47,0.48,0.01,0.01,71041.3,1776063390000
1776063392.109,92.109,0.48,0.53,0.47,0.48,0.05,0.01,71041.3,1776063390000
1776063392.525,92.525,0.5,0.51,0.49,0.5,0.01,0.01,71042.01,1776063391000
1776063392.882,92.882,0.5,0.51,0.49,0.5,0.01,0.01,71042.01,1776063391000
1776063393.716,93.716,0.5,0.51,0.49,0.5,0.01,0.01,71041.79,1776063392000
1776063394.273,94.273,0.51,0.52,0.48,0.5,0.01,0.02,71041.62,1776063393000
1776063394.977,94.977,0.51,0.52,0.48,0.49,0.01,0.01,71041.62,1776063393000
1776063395.691,95.691,0.51,0.52,0.48,0.49,0.01,0.01,71041.62,1776063394000
1776063396.281,96.281,0.51,0.52,0.48,0.49,0.01,0.01,71041.79,1776063395000
1776063396.622,96.622,0.51,0.52,0.48,0.49,0.01,0.01,71041.79,1776063395000
1776063397.093,97.093,0.51,0.52,0.48,0.49,0.01,0.01,71041.96,1776063396000
1776063397.472,97.472,0.51,0.52,0.48,0.49,0.01,0.01,71041.96,1776063396000
1776063397.967,97.967,0.51,0.52,0.48,0.49,0.01,0.01,71041.96,1776063396000
1776063398.635,98.635,0.49,0.51,0.48,0.53,0.02,0.05,71041.97,1776063397000
1776063399.016,99.016,0.49,0.51,0.49,0.51,0.02,0.02,71042.02,1776063398000
1776063399.451,99.451,0.49,0.5,0.5,0.51,0.01,0.01,71042.02,1776063398000
1776063400.09,100.09,0.49,0.5,0.5,0.51,0.01,0.01,71041.36,1776063399000
1776063400.48,100.48,0.49,0.5,0.5,0.51,0.01,0.01,71041.36,1776063399000
1776063400.956,100.956,0.49,0.5,0.5,0.51,0.01,0.01,71041.36,1776063400000
1776063401.572,101.572,0.5,0.51,0.49,0.5,0.01,0.01,71041.36,1776063400000
1776063401.922,101.922,0.5,0.51,0.49,0.5,0.01,0.01,71040.73,1776063401000
1776063402.944,102.944,0.51,0.52,0.48,0.49,0.01,0.01,71040.73,1776063402000
1776063403.443,103.443,0.51,0.52,0.48,0.49,0.01,0.01,71040.73,1776063402000
1776063403.935,103.935,0.51,0.52,0.48,0.49,0.01,0.01,71041.51,1776063403000
1776063404.277,104.277,0.57,0.61,0.39,0.43,0.04,0.04,71041.51,1776063403000
1776063404.612,104.612,0.62,0.64,0.37,0.38,0.02,0.01,71041.51,1776063403000
1776063404.956,104.956,0.65,0.66,0.34,0.35,0.01,0.01,71040.64,1776063404000
1776063405.312,105.312,0.69,0.7,0.3,0.31,0.01,0.01,71040.64,1776063404000
1776063405.713,105.713,0.71,0.72,0.28,0.29,0.01,0.01,71040.64,1776063404000
1776063406.049,106.049,0.71,0.72,0.28,0.29,0.01,0.01,71040.64,1776063404000
1776063406.398,106.398,0.71,0.72,0.28,0.29,0.01,0.01,71046.51,1776063405000
1776063406.75,106.75,0.7,0.72,0.28,0.29,0.02,0.01,71046.51,1776063405000
1776063407.086,107.086,0.7,0.71,0.29,0.3,0.01,0.01,71046.51,1776063405000
1776063407.441,107.441,0.7,0.71,0.29,0.3,0.01,0.01,71048.05,1776063406000
1776063407.822,107.822,0.7,0.71,0.29,0.3,0.01,0.01,71048.05,1776063406000
1776063408.255,108.255,0.7,0.71,0.29,0.3,0.01,0.01,71051.46,1776063407000
1776063408.776,108.776,0.69,0.7,0.29,0.3,0.01,0.01,71051.46,1776063407000
1776063409.142,109.142,0.67,0.68,0.3,0.36,0.01,0.06,71051.46,1776063407000
1776063409.646,109.646,0.67,0.68,0.32,0.33,0.01,0.01,71051.46,1776063407000
1776063410.14,110.14,0.67,0.68,0.32,0.33,0.01,0.01,71051.64,1776063408000
1776063410.799,110.799,0.66,0.67,0.33,0.34,0.01,0.01,71051.94,1776063409000
1776063411.361,111.361,0.65,0.67,0.33,0.34,0.02,0.01,71051.94,1776063410000
1776063411.758,111.758,0.65,0.66,0.34,0.35,0.01,0.01,71051.94,1776063410000
1776063412.256,112.256,0.67,0.68,0.32,0.33,0.01,0.01,71051.94,1776063410000
1776063412.641,112.641,0.67,0.68,0.32,0.33,0.01,0.01,71051.94,1776063410000
1776063413.01,113.01,0.67,0.68,0.32,0.33,0.01,0.01,71051.58,1776063411000
1776063413.387,113.387,0.67,0.68,0.32,0.33,0.01,0.01,71049.57,1776063412000
1776063414.147,114.147,0.67,0.68,0.32,0.33,0.01,0.01,71051.58,1776063413000
1776063414.525,114.525,0.67,0.68,0.32,0.33,0.01,0.01,71051.58,1776063413000
1776063414.88,114.88,0.68,0.69,0.32,0.33,0.01,0.01,71051.58,1776063413000
1776063415.67,115.67,0.68,0.69,0.31,0.32,0.01,0.01,71051.76,1776063414000
1776063416.007,116.007,0.68,0.69,0.31,0.32,0.01,0.01,71051.76,1776063414000
1776063416.382,116.382,0.68,0.69,0.31,0.32,0.01,0.01,71051.64,1776063415000
1776063416.889,116.889,0.68,0.69,0.31,0.32,0.01,0.01,71051.64,1776063415000
1776063417.539,117.539,0.68,0.69,0.31,0.32,0.01,0.01,71051.51,1776063416000
1776063418.018,118.018,0.69,0.7,0.31,0.32,0.01,0.01,71051.51,1776063416000
1776063418.702,118.702,0.69,0.7,0.3,0.31,0.01,0.01,71051.51,1776063416000
1776063419.316,119.316,0.68,0.69,0.31,0.33,0.01,0.02,71051.69,1776063417000
1776063419.78,119.78,0.68,0.69,0.31,0.32,0.01,0.01,71051.71,1776063418000
1776063420.428,120.428,0.68,0.69,0.31,0.32,0.01,0.01,71051.71,1776063419000
1776063420.796,120.796,0.68,0.69,0.31,0.32,0.01,0.01,71051.71,1776063419000
1776063421.227,121.227,0.58,0.69,0.31,0.33,0.11,0.02,71051.71,1776063419000
1776063421.621,121.621,0.65,0.66,0.34,0.35,0.01,0.01,71051.91,1776063420000
1776063421.956,121.956,0.57,0.62,0.38,0.43,0.05,0.05,71051.91,1776063420000
1776063422.34,122.34,0.57,0.58,0.41,0.43,0.01,0.02,71051.85,1776063421000
1776063422.7,122.7,0.57,0.58,0.42,0.43,0.01,0.01,71051.85,1776063421000
1776063423.197,123.197,0.58,0.59,0.41,0.42,0.01,0.01,71051.85,1776063421000
1776063423.76,123.76,0.59,0.6,0.4,0.41,0.01,0.01,71052.02,1776063422000
1776063424.23,124.23,0.59,0.61,0.4,0.41,0.02,0.01,71052.02,1776063422000
1776063424.588,124.588,0.6,0.61,0.39,0.4,0.01,0.01,71051.33,1776063423000
1776063425.03,125.03,0.61,0.62,0.38,0.39,0.01,0.01,71051.33,1776063423000
1776063425.365,125.365,0.61,0.62,0.38,0.39,0.01,0.01,71051.33,1776063423000
1776063425.737,125.737,0.61,0.62,0.38,0.39,0.01,0.01,71049.93,1776063424000
1776063426.078,126.078,0.61,0.62,0.38,0.39,0.01,0.01,71049.93,1776063424000
1776063426.479,126.479,0.61,0.62,0.38,0.39,0.01,0.01,71049.57,1776063425000
1776063427.01,127.01,0.61,0.62,0.38,0.39,0.01,0.01,71049.58,1776063426000
1776063427.351,127.351,0.63,0.64,0.36,0.37,0.01,0.01,71049.58,1776063426000
1776063427.69,127.69,0.63,0.64,0.36,0.37,0.01,0.01,71049.58,1776063426000
1776063428.166,128.166,0.63,0.64,0.36,0.37,0.01,0.01,71049.58,1776063426000
1776063428.577,128.577,0.63,0.64,0.36,0.37,0.01,0.01,71049.58,1776063427000
1776063428.977,128.977,0.63,0.64,0.36,0.37,0.01,0.01,71049.55,1776063428000
1776063429.57,129.57,0.64,0.65,0.35,0.36,0.01,0.01,71049.55,1776063428000
1776063430.167,130.167,0.64,0.65,0.35,0.36,0.01,0.01,71049.55,1776063429000
1776063430.7,130.7,0.64,0.65,0.35,0.36,0.01,0.01,71049.55,1776063429000
1776063431.386,131.386,0.63,0.64,0.35,0.36,0.01,0.01,71049.55,1776063429000
1776063431.826,131.826,0.64,0.65,0.36,0.37,0.01,0.01,71049.52,1776063430000
1776063432.169,132.169,0.63,0.65,0.35,0.37,0.02,0.02,71049.52,1776063431000
1776063432.685,132.685,0.64,0.65,0.35,0.36,0.01,0.01,71049.52,1776063431000
1776063433.031,133.031,0.64,0.65,0.35,0.36,0.01,0.01,71049.52,1776063431000
1776063433.442,133.442,0.64,0.65,0.35,0.36,0.01,0.01,71049.52,1776063432000
1776063433.961,133.961,0.64,0.65,0.35,0.36,0.01,0.01,71049.52,1776063432000
1776063434.463,134.463,0.64,0.65,0.35,0.36,0.01,0.01,71049.52,1776063433000
1776063434.797,134.797,0.58,0.61,0.39,0.42,0.03,0.03,71049.52,1776063433000
1776063435.141,135.141,0.53,0.54,0.46,0.47,0.01,0.01,71049.52,1776063433000
1776063435.504,135.504,0.52,0.53,0.47,0.48,0.01,0.01,71051.45,1776063434000
1776063436.048,136.048,0.49,0.52,0.48,0.49,0.03,0.01,71051.45,1776063434000
1776063436.599,136.599,0.5,0.51,0.49,0.5,0.01,0.01,71049.55,1776063435000
1776063437.038,137.038,0.5,0.51,0.49,0.5,0.01,0.01,71049.55,1776063435000
1776063437.465,137.465,0.51,0.52,0.49,0.5,0.01,0.01,71047.09,1776063436000
1776063437.801,137.801,0.5,0.52,0.48,0.5,0.02,0.02,71047.09,1776063436000
1776063438.2,138.2,0.5,0.51,0.49,0.5,0.01,0.01,71042.99,1776063437000
1776063438.558,138.558,0.5,0.51,0.49,0.5,0.01,0.01,71042.99,1776063437000
1776063439.044,139.044,0.5,0.51,0.49,0.5,0.01,0.01,71041.55,1776063438000
1776063439.39,139.39,0.48,0.49,0.49,0.52,0.01,0.03,71041.55,1776063438000
1776063439.732,139.732,0.47,0.49,0.52,0.55,0.02,0.03,71041.55,1776063438000
1776063440.093,140.093,0.48,0.5,0.51,0.52,0.02,0.01,71041.55,1776063438000
1776063440.522,140.522,0.49,0.51,0.5,0.51,0.02,0.01,71041.38,1776063439000
1776063440.871,140.871,0.5,0.51,0.49,0.5,0.01,0.01,71042.8,1776063440000
1776063441.206,141.206,0.51,0.53,0.47,0.49,0.02,0.02,71042.8,1776063440000
1776063441.772,141.772,0.57,0.58,0.42,0.44,0.01,0.02,71042.8,1776063440000
1776063442.109,142.109,0.61,0.62,0.38,0.39,0.01,0.01,71042.8,1776063440000
1776063442.471,142.471,0.62,0.63,0.37,0.38,0.01,0.01,71042.24,1776063441000
1776063442.881,142.881,0.63,0.64,0.36,0.37,0.01,0.01,71042.24,1776063441000
1776063443.419,143.419,0.63,0.64,0.36,0.37,0.01,0.01,71043.59,1776063442000
1776063443.786,143.786,0.63,0.64,0.36,0.37,0.01,0.01,71043.59,1776063442000
1776063444.158,144.158,0.63,0.64,0.36,0.37,0.01,0.01,71043.59,1776063442000
1776063444.572,144.572,0.63,0.65,0.36,0.37,0.02,0.01,71045.64,1776063443000
1776063444.936,144.936,0.64,0.65,0.35,0.36,0.01,0.01,71045.64,1776063443000
1776063445.358,145.358,0.64,0.65,0.35,0.36,0.01,0.01,71045.64,1776063444000
1776063445.883,145.883,0.64,0.65,0.35,0.36,0.01,0.01,71045.64,1776063444000
1776063446.275,146.275,0.64,0.66,0.34,0.36,0.02,0.02,71045.64,1776063445000
1776063446.626,146.626,0.65,0.66,0.34,0.36,0.01,0.02,71045.64,1776063445000
1776063447.197,147.197,0.65,0.66,0.34,0.35,0.01,0.01,71045.63,1776063446000
1776063447.624,147.624,0.65,0.66,0.34,0.35,0.01,0.01,71045.63,1776063446000
1776063448.08,148.08,0.65,0.66,0.34,0.35,0.01,0.01,71045.63,1776063446000
1776063448.511,148.511,0.65,0.66,0.34,0.35,0.01,0.01,71045.63,1776063447000
1776063449.262,149.262,0.65,0.66,0.34,0.35,0.01,0.01,71045.64,1776063448000
1776063449.978,149.978,0.65,0.66,0.34,0.35,0.01,0.01,71045.64,1776063448000
1776063450.514,150.514,0.65,0.66,0.34,0.35,0.01,0.01,71045.76,1776063449000
1776063451.149,151.149,0.65,0.66,0.34,0.35,0.01,0.01,71045.76,1776063450000
1776063451.741,151.741,0.65,0.66,0.34,0.35,0.01,0.01,71045.76,1776063450000
1776063452.179,152.179,0.64,0.66,0.34,0.36,0.02,0.02,71045.76,1776063450000
1776063452.518,152.518,0.64,0.66,0.34,0.36,0.02,0.02,71045.81,1776063451000
1776063452.862,152.862,0.65,0.66,0.34,0.35,0.01,0.01,71045.81,1776063451000
1776063453.354,153.354,0.65,0.66,0.34,0.35,0.01,0.01,71045.81,1776063451000
1776063453.976,153.976,0.65,0.66,0.34,0.35,0.01,0.01,71045.87,1776063452000
1776063454.484,154.484,0.63,0.66,0.34,0.37,0.03,0.03,71046.13,1776063453000
1776063454.997,154.997,0.65,0.66,0.34,0.37,0.01,0.03,71046.13,1776063453000
1776063455.559,155.559,0.65,0.66,0.34,0.35,0.01,0.01,71045.9,1776063454000
1776063455.937,155.937,0.65,0.66,0.34,0.35,0.01,0.01,71045.9,1776063454000
1776063456.408,156.408,0.64,0.65,0.35,0.36,0.01,0.01,71045.9,1776063454000
1776063457.165,157.165,0.63,0.65,0.35,0.37,0.02,0.02,71046.92,1776063456000
1776063457.736,157.736,0.63,0.64,0.35,0.37,0.01,0.02,71046.92,1776063456000
1776063458.48,158.48,0.63,0.64,0.36,0.37,0.01,0.01,71047.34,1776063457000
1776063458.816,158.816,0.63,0.64,0.36,0.37,0.01,0.01,71047.34,1776063457000
1776063459.2,159.2,0.63,0.64,0.36,0.37,0.01,0.01,71046.9,1776063458000
1776063459.538,159.538,0.63,0.64,0.36,0.37,0.01,0.01,71046.9,1776063458000
1776063460.119,160.119,0.65,0.66,0.36,0.37,0.01,0.01,71046.9,1776063458000
1776063460.506,160.506,0.65,0.66,0.34,0.35,0.01,0.01,71046.9,1776063459000
1776063461.249,161.249,0.65,0.66,0.34,0.35,0.01,0.01,71046.9,1776063460000
1776063461.607,161.607,0.65,0.66,0.34,0.35,0.01,0.01,71046.9,1776063460000
1776063462.449,162.449,0.65,0.66,0.34,0.35,0.01,0.01,71046.91,1776063461000
1776063463.044,163.044,0.64,0.65,0.35,0.36,0.01,0.01,71046.91,1776063462000
1776063464.183,164.183,0.64,0.65,0.35,0.36,0.01,0.01,71046.9,1776063463000
1776063465.405,165.405,0.64,0.65,0.35,0.36,0.01,0.01,71048.7,1776063464000
1776063465.823,165.823,0.67,0.68,0.35,0.36,0.01,0.01,71048.7,1776063464000
1776063466.52,166.52,0.67,0.68,0.32,0.33,0.01,0.01,71048.38,1776063465000
1776063466.864,166.864,0.67,0.68,0.32,0.33,0.01,0.01,71048.38,1776063465000
1776063467.215,167.215,0.67,0.68,0.32,0.33,0.01,0.01,71046.88,1776063466000
1776063467.61,167.61,0.67,0.68,0.32,0.33,0.01,0.01,71046.88,1776063466000
1776063468.25,168.25,0.67,0.68,0.32,0.33,0.01,0.01,71048.86,1776063467000
1776063468.638,168.638,0.67,0.68,0.32,0.33,0.01,0.01,71048.86,1776063467000
1776063469.207,169.207,0.67,0.68,0.32,0.33,0.01,0.01,71046.83,1776063468000
1776063469.617,169.617,0.67,0.68,0.32,0.33,0.01,0.01,71046.83,1776063468000
1776063470.264,170.264,0.67,0.68,0.32,0.33,0.01,0.01,71046.83,1776063468000
1776063470.8,170.8,0.67,0.68,0.32,0.33,0.01,0.01,71046.83,1776063469000
1776063471.243,171.243,0.67,0.68,0.32,0.33,0.01,0.01,71046.83,1776063470000
1776063472.058,172.058,0.67,0.68,0.32,0.33,0.01,0.01,71046.87,1776063471000
1776063472.434,172.434,0.67,0.68,0.32,0.33,0.01,0.01,71046.87,1776063471000
1776063472.865,172.865,0.67,0.68,0.32,0.33,0.01,0.01,71046.87,1776063471000
1776063473.328,173.328,0.67,0.68,0.32,0.33,0.01,0.01,71046.87,1776063472000
1776063473.691,173.691,0.67,0.68,0.32,0.33,0.01,0.01,71046.87,1776063472000
1776063474.202,174.202,0.67,0.68,0.32,0.33,0.01,0.01,71046.86,1776063473000
1776063474.9,174.9,0.66,0.67,0.33,0.34,0.01,0.01,71046.86,1776063473000
1776063475.495,175.495,0.66,0.67,0.33,0.34,0.01,0.01,71046.86,1776063474000
1776063475.862,175.862,0.66,0.67,0.33,0.34,0.01,0.01,71046.86,1776063474000
1776063476.274,176.274,0.66,0.67,0.33,0.34,0.01,0.01,71046.86,1776063475000
1776063476.741,176.741,0.67,0.69,0.32,0.34,0.02,0.02,71046.86,1776063475000
1776063477.2,177.2,0.68,0.69,0.31,0.32,0.01,0.01,71046.86,1776063476000
1776063477.534,177.534,0.68,0.69,0.31,0.32,0.01,0.01,71046.86,1776063476000
1776063478.091,178.091,0.68,0.69,0.31,0.32,0.01,0.01,71046.86,1776063476000
1776063478.662,178.662,0.68,0.69,0.31,0.32,0.01,0.01,71046.87,1776063477000
1776063479.09,179.09,0.68,0.69,0.31,0.32,0.01,0.01,71046.87,1776063477000
1776063479.452,179.452,0.68,0.69,0.31,0.32,0.01,0.01,71048.37,1776063478000
1776063479.805,179.805,0.67,0.68,0.32,0.33,0.01,0.01,71048.37,1776063478000
1776063480.17,180.17,0.67,0.68,0.32,0.33,0.01,0.01,71047.79,1776063479000
1776063480.739,180.739,0.68,0.69,0.32,0.33,0.01,0.01,71047.79,1776063479000
1776063481.208,181.208,0.68,0.69,0.31,0.32,0.01,0.01,71047.23,1776063480000
1776063481.588,181.588,0.68,0.69,0.31,0.32,0.01,0.01,71047.23,1776063480000
1776063482.37,182.37,0.67,0.68,0.31,0.33,0.01,0.02,71047.23,1776063480000
1776063482.713,182.713,0.68,0.69,0.32,0.33,0.01,0.01,71046.34,1776063481000
1776063483.047,183.047,0.68,0.69,0.31,0.32,0.01,0.01,71046.34,1776063482000
1776063483.384,183.384,0.68,0.69,0.31,0.32,0.01,0.01,71046.34,1776063482000
1776063483.724,183.724,0.68,0.69,0.31,0.32,0.01,0.01,71046.34,1776063482000
1776063484.527,184.527,0.64,0.65,0.33,0.38,0.01,0.05,71046.51,1776063483000
1776063484.88,184.88,0.62,0.65,0.35,0.36,0.03,0.01,71046.51,1776063483000
1776063485.394,185.394,0.63,0.64,0.36,0.37,0.01,0.01,71046.35,1776063484000
1776063485.927,185.927,0.63,0.64,0.36,0.37,0.01,0.01,71046.35,1776063484000
1776063486.274,186.274,0.63,0.64,0.36,0.37,0.01,0.01,71046.25,1776063485000
1776063487.013,187.013,0.63,0.64,0.36,0.37,0.01,0.01,71046.27,1776063486000
1776063487.489,187.489,0.62,0.63,0.36,0.37,0.01,0.01,71046.27,1776063486000
1776063487.962,187.962,0.62,0.63,0.37,0.38,0.01,0.01,71046.27,1776063486000
1776063488.316,188.316,0.62,0.63,0.37,0.38,0.01,0.01,71046.27,1776063487000
1776063488.962,188.962,0.62,0.63,0.37,0.38,0.01,0.01,71046.27,1776063487000
1776063489.523,189.523,0.62,0.63,0.37,0.38,0.01,0.01,71046.42,1776063488000
1776063490.199,190.199,0.62,0.63,0.37,0.38,0.01,0.01,71046.42,1776063489000
1776063490.8,190.8,0.61,0.63,0.37,0.38,0.02,0.01,71046.42,1776063489000
1776063491.161,191.161,0.61,0.62,0.38,0.39,0.01,0.01,71046.42,1776063490000
1776063491.52,191.52,0.61,0.62,0.38,0.39,0.01,0.01,71046.42,1776063490000
1776063491.963,191.963,0.61,0.62,0.38,0.39,0.01,0.01,71046.42,1776063490000
1776063492.301,192.301,0.61,0.62,0.38,0.39,0.01,0.01,71046.27,1776063491000
1776063492.681,192.681,0.62,0.63,0.37,0.38,0.01,0.01,71046.27,1776063491000
1776063493.058,193.058,0.62,0.63,0.37,0.38,0.01,0.01,71046.27,1776063491000
1776063493.491,193.491,0.62,0.63,0.37,0.38,0.01,0.01,71046.27,1776063492000
1776063494.061,194.061,0.62,0.63,0.37,0.38,0.01,0.01,71046.27,1776063492000
1776063494.64,194.64,0.62,0.63,0.37,0.38,0.01,0.01,71046.42,1776063493000
1776063495.191,195.191,0.62,0.63,0.37,0.38,0.01,0.01,71046.48,1776063494000
1776063495.899,195.899,0.62,0.63,0.37,0.38,0.01,0.01,71046.48,1776063494000
1776063496.526,196.526,0.63,0.64,0.37,0.38,0.01,0.01,71046.47,1776063495000
1776063497.269,197.269,0.63,0.64,0.36,0.37,0.01,0.01,71046.47,1776063495000
1776063497.68,197.68,0.63,0.64,0.36,0.37,0.01,0.01,71045.05,1776063496000
1776063498.264,198.264,0.63,0.64,0.36,0.37,0.01,0.01,71045.08,1776063497000
1776063499.203,199.203,0.65,0.67,0.34,0.35,0.02,0.01,71045.08,1776063497000
1776063499.598,199.598,0.65,0.66,0.34,0.35,0.01,0.01,71045.12,1776063498000
1776063500.296,200.296,0.65,0.66,0.34,0.35,0.01,0.01,71045.36,1776063499000
1776063501.45,201.45,0.65,0.66,0.34,0.35,0.01,0.01,71045.51,1776063500000
1776063501.802,201.802,0.65,0.66,0.34,0.35,0.01,0.01,71045.51,1776063500000
1776063502.252,202.252,0.66,0.67,0.33,0.35,0.01,0.02,71045.51,1776063500000
1776063502.921,202.921,0.66,0.67,0.33,0.34,0.01,0.01,71045.56,1776063501000
1776063503.351,203.351,0.67,0.68,0.32,0.33,0.01,0.01,71045.62,1776063502000
1776063503.695,203.695,0.67,0.68,0.32,0.33,0.01,0.01,71045.62,1776063502000
1776063504.206,204.206,0.67,0.68,0.32,0.33,0.01,0.01,71045.69,1776063503000
1776063504.946,204.946,0.67,0.68,0.32,0.33,0.01,0.01,71046.6,1776063504000
1776063505.287,205.287,0.69,0.71,0.29,0.31,0.02,0.02,71046.6,1776063504000
1776063505.75,205.75,0.7,0.71,0.3,0.31,0.01,0.01,71046.6,1776063504000
1776063506.148,206.148,0.7,0.71,0.29,0.3,0.01,0.01,71046.62,1776063505000
1776063506.614,206.614,0.7,0.71,0.29,0.3,0.01,0.01,71046.62,1776063505000
1776063507.081,207.081,0.7,0.71,0.29,0.3,0.01,0.01,71046.64,1776063506000
1776063507.44,207.44,0.7,0.71,0.29,0.3,0.01,0.01,71046.64,1776063506000
1776063508.123,208.123,0.7,0.71,0.29,0.3,0.01,0.01,71046.7,1776063507000
1776063508.463,208.463,0.7,0.71,0.25,0.3,0.01,0.05,71046.7,1776063507000
1776063509.041,209.041,0.7,0.71,0.29,0.3,0.01,0.01,71046.7,1776063507000
1776063509.486,209.486,0.71,0.72,0.28,0.29,0.01,0.01,71046.71,1776063508000
1776063509.831,209.831,0.71,0.72,0.28,0.29,0.01,0.01,71046.71,1776063508000
1776063510.185,210.185,0.71,0.72,0.28,0.29,0.01,0.01,71046.71,1776063508000
1776063510.531,210.531,0.71,0.72,0.28,0.29,0.01,0.01,71048.97,1776063509000
1776063510.878,210.878,0.72,0.73,0.27,0.28,0.01,0.01,71048.97,1776063509000
1776063511.213,211.213,0.72,0.73,0.27,0.28,0.01,0.01,71048.97,1776063509000
1776063511.6,211.6,0.72,0.73,0.27,0.28,0.01,0.01,71046.78,1776063510000
1776063512.022,212.022,0.72,0.73,0.15,0.28,0.01,0.13,71046.78,1776063510000
1776063512.512,212.512,0.74,0.75,0.26,0.28,0.01,0.02,71046.78,1776063511000
1776063512.916,212.916,0.75,0.81,0.24,0.26,0.06,0.02,71046.78,1776063511000
1776063513.255,213.255,0.85,0.87,0.13,0.15,0.02,0.02,71046.78,1776063511000
1776063513.597,213.597,0.85,0.87,0.13,0.15,0.02,0.02,71046.42,1776063512000
1776063513.94,213.94,0.85,0.87,0.13,0.15,0.02,0.02,71046.42,1776063512000
1776063514.312,214.312,0.84,0.85,0.14,0.15,0.01,0.01,71046.45,1776063513000
1776063514.656,214.656,0.84,0.86,0.14,0.16,0.02,0.02,71046.45,1776063513000
1776063515.077,215.077,0.84,0.85,0.15,0.16,0.01,0.01,71046.45,1776063513000
1776063515.564,215.564,0.84,0.85,0.16,0.17,0.01,0.01,71050.98,1776063514000
1776063515.932,215.932,0.83,0.84,0.15,0.17,0.01,0.02,71050.98,1776063514000
1776063516.387,216.387,0.83,0.84,0.16,0.17,0.01,0.01,71050.98,1776063514000
1776063516.729,216.729,0.83,0.85,0.16,0.17,0.02,0.01,71054.21,1776063515000
1776063517.207,217.207,0.83,0.85,0.15,0.16,0.02,0.01,71054.21,1776063515000
1776063517.634,217.634,0.82,0.84,0.16,0.17,0.02,0.01,71053.52,1776063516000
1776063518.04,218.04,0.82,0.83,0.17,0.18,0.01,0.01,71053.52,1776063516000
1776063518.537,218.537,0.81,0.82,0.18,0.19,0.01,0.01,71053.52,1776063516000
1776063518.98,218.98,0.81,0.82,0.18,0.19,0.01,0.01,71050.35,1776063517000
1776063519.314,219.314,0.8,0.82,0.18,0.2,0.02,0.02,71050.35,1776063518000
1776063519.87,219.87,0.79,0.8,0.2,0.21,0.01,0.01,71050.35,1776063518000
1776063520.253,220.253,0.77,0.78,0.22,0.23,0.01,0.01,71050.35,1776063518000
1776063520.693,220.693,0.77,0.78,0.22,0.23,0.01,0.01,71051.06,1776063519000
1776063521.169,221.169,0.77,0.78,0.22,0.23,0.01,0.01,71052.64,1776063520000
1776063521.583,221.583,0.78,0.79,0.22,0.23,0.01,0.01,71052.64,1776063520000
1776063522.149,222.149,0.8,0.81,0.19,0.2,0.01,0.01,71052.64,1776063520000
1776063522.689,222.689,0.8,0.81,0.19,0.2,0.01,0.01,71053.78,1776063521000
1776063523.143,223.143,0.8,0.81,0.19,0.2,0.01,0.01,71051.06,1776063522000
1776063523.486,223.486,0.84,0.85,0.15,0.16,0.01,0.01,71051.06,1776063522000
1776063523.821,223.821,0.85,0.86,0.14,0.15,0.01,0.01,71051.06,1776063522000
1776063524.322,224.322,0.85,0.87,0.13,0.15,0.02,0.02,71052.78,1776063523000
1776063524.705,224.705,0.86,0.87,0.13,0.14,0.01,0.01,71052.78,1776063523000
1776063525.22,225.22,0.86,0.87,0.13,0.14,0.01,0.01,71052.78,1776063523000
1776063525.567,225.567,0.86,0.87,0.13,0.14,0.01,0.01,71052.78,1776063523000
1776063526.183,226.183,0.86,0.87,0.13,0.14,0.01,0.01,71055.81,1776063525000
1776063526.61,226.61,0.86,0.87,0.13,0.14,0.01,0.01,71055.81,1776063525000
1776063527.273,227.273,0.86,0.87,0.13,0.14,0.01,0.01,71055.81,1776063525000
1776063527.78,227.78,0.86,0.87,0.13,0.14,0.01,0.01,71060.65,1776063526000
1776063528.159,228.159,0.87,0.88,0.12,0.13,0.01,0.01,71060.65,1776063526000
1776063528.638,228.638,0.87,0.88,0.12,0.13,0.01,0.01,71061.53,1776063527000
1776063529.208,229.208,0.87,0.88,0.12,0.13,0.01,0.01,71061.53,1776063527000
1776063529.635,229.635,0.87,0.88,0.12,0.13,0.01,0.01,71058.11,1776063528000
1776063530.064,230.064,0.85,0.86,0.14,0.16,0.01,0.02,71058.11,1776063528000
1776063530.705,230.705,0.84,0.85,0.14,0.15,0.01,0.01,71058.14,1776063529000
1776063531.125,231.125,0.85,0.86,0.13,0.16,0.01,0.03,71058.14,1776063529000
1776063531.498,231.498,0.84,0.85,0.15,0.16,0.01,0.01,71058.17,1776063530000
1776063531.902,231.902,0.84,0.87,0.15,0.16,0.03,0.01,71058.17,1776063530000
1776063532.825,232.825,0.85,0.86,0.14,0.16,0.01,0.02,71057.85,1776063531000
1776063533.185,233.185,0.85,0.86,0.14,0.15,0.01,0.01,71059.66,1776063532000
1776063533.538,233.538,0.85,0.86,0.14,0.15,0.01,0.01,71059.66,1776063532000
1776063533.995,233.995,0.85,0.86,0.14,0.15,0.01,0.01,71059.66,1776063532000
1776063534.481,234.481,0.86,0.87,0.13,0.14,0.01,0.01,71057.84,1776063533000
1776063534.944,234.944,0.86,0.87,0.13,0.14,0.01,0.01,71057.84,1776063533000
1776063535.587,235.587,0.86,0.87,0.13,0.14,0.01,0.01,71057.84,1776063534000
1776063535.972,235.972,0.86,0.87,0.13,0.14,0.01,0.01,71057.86,1776063535000
1776063536.448,236.448,0.82,0.87,0.13,0.14,0.05,0.01,71057.86,1776063535000
1776063536.784,236.784,0.85,0.86,0.14,0.15,0.01,0.01,71057.86,1776063535000
1776063537.519,237.519,0.85,0.86,0.14,0.15,0.01,0.01,71057.83,1776063536000
1776063537.988,237.988,0.84,0.86,0.14,0.16,0.02,0.02,71057.86,1776063537000
1776063538.529,238.529,0.84,0.85,0.15,0.16,0.01,0.01,71057.86,1776063537000
1776063538.876,238.876,0.85,0.86,0.14,0.15,0.01,0.01,71057.88,1776063538000
1776063539.221,239.221,0.85,0.87,0.14,0.15,0.02,0.01,71057.88,1776063538000
1776063539.584,239.584,0.86,0.87,0.13,0.14,0.01,0.01,71057.88,1776063538000
1776063540.416,240.416,0.86,0.87,0.13,0.14,0.01,0.01,71057.89,1776063539000
1776063540.79,240.79,0.85,0.88,0.12,0.14,0.03,0.02,71057.89,1776063539000
1776063541.193,241.193,0.86,0.87,0.13,0.14,0.01,0.01,71057.89,1776063540000
1776063541.821,241.821,0.86,0.87,0.13,0.14,0.01,0.01,71057.89,1776063540000
1776063542.184,242.184,0.86,0.87,0.13,0.14,0.01,0.01,71057.9,1776063541000
1776063542.81,242.81,0.86,0.89,0.11,0.13,0.03,0.02,71057.9,1776063541000
1776063543.153,243.153,0.87,0.89,0.12,0.13,0.02,0.01,71057.87,1776063542000
1776063543.551,243.551,0.87,0.88,0.12,0.13,0.01,0.01,71057.87,1776063542000
1776063543.947,243.947,0.87,0.88,0.12,0.13,0.01,0.01,71057.87,1776063542000
1776063544.294,244.294,0.87,0.88,0.12,0.13,0.01,0.01,71057.9,1776063543000
1776063544.85,244.85,0.87,0.88,0.12,0.13,0.01,0.01,71057.9,1776063543000
1776063545.311,245.311,0.87,0.88,0.12,0.13,0.01,0.01,71059.9,1776063544000
1776063545.773,245.773,0.87,0.88,0.12,0.13,0.01,0.01,71059.9,1776063544000
1776063546.262,246.262,0.87,0.88,0.12,0.13,0.01,0.01,71059.9,1776063544000
1776063546.808,246.808,0.87,0.89,0.12,0.13,0.02,0.01,71059.18,1776063545000
1776063547.226,247.226,0.86,0.89,0.1,0.12,0.03,0.02,71059.18,1776063545000
1776063547.815,247.815,0.88,0.89,0.11,0.12,0.01,0.01,71057.98,1776063546000
1776063548.172,248.172,0.88,0.89,0.11,0.12,0.01,0.01,71057.98,1776063546000
1776063548.635,248.635,0.88,0.89,0.11,0.12,0.01,0.01,71057.98,1776063547000
1776063549.213,249.213,0.85,0.9,0.1,0.15,0.05,0.05,71058.0,1776063548000
1776063549.732,249.732,0.87,0.88,0.12,0.14,0.01,0.02,71058.0,1776063548000
1776063550.155,250.155,0.87,0.88,0.12,0.13,0.01,0.01,71060.3,1776063549000
1776063550.515,250.515,0.87,0.88,0.12,0.13,0.01,0.01,71060.3,1776063549000
1776063551.104,251.104,0.87,0.88,0.12,0.13,0.01,0.01,71060.3,1776063549000
1776063551.48,251.48,0.87,0.88,0.12,0.13,0.01,0.01,71058.05,1776063550000
1776063552.015,252.015,0.87,0.88,0.12,0.13,0.01,0.01,71058.05,1776063550000
1776063552.919,252.919,0.87,0.88,0.12,0.13,0.01,0.01,71058.03,1776063551000
1776063553.291,253.291,0.87,0.88,0.12,0.13,0.01,0.01,71058.03,1776063552000
1776063553.625,253.625,0.87,0.88,0.12,0.13,0.01,0.01,71058.03,1776063552000
1776063554.261,254.261,0.86,0.88,0.12,0.13,0.02,0.01,71058.03,1776063552000
1776063554.597,254.597,0.86,0.87,0.13,0.14,0.01,0.01,71058.03,1776063552000
1776063555.089,255.089,0.86,0.88,0.13,0.14,0.02,0.01,71058.03,1776063552000
1776063555.765,255.765,0.85,0.88,0.13,0.14,0.03,0.01,71061.01,1776063554000
1776063556.129,256.129,0.86,0.88,0.13,0.14,0.02,0.01,71061.01,1776063554000
1776063556.529,256.529,0.86,0.87,0.13,0.14,0.01,0.01,71061.01,1776063554000
1776063557.259,257.259,0.86,0.87,0.13,0.14,0.01,0.01,71058.07,1776063555000
1776063557.634,257.634,0.85,0.86,0.15,0.17,0.01,0.02,71061.06,1776063556000
1776063557.986,257.986,0.85,0.86,0.14,0.15,0.01,0.01,71061.06,1776063556000
1776063558.499,258.499,0.85,0.86,0.14,0.15,0.01,0.01,71058.09,1776063557000
1776063558.955,258.955,0.86,0.87,0.13,0.15,0.01,0.02,71058.09,1776063557000
1776063559.334,259.334,0.87,0.88,0.12,0.14,0.01,0.02,71058.09,1776063557000
1776063559.686,259.686,0.87,0.88,0.12,0.13,0.01,0.01,71060.96,1776063558000
1776063560.057,260.057,0.87,0.88,0.12,0.13,0.01,0.01,71058.19,1776063559000
1776063560.439,260.439,0.86,0.87,0.13,0.15,0.01,0.02,71058.19,1776063559000
1776063561.004,261.004,0.86,0.87,0.13,0.15,0.01,0.02,71058.19,1776063559000
1776063561.339,261.339,0.85,0.87,0.13,0.15,0.02,0.02,71058.19,1776063560000
1776063561.7,261.7,0.86,0.87,0.13,0.15,0.01,0.02,71058.19,1776063560000
1776063562.314,262.314,0.84,0.85,0.14,0.16,0.01,0.02,71060.77,1776063561000
1776063562.899,262.899,0.84,0.85,0.15,0.18,0.01,0.03,71060.77,1776063561000
1776063563.334,263.334,0.83,0.84,0.16,0.17,0.01,0.01,71060.66,1776063562000
1776063563.673,263.673,0.83,0.84,0.16,0.17,0.01,0.01,71060.66,1776063562000
1776063564.022,264.022,0.79,0.8,0.2,0.21,0.01,0.01,71060.66,1776063562000
1776063564.367,264.367,0.71,0.72,0.28,0.29,0.01,0.01,71061.08,1776063563000
1776063564.704,264.704,0.69,0.7,0.3,0.31,0.01,0.01,71061.08,1776063563000
1776063565.22,265.22,0.69,0.7,0.3,0.31,0.01,0.01,71061.08,1776063563000
1776063565.577,265.577,0.56,0.58,0.42,0.46,0.02,0.04,71060.92,1776063564000
1776063565.915,265.915,0.5,0.55,0.45,0.47,0.05,0.02,71060.92,1776063564000
1776063566.306,266.306,0.49,0.5,0.48,0.5,0.01,0.02,71056.64,1776063565000
1776063566.744,266.744,0.46,0.47,0.53,0.54,0.01,0.01,71056.64,1776063565000
1776063567.096,267.096,0.45,0.46,0.54,0.55,0.01,0.01,71056.64,1776063565000
1776063567.472,267.472,0.42,0.43,0.56,0.58,0.01,0.02,71050.36,1776063566000
1776063567.882,267.882,0.38,0.39,0.58,0.64,0.01,0.06,71050.36,1776063566000
1776063568.219,268.219,0.38,0.39,0.61,0.62,0.01,0.01,71050.36,1776063566000
1776063568.562,268.562,0.39,0.4,0.6,0.61,0.01,0.01,71050.36,1776063566000
1776063568.906,268.906,0.43,0.49,0.48,0.58,0.06,0.1,71047.9,1776063567000
1776063569.249,269.249,0.46,0.47,0.53,0.54,0.01,0.01,71045.87,1776063568000
1776063569.602,269.602,0.47,0.48,0.52,0.53,0.01,0.01,71045.87,1776063568000
1776063570.094,270.094,0.51,0.53,0.44,0.53,0.02,0.09,71045.87,1776063568000
1776063570.634,270.634,0.47,0.49,0.45,0.48,0.02,0.03,71045.87,1776063568000
1776063570.974,270.974,0.41,0.42,0.58,0.59,0.01,0.01,71045.33,1776063569000
1776063571.375,271.375,0.36,0.37,0.63,0.64,0.01,0.01,71045.33,1776063569000
1776063571.771,271.771,0.36,0.37,0.63,0.64,0.01,0.01,71045.33,1776063570000
1776063572.107,272.107,0.43,0.45,0.54,0.58,0.02,0.04,71045.33,1776063570000
1776063572.442,272.442,0.42,0.43,0.57,0.58,0.01,0.01,71044.64,1776063571000
1776063572.851,272.851,0.4,0.41,0.59,0.6,0.01,0.01,71044.64,1776063571000
1776063573.254,273.254,0.41,0.42,0.56,0.6,0.01,0.04,71044.64,1776063571000
1776063573.672,273.672,0.42,0.43,0.48,0.58,0.01,0.1,71045.04,1776063572000
1776063574.105,274.105,0.4,0.41,0.59,0.6,0.01,0.01,71045.04,1776063572000
1776063574.537,274.537,0.4,0.41,0.59,0.6,0.01,0.01,71044.39,1776063573000
1776063574.938,274.938,0.39,0.4,0.6,0.61,0.01,0.01,71044.39,1776063573000
1776063575.283,275.283,0.38,0.39,0.61,0.62,0.01,0.01,71043.74,1776063574000
1776063575.731,275.731,0.34,0.38,0.61,0.63,0.04,0.02,71043.74,1776063574000
1776063576.068,276.068,0.2,0.21,0.78,0.8,0.01,0.02,71043.74,1776063574000
1776063576.408,276.408,0.17,0.18,0.81,0.83,0.01,0.02,71043.56,1776063575000
1776063576.842,276.842,0.16,0.17,0.83,0.84,0.01,0.01,71043.56,1776063575000
1776063577.195,277.195,0.15,0.16,0.84,0.85,0.01,0.01,71043.56,1776063575000
1776063577.62,277.62,0.18,0.22,0.79,0.83,0.04,0.04,71043.27,1776063576000
1776063578.019,278.019,0.2,0.21,0.79,0.81,0.01,0.02,71041.64,1776063577000
1776063578.362,278.362,0.16,0.17,0.83,0.87,0.01,0.04,71041.64,1776063577000
1776063578.71,278.71,0.17,0.18,0.82,0.83,0.01,0.01,71041.64,1776063577000
1776063579.078,279.078,0.2,0.24,0.73,0.82,0.04,0.09,71035.35,1776063578000
1776063579.472,279.472,0.23,0.26,0.76,0.77,0.03,0.01,71035.35,1776063578000
1776063579.828,279.828,0.2,0.21,0.77,0.78,0.01,0.01,71035.35,1776063578000
1776063580.27,280.27,0.2,0.21,0.79,0.8,0.01,0.01,71034.98,1776063579000
1776063580.661,280.661,0.21,0.24,0.78,0.79,0.03,0.01,71034.98,1776063579000
1776063581.085,281.085,0.22,0.23,0.77,0.78,0.01,0.01,71033.49,1776063580000
1776063581.437,281.437,0.14,0.21,0.8,0.81,0.07,0.01,71033.49,1776063580000
1776063581.798,281.798,0.23,0.26,0.73,0.8,0.03,0.07,71033.49,1776063580000
1776063582.133,282.133,0.24,0.26,0.75,0.76,0.02,0.01,71034.83,1776063581000
1776063582.517,282.517,0.25,0.26,0.75,0.76,0.01,0.01,71034.83,1776063581000
1776063582.88,282.88,0.25,0.26,0.74,0.75,0.01,0.01,71033.69,1776063582000
1776063583.218,283.218,0.13,0.22,0.77,0.88,0.09,0.11,71033.69,1776063582000
1776063583.589,283.589,0.07,0.09,0.89,0.92,0.02,0.03,71033.69,1776063582000
1776063583.955,283.955,0.07,0.09,0.92,0.93,0.02,0.01,71033.69,1776063582000
1776063584.392,284.392,0.07,0.08,0.92,0.93,0.01,0.01,71033.69,1776063582000
1776063584.773,284.773,0.07,0.1,0.92,0.93,0.03,0.01,71034.71,1776063583000
1776063585.196,285.196,0.09,0.1,0.9,0.92,0.01,0.02,71034.71,1776063583000
1776063585.542,285.542,0.07,0.08,0.91,0.92,0.01,0.01,71034.02,1776063584000
1776063585.903,285.903,0.07,0.08,0.92,0.93,0.01,0.01,71034.02,1776063584000
1776063586.277,286.277,0.07,0.08,0.92,0.94,0.01,0.02,71025.84,1776063585000
1776063586.635,286.635,0.07,0.08,0.92,0.93,0.01,0.01,71025.84,1776063585000
1776063587.128,287.128,0.06,0.08,0.92,0.94,0.02,0.02,71023.7,1776063586000
1776063587.526,287.526,0.07,0.09,0.92,0.93,0.02,0.01,71023.7,1776063586000
1776063587.891,287.891,0.06,0.08,0.92,0.93,0.02,0.01,71023.7,1776063586000
1776063588.332,288.332,0.06,0.07,0.92,0.94,0.01,0.02,71023.7,1776063586000
1776063588.761,288.761,0.08,0.09,0.91,0.92,0.01,0.01,71023.24,1776063587000
1776063589.22,289.22,0.08,0.09,0.92,0.93,0.01,0.01,71023.24,1776063587000
1776063589.653,289.653,0.07,0.11,0.89,0.93,0.04,0.04,71023.19,1776063588000
1776063590.824,290.824,0.15,0.19,0.8,0.89,0.04,0.09,71023.19,1776063588000
1776063591.164,291.164,0.17,0.33,0.66,0.71,0.16,0.05,71023.29,1776063589000
1776063591.501,291.501,0.24,0.25,0.75,0.76,0.01,0.01,71023.29,1776063589000
1776063591.834,291.834,0.25,0.28,0.74,0.75,0.03,0.01,71024.2,1776063590000
1776063592.31,292.31,0.07,0.14,0.78,0.91,0.07,0.13,71024.2,1776063590000
1776063592.706,292.706,0.12,0.13,0.87,0.88,0.01,0.01,71024.93,1776063591000
1776063593.06,293.06,0.12,0.13,0.87,0.88,0.01,0.01,71024.93,1776063591000
1776063593.426,293.426,0.07,0.11,0.87,0.94,0.04,0.07,71031.89,1776063592000
1776063593.939,293.939,0.1,0.15,0.8,0.9,0.05,0.1,71031.89,1776063592000
1776063594.302,294.302,0.07,0.1,0.87,0.88,0.03,0.01,71031.89,1776063592000
1776063594.686,294.686,0.06,0.13,0.93,0.94,0.07,0.01,71032.03,1776063593000
1776063595.131,295.131,0.07,0.08,0.92,0.93,0.01,0.01,71032.03,1776063593000
1776063595.65,295.65,0.06,0.07,0.93,0.94,0.01,0.01,71032.03,1776063594000
1776063596.138,296.138,0.04,0.05,0.94,0.97,0.01,0.03,71032.03,1776063594000
1776063596.492,296.492,0.03,0.05,0.95,0.97,0.02,0.02,71032.03,1776063595000
1776063596.867,296.867,0.03,0.04,0.96,0.97,0.01,0.01,71032.03,1776063595000
1776063597.251,297.251,0.03,0.05,0.95,0.96,0.02,0.01,71032.03,1776063595000
1776063597.586,297.586,0.02,0.03,0.97,0.98,0.01,0.01,71032.03,1776063595000
1776063597.928,297.928,0.02,0.03,0.97,0.98,0.01,0.01,71032.27,1776063596000
1776063598.286,298.286,0.02,0.03,0.97,0.98,0.01,0.01,71032.38,1776063597000
1776063598.65,298.65,0.01,0.03,0.98,0.99,0.02,0.01,71032.38,1776063597000
1776063599.021,299.021,0.01,0.02,0.98,0.99,0.01,0.01,71032.38,1776063597000
1776063599.413,299.413,0.01,0.01,0.99,0.99,0.0,0.0,71032.38,1776063597000
1776063599.917,299.917,0.01,0.01,0.99,0.99,0.0,0.0,71032.38,1776063598000
1776063600.322,300.322,0.01,0.01,0.99,0.99,0.0,0.0,71032.38,1776063598000
1776063600.875,300.875,0.01,0.01,0.99,0.99,0.0,0.0,71032.38,1776063599000
1776063601.564,301.564,0.01,0.01,0.99,0.99,0.0,0.0,71032.42,1776063600000
1776063602.177,302.177,0.01,0.01,0.99,0.99,0.0,0.0,71032.96,1776063601000

# RESULT,winner=Down,slug=btc-updown-5m-1776063300,ticks=651
