timestamp,elapsed_sec,up_bid,up_ask,down_bid,down_ask,up_spread,down_spread,btc_price,btc_oracle_ts
1776973500.583,0.583,0.52,0.53,0.47,0.48,0.01,0.01,77676.78,1776973499000
1776973501.113,1.113,0.52,0.54,0.47,0.48,0.02,0.01,77676.78,1776973499000
1776973501.487,1.487,0.54,0.56,0.44,0.46,0.02,0.02,77676.78,1776973500000
1776973501.866,1.866,0.55,0.56,0.44,0.45,0.01,0.01,77676.78,1776973500000
1776973502.456,2.456,0.55,0.56,0.44,0.45,0.01,0.01,77671.01,1776973501000
1776973502.805,2.805,0.55,0.56,0.44,0.45,0.01,0.01,77671.01,1776973501000
1776973503.145,3.145,0.55,0.6,0.4,0.45,0.05,0.05,77674.24,1776973502000
1776973503.51,3.51,0.59,0.6,0.4,0.41,0.01,0.01,77674.24,1776973502000
1776973503.885,3.885,0.61,0.62,0.38,0.39,0.01,0.01,77674.24,1776973502000
1776973504.27,4.27,0.61,0.62,0.38,0.39,0.01,0.01,77683.13,1776973503000
1776973504.615,4.615,0.61,0.62,0.38,0.39,0.01,0.01,77683.13,1776973503000
1776973504.972,4.972,0.61,0.62,0.38,0.39,0.01,0.01,77683.13,1776973503000
1776973505.309,5.309,0.61,0.62,0.38,0.39,0.01,0.01,77689.53,1776973504000
1776973505.943,5.943,0.61,0.62,0.38,0.39,0.01,0.01,77689.53,1776973504000
1776973506.409,6.409,0.61,0.67,0.35,0.39,0.06,0.04,77695.67,1776973505000
1776973506.763,6.763,0.64,0.67,0.33,0.36,0.03,0.03,77695.67,1776973505000
1776973507.121,7.121,0.65,0.67,0.33,0.35,0.02,0.02,77695.67,1776973505000
1776973507.468,7.468,0.65,0.67,0.33,0.35,0.02,0.02,77695.67,1776973505000
1776973507.822,7.822,0.65,0.67,0.33,0.35,0.02,0.02,77703.55,1776973507000
1776973508.809,8.809,0.65,0.67,0.33,0.35,0.02,0.02,77703.55,1776973508000
1776973509.178,9.178,0.64,0.66,0.34,0.35,0.02,0.01,77703.55,1776973508000
1776973509.523,9.523,0.65,0.66,0.34,0.36,0.01,0.02,77703.55,1776973508000
1776973509.874,9.874,0.65,0.67,0.33,0.35,0.02,0.02,77703.55,1776973508000
1776973510.262,10.262,0.65,0.67,0.33,0.37,0.02,0.04,77703.55,1776973508000
1776973510.8,10.8,0.65,0.66,0.34,0.35,0.01,0.01,77707.86,1776973509000
1776973511.214,11.214,0.65,0.66,0.34,0.35,0.01,0.01,77707.86,1776973509000
1776973511.592,11.592,0.65,0.66,0.34,0.35,0.01,0.01,77706.08,1776973510000
1776973511.933,11.933,0.65,0.66,0.34,0.35,0.01,0.01,77706.08,1776973510000
1776973512.292,12.292,0.65,0.66,0.34,0.35,0.01,0.01,77706.08,1776973510000
1776973512.909,12.909,0.65,0.66,0.34,0.35,0.01,0.01,77707.98,1776973512000
1776973513.252,13.252,0.65,0.66,0.34,0.35,0.01,0.01,77707.98,1776973512000
1776973513.69,13.69,0.65,0.66,0.34,0.35,0.01,0.01,77707.98,1776973512000
1776973514.348,14.348,0.65,0.66,0.34,0.35,0.01,0.01,77710.09,1776973513000
1776973514.722,14.722,0.64,0.66,0.34,0.35,0.02,0.01,77710.09,1776973513000
1776973515.155,15.155,0.64,0.67,0.33,0.36,0.03,0.03,77710.66,1776973514000
1776973515.543,15.543,0.65,0.67,0.33,0.35,0.02,0.02,77710.66,1776973514000
1776973515.93,15.93,0.66,0.67,0.33,0.34,0.01,0.01,77710.66,1776973514000
1776973516.325,16.325,0.66,0.67,0.33,0.34,0.01,0.01,77710.66,1776973515000
1776973516.795,16.795,0.65,0.67,0.33,0.35,0.02,0.02,77710.66,1776973515000
1776973517.24,17.24,0.65,0.66,0.33,0.35,0.01,0.02,77710.66,1776973515000
1776973517.797,17.797,0.65,0.68,0.32,0.35,0.03,0.03,77710.66,1776973516000
1776973518.224,18.224,0.66,0.67,0.33,0.34,0.01,0.01,77710.66,1776973516000
1776973518.579,18.579,0.65,0.67,0.33,0.35,0.02,0.02,77711.2,1776973517000
1776973518.981,18.981,0.66,0.68,0.32,0.34,0.02,0.02,77711.2,1776973517000
1776973519.337,19.337,0.66,0.68,0.32,0.34,0.02,0.02,77711.2,1776973517000
1776973519.687,19.687,0.66,0.69,0.31,0.34,0.03,0.03,77711.26,1776973518000
1776973520.053,20.053,0.68,0.72,0.28,0.3,0.04,0.02,77713.36,1776973519000
1776973520.509,20.509,0.67,0.7,0.29,0.31,0.03,0.02,77713.36,1776973519000
1776973520.961,20.961,0.69,0.7,0.3,0.31,0.01,0.01,77713.36,1776973519000
1776973521.345,21.345,0.68,0.69,0.31,0.32,0.01,0.01,77718.79,1776973520000
1776973521.765,21.765,0.68,0.69,0.31,0.32,0.01,0.01,77718.79,1776973520000
1776973522.116,22.116,0.68,0.69,0.31,0.32,0.01,0.01,77718.53,1776973521000
1776973522.499,22.499,0.68,0.69,0.31,0.32,0.01,0.01,77718.53,1776973521000
1776973522.938,22.938,0.68,0.69,0.31,0.32,0.01,0.01,77718.53,1776973521000
1776973523.386,23.386,0.68,0.69,0.31,0.32,0.01,0.01,77718.53,1776973522000
1776973523.773,23.773,0.68,0.69,0.31,0.32,0.01,0.01,77718.53,1776973522000
1776973524.153,24.153,0.68,0.69,0.31,0.32,0.01,0.01,77718.62,1776973523000
1776973524.837,24.837,0.68,0.69,0.31,0.32,0.01,0.01,77718.62,1776973523000
1776973525.544,25.544,0.68,0.69,0.31,0.32,0.01,0.01,77718.68,1776973524000
1776973526.217,26.217,0.68,0.69,0.31,0.32,0.01,0.01,77718.9,1776973525000
1776973526.55,26.55,0.68,0.69,0.31,0.32,0.01,0.01,77718.9,1776973525000
1776973526.922,26.922,0.67,0.68,0.32,0.33,0.01,0.01,77718.9,1776973525000
1776973527.381,27.381,0.67,0.68,0.32,0.33,0.01,0.01,77715.26,1776973526000
1776973527.808,27.808,0.67,0.68,0.32,0.33,0.01,0.01,77715.26,1776973526000
1776973528.309,28.309,0.67,0.68,0.32,0.33,0.01,0.01,77714.04,1776973527000
1776973528.883,28.883,0.67,0.68,0.32,0.33,0.01,0.01,77714.04,1776973527000
1776973529.233,29.233,0.67,0.68,0.32,0.33,0.01,0.01,77713.94,1776973528000
1776973529.76,29.76,0.67,0.68,0.32,0.33,0.01,0.01,77713.94,1776973528000
1776973530.139,30.139,0.67,0.68,0.32,0.33,0.01,0.01,77713.94,1776973528000
1776973530.722,30.722,0.67,0.68,0.32,0.33,0.01,0.01,77713.94,1776973528000
1776973531.193,31.193,0.67,0.68,0.32,0.33,0.01,0.01,77713.94,1776973528000
1776973531.556,31.556,0.67,0.68,0.32,0.33,0.01,0.01,77714.06,1776973529000
1776973532.391,32.391,0.67,0.68,0.32,0.33,0.01,0.01,77715.31,1776973530000
1776973533.804,33.804,0.67,0.68,0.32,0.33,0.01,0.01,77715.45,1776973532000
1776973534.247,34.247,0.67,0.68,0.32,0.33,0.01,0.01,77715.45,1776973532000
1776973534.772,34.772,0.67,0.68,0.32,0.33,0.01,0.01,77713.7,1776973533000
1776973535.317,35.317,0.67,0.68,0.32,0.33,0.01,0.01,77707.11,1776973534000
1776973535.781,35.781,0.67,0.68,0.32,0.33,0.01,0.01,77707.11,1776973534000
1776973536.173,36.173,0.67,0.68,0.32,0.33,0.01,0.01,77704.64,1776973535000
1776973536.728,36.728,0.67,0.68,0.32,0.33,0.01,0.01,77704.64,1776973535000
1776973537.111,37.111,0.65,0.66,0.34,0.35,0.01,0.01,77704.64,1776973535000
1776973537.455,37.455,0.65,0.66,0.34,0.35,0.01,0.01,77703.31,1776973536000
1776973537.885,37.885,0.65,0.66,0.34,0.35,0.01,0.01,77703.31,1776973536000
1776973538.261,38.261,0.64,0.65,0.35,0.36,0.01,0.01,77703.31,1776973536000
1776973538.842,38.842,0.64,0.65,0.35,0.36,0.01,0.01,77701.79,1776973537000
1776973539.183,39.183,0.63,0.64,0.35,0.37,0.01,0.02,77701.79,1776973537000
1776973539.673,39.673,0.63,0.64,0.36,0.37,0.01,0.01,77703.22,1776973538000
1776973540.122,40.122,0.62,0.63,0.36,0.38,0.01,0.02,77703.22,1776973538000
1776973540.841,40.841,0.62,0.63,0.37,0.38,0.01,0.01,77703.15,1776973539000
1776973541.809,41.809,0.62,0.63,0.37,0.38,0.01,0.01,77703.15,1776973540000
1776973542.48,42.48,0.62,0.63,0.37,0.38,0.01,0.01,77703.22,1776973541000
1776973543.128,43.128,0.62,0.63,0.37,0.38,0.01,0.01,77701.06,1776973542000
1776973543.647,43.647,0.62,0.63,0.37,0.38,0.01,0.01,77701.06,1776973542000
1776973544.058,44.058,0.62,0.63,0.37,0.38,0.01,0.01,77701.06,1776973542000
1776973544.65,44.65,0.62,0.63,0.37,0.38,0.01,0.01,77697.67,1776973543000
1776973545.061,45.061,0.61,0.62,0.38,0.39,0.01,0.01,77697.67,1776973543000
1776973545.425,45.425,0.59,0.61,0.39,0.41,0.02,0.02,77697.66,1776973544000
1776973545.805,45.805,0.58,0.6,0.4,0.42,0.02,0.02,77697.66,1776973544000
1776973546.278,46.278,0.59,0.6,0.39,0.41,0.01,0.02,77697.5,1776973545000
1776973546.716,46.716,0.59,0.6,0.4,0.41,0.01,0.01,77697.5,1776973545000
1776973547.126,47.126,0.59,0.6,0.4,0.41,0.01,0.01,77697.5,1776973545000
1776973547.498,47.498,0.59,0.6,0.4,0.41,0.01,0.01,77697.5,1776973546000
1776973548.192,48.192,0.59,0.6,0.4,0.41,0.01,0.01,77697.5,1776973546000
1776973548.527,48.527,0.59,0.6,0.4,0.41,0.01,0.01,77697.37,1776973547000
1776973548.877,48.877,0.59,0.6,0.4,0.41,0.01,0.01,77697.37,1776973547000
1776973549.304,49.304,0.59,0.6,0.4,0.41,0.01,0.01,77698.37,1776973548000
1776973549.701,49.701,0.59,0.6,0.4,0.41,0.01,0.01,77698.37,1776973548000
1776973550.246,50.246,0.59,0.6,0.4,0.41,0.01,0.01,77698.37,1776973548000
1776973550.585,50.585,0.59,0.6,0.4,0.41,0.01,0.01,77698.62,1776973549000
1776973550.954,50.954,0.59,0.61,0.39,0.41,0.02,0.02,77699.36,1776973550000
1776973551.977,51.977,0.6,0.61,0.39,0.4,0.01,0.01,77699.36,1776973551000
1776973552.933,52.933,0.6,0.61,0.39,0.4,0.01,0.01,77699.28,1776973552000
1776973553.763,53.763,0.6,0.61,0.39,0.4,0.01,0.01,77699.28,1776973552000
1776973554.117,54.117,0.6,0.61,0.39,0.4,0.01,0.01,77699.41,1776973553000
1776973554.612,54.612,0.61,0.62,0.38,0.4,0.01,0.02,77699.41,1776973553000
1776973554.962,54.962,0.61,0.62,0.38,0.39,0.01,0.01,77701.84,1776973554000
1776973555.649,55.649,0.61,0.62,0.38,0.39,0.01,0.01,77701.84,1776973554000
1776973556.36,56.36,0.61,0.63,0.38,0.39,0.02,0.01,77706.1,1776973555000
1776973556.745,56.745,0.62,0.68,0.32,0.38,0.06,0.06,77706.1,1776973555000
1776973557.102,57.102,0.67,0.7,0.3,0.33,0.03,0.03,77709.51,1776973556000
1776973557.467,57.467,0.66,0.68,0.31,0.34,0.02,0.03,77709.51,1776973556000
1776973557.872,57.872,0.67,0.68,0.32,0.33,0.01,0.01,77709.51,1776973556000
1776973558.771,58.771,0.67,0.68,0.32,0.33,0.01,0.01,77712.29,1776973557000
1776973559.214,59.214,0.68,0.69,0.32,0.33,0.01,0.01,77714.21,1776973558000
1776973559.557,59.557,0.68,0.69,0.31,0.32,0.01,0.01,77714.21,1776973558000
1776973559.955,59.955,0.68,0.69,0.31,0.32,0.01,0.01,77712.65,1776973559000
1776973560.439,60.439,0.68,0.69,0.31,0.32,0.01,0.01,77712.65,1776973559000
1776973561.557,61.557,0.68,0.69,0.31,0.32,0.01,0.01,77712.65,1776973560000
1776973562.021,62.021,0.68,0.69,0.31,0.32,0.01,0.01,77713.04,1776973561000
1776973562.423,62.423,0.68,0.69,0.31,0.32,0.01,0.01,77713.04,1776973561000
1776973562.836,62.836,0.68,0.69,0.31,0.32,0.01,0.01,77713.04,1776973561000
1776973563.252,63.252,0.68,0.69,0.31,0.32,0.01,0.01,77711.2,1776973562000
1776973563.67,63.67,0.68,0.69,0.31,0.32,0.01,0.01,77711.2,1776973562000
1776973564.165,64.165,0.68,0.69,0.31,0.32,0.01,0.01,77711.0,1776973563000
1776973564.506,64.506,0.68,0.69,0.31,0.32,0.01,0.01,77711.0,1776973563000
1776973564.988,64.988,0.68,0.69,0.31,0.32,0.01,0.01,77711.0,1776973563000
1776973565.359,65.359,0.67,0.69,0.31,0.32,0.02,0.01,77711.79,1776973564000
1776973565.716,65.716,0.67,0.68,0.32,0.33,0.01,0.01,77711.79,1776973564000
1776973566.063,66.063,0.67,0.68,0.32,0.33,0.01,0.01,77711.79,1776973564000
1776973566.44,66.44,0.69,0.7,0.3,0.31,0.01,0.01,77711.85,1776973565000
1776973567.214,67.214,0.69,0.7,0.3,0.31,0.01,0.01,77711.85,1776973565000
1776973567.553,67.553,0.69,0.7,0.3,0.31,0.01,0.01,77713.35,1776973566000
1776973568.255,68.255,0.69,0.7,0.3,0.31,0.01,0.01,77713.35,1776973566000
1776973568.837,68.837,0.69,0.7,0.3,0.31,0.01,0.01,77714.44,1776973567000
1776973569.253,69.253,0.69,0.7,0.3,0.31,0.01,0.01,77714.44,1776973567000
1776973569.59,69.59,0.69,0.7,0.3,0.31,0.01,0.01,77715.07,1776973568000
1776973569.927,69.927,0.69,0.7,0.3,0.31,0.01,0.01,77715.07,1776973568000
1776973570.466,70.466,0.69,0.7,0.3,0.31,0.01,0.01,77715.42,1776973569000
1776973570.94,70.94,0.69,0.7,0.3,0.31,0.01,0.01,77715.43,1776973570000
1776973571.567,71.567,0.69,0.7,0.3,0.31,0.01,0.01,77715.43,1776973570000
1776973572.035,72.035,0.69,0.7,0.3,0.31,0.01,0.01,77715.47,1776973571000
1776973572.399,72.399,0.69,0.7,0.3,0.31,0.01,0.01,77715.47,1776973571000
1776973573.103,73.103,0.69,0.7,0.3,0.31,0.01,0.01,77715.47,1776973571000
1776973573.75,73.75,0.69,0.7,0.3,0.31,0.01,0.01,77715.62,1776973572000
1776973574.326,74.326,0.69,0.7,0.3,0.31,0.01,0.01,77715.67,1776973573000
1776973574.941,74.941,0.69,0.7,0.3,0.31,0.01,0.01,77715.67,1776973573000
1776973575.438,75.438,0.69,0.7,0.3,0.31,0.01,0.01,77715.67,1776973574000
1776973576.046,76.046,0.69,0.7,0.3,0.31,0.01,0.01,77715.67,1776973575000
1776973576.735,76.735,0.69,0.7,0.3,0.31,0.01,0.01,77715.67,1776973575000
1776973577.143,77.143,0.69,0.7,0.3,0.31,0.01,0.01,77715.74,1776973576000
1776973578.171,78.171,0.69,0.7,0.3,0.31,0.01,0.01,77716.22,1776973577000
1776973579.295,79.295,0.69,0.7,0.3,0.31,0.01,0.01,77716.22,1776973578000
1776973580.073,80.073,0.69,0.7,0.3,0.31,0.01,0.01,77716.22,1776973578000
1776973580.94,80.94,0.69,0.7,0.3,0.31,0.01,0.01,77714.34,1776973580000
1776973581.895,81.895,0.63,0.7,0.3,0.31,0.07,0.01,77714.34,1776973580000
1776973582.409,82.409,0.58,0.7,0.3,0.41,0.12,0.11,77704.73,1776973581000
1776973582.755,82.755,0.62,0.63,0.37,0.39,0.01,0.02,77704.73,1776973581000
1776973583.092,83.092,0.62,0.63,0.37,0.38,0.01,0.01,77703.65,1776973582000
1776973583.524,83.524,0.62,0.63,0.37,0.38,0.01,0.01,77703.65,1776973582000
1776973583.875,83.875,0.62,0.63,0.37,0.38,0.01,0.01,77703.65,1776973582000
1776973584.225,84.225,0.62,0.63,0.37,0.38,0.01,0.01,77703.65,1776973582000
1776973584.639,84.639,0.62,0.63,0.37,0.38,0.01,0.01,77704.44,1776973583000
1776973585.118,85.118,0.58,0.59,0.41,0.42,0.01,0.01,77704.44,1776973584000
1776973585.47,85.47,0.58,0.59,0.41,0.42,0.01,0.01,77704.44,1776973584000
1776973585.829,85.829,0.58,0.59,0.41,0.42,0.01,0.01,77704.44,1776973584000
1776973586.166,86.166,0.58,0.59,0.41,0.42,0.01,0.01,77702.91,1776973585000
1776973586.549,86.549,0.62,0.63,0.37,0.43,0.01,0.06,77702.91,1776973585000
1776973587.415,87.415,0.62,0.63,0.37,0.38,0.01,0.01,77702.91,1776973586000
1776973587.866,87.866,0.62,0.63,0.37,0.38,0.01,0.01,77702.91,1776973586000
1776973588.393,88.393,0.62,0.63,0.37,0.38,0.01,0.01,77703.92,1776973587000
1776973589.007,89.007,0.62,0.63,0.37,0.38,0.01,0.01,77704.31,1776973588000
1776973589.574,89.574,0.62,0.63,0.37,0.38,0.01,0.01,77704.31,1776973588000
1776973590.055,90.055,0.62,0.64,0.37,0.38,0.02,0.01,77704.31,1776973588000
1776973590.42,90.42,0.62,0.64,0.36,0.38,0.02,0.02,77711.4,1776973589000
1776973590.758,90.758,0.62,0.64,0.36,0.38,0.02,0.02,77711.4,1776973589000
1776973591.103,91.103,0.63,0.68,0.33,0.37,0.05,0.04,77711.77,1776973590000
1776973591.692,91.692,0.65,0.68,0.32,0.37,0.03,0.05,77711.77,1776973590000
1776973592.043,92.043,0.61,0.68,0.32,0.39,0.07,0.07,77711.77,1776973590000
1776973592.86,92.86,0.66,0.67,0.33,0.35,0.01,0.02,77712.46,1776973591000
1776973593.222,93.222,0.66,0.67,0.33,0.34,0.01,0.01,77712.46,1776973591000
1776973593.592,93.592,0.66,0.67,0.32,0.34,0.01,0.02,77712.62,1776973592000
1776973593.985,93.985,0.66,0.67,0.33,0.34,0.01,0.01,77712.62,1776973593000
1776973594.321,94.321,0.69,0.7,0.3,0.34,0.01,0.04,77712.62,1776973593000
1776973594.695,94.695,0.7,0.71,0.28,0.33,0.01,0.05,77712.62,1776973593000
1776973595.077,95.077,0.7,0.72,0.28,0.3,0.02,0.02,77712.2,1776973594000
1776973595.427,95.427,0.7,0.71,0.29,0.3,0.01,0.01,77712.2,1776973594000
1776973595.869,95.869,0.7,0.71,0.29,0.33,0.01,0.04,77712.2,1776973594000
1776973596.278,96.278,0.7,0.71,0.29,0.3,0.01,0.01,77714.4,1776973595000
1776973596.933,96.933,0.7,0.71,0.29,0.3,0.01,0.01,77714.4,1776973595000
1776973598.497,98.497,0.69,0.71,0.29,0.31,0.02,0.02,77717.46,1776973597000
1776973598.951,98.951,0.69,0.7,0.29,0.31,0.01,0.02,77717.46,1776973597000
1776973599.287,99.287,0.69,0.7,0.3,0.31,0.01,0.01,77717.75,1776973598000
1776973599.83,99.83,0.69,0.7,0.3,0.31,0.01,0.01,77717.75,1776973598000
1776973600.183,100.183,0.68,0.69,0.31,0.32,0.01,0.01,77717.52,1776973599000
1776973600.586,100.586,0.64,0.69,0.31,0.32,0.05,0.01,77717.52,1776973599000
1776973600.926,100.926,0.66,0.67,0.31,0.34,0.01,0.03,77717.52,1776973599000
1776973601.268,101.268,0.66,0.67,0.33,0.34,0.01,0.01,77717.52,1776973599000
1776973601.647,101.647,0.66,0.67,0.33,0.34,0.01,0.01,77715.01,1776973600000
1776973602.061,102.061,0.66,0.67,0.33,0.34,0.01,0.01,77715.01,1776973600000
1776973602.503,102.503,0.66,0.67,0.33,0.34,0.01,0.01,77715.01,1776973600000
1776973602.859,102.859,0.66,0.69,0.33,0.34,0.03,0.01,77714.86,1776973601000
1776973603.21,103.21,0.68,0.69,0.31,0.32,0.01,0.01,77714.86,1776973601000
1776973603.607,103.607,0.69,0.7,0.3,0.32,0.01,0.02,77714.87,1776973602000
1776973604.026,104.026,0.71,0.72,0.28,0.29,0.01,0.01,77714.87,1776973602000
1776973604.484,104.484,0.71,0.72,0.28,0.29,0.01,0.01,77714.87,1776973602000
1776973604.875,104.875,0.71,0.72,0.28,0.29,0.01,0.01,77718.07,1776973603000
1776973605.33,105.33,0.71,0.72,0.28,0.29,0.01,0.01,77718.07,1776973603000
1776973605.705,105.705,0.71,0.72,0.28,0.29,0.01,0.01,77720.98,1776973604000
1776973606.116,106.116,0.71,0.72,0.28,0.29,0.01,0.01,77722.37,1776973605000
1776973606.545,106.545,0.71,0.72,0.28,0.29,0.01,0.01,77722.37,1776973605000
1776973607.369,107.369,0.71,0.72,0.28,0.29,0.01,0.01,77725.95,1776973606000
1776973607.867,107.867,0.71,0.72,0.28,0.29,0.01,0.01,77725.95,1776973606000
1776973608.247,108.247,0.71,0.72,0.28,0.29,0.01,0.01,77725.99,1776973607000
1776973608.602,108.602,0.71,0.72,0.28,0.29,0.01,0.01,77725.99,1776973607000
1776973609.009,109.009,0.71,0.72,0.28,0.29,0.01,0.01,77725.99,1776973607000
1776973609.438,109.438,0.7,0.71,0.29,0.3,0.01,0.01,77726.01,1776973608000
1776973610.051,110.051,0.7,0.71,0.29,0.3,0.01,0.01,77726.01,1776973608000
1776973610.849,110.849,0.67,0.71,0.29,0.3,0.04,0.01,77724.9,1776973609000
1776973611.193,111.193,0.66,0.71,0.29,0.34,0.05,0.05,77724.9,1776973610000
1776973611.548,111.548,0.67,0.68,0.29,0.34,0.01,0.05,77724.9,1776973610000
1776973612.085,112.085,0.6,0.61,0.39,0.4,0.01,0.01,77724.9,1776973610000
1776973612.429,112.429,0.6,0.61,0.39,0.4,0.01,0.01,77721.07,1776973611000
1776973612.819,112.819,0.58,0.59,0.39,0.42,0.01,0.03,77721.07,1776973611000
1776973613.179,113.179,0.58,0.59,0.41,0.42,0.01,0.01,77718.03,1776973612000
1776973613.577,113.577,0.58,0.59,0.41,0.42,0.01,0.01,77718.03,1776973612000
1776973614.039,114.039,0.58,0.59,0.41,0.42,0.01,0.01,77718.03,1776973612000
1776973614.475,114.475,0.58,0.59,0.41,0.42,0.01,0.01,77718.03,1776973612000
1776973614.975,114.975,0.58,0.59,0.41,0.42,0.01,0.01,77708.33,1776973613000
1776973615.344,115.344,0.58,0.59,0.41,0.42,0.01,0.01,77708.5,1776973614000
1776973615.682,115.682,0.58,0.59,0.41,0.42,0.01,0.01,77708.5,1776973614000
1776973616.57,116.57,0.58,0.59,0.41,0.42,0.01,0.01,77708.18,1776973615000
1776973617.027,117.027,0.58,0.59,0.41,0.42,0.01,0.01,77708.18,1776973615000
1776973617.379,117.379,0.58,0.6,0.4,0.42,0.02,0.02,77708.81,1776973616000
1776973617.864,117.864,0.59,0.6,0.4,0.41,0.01,0.01,77708.81,1776973616000
1776973618.287,118.287,0.59,0.6,0.4,0.41,0.01,0.01,77708.9,1776973617000
1776973618.869,118.869,0.6,0.62,0.39,0.41,0.02,0.02,77708.9,1776973617000
1776973619.66,119.66,0.61,0.63,0.38,0.39,0.02,0.01,77708.9,1776973617000
1776973620.201,120.201,0.62,0.63,0.37,0.38,0.01,0.01,77709.54,1776973618000
1776973620.73,120.73,0.64,0.65,0.35,0.36,0.01,0.01,77709.57,1776973619000
1776973621.198,121.198,0.66,0.67,0.33,0.34,0.01,0.01,77710.44,1776973620000
1776973621.543,121.543,0.67,0.68,0.32,0.34,0.01,0.02,77710.44,1776973620000
1776973621.905,121.905,0.68,0.69,0.31,0.32,0.01,0.01,77710.44,1776973620000
1776973622.455,122.455,0.68,0.69,0.31,0.32,0.01,0.01,77710.44,1776973620000
1776973622.8,122.8,0.61,0.69,0.31,0.32,0.08,0.01,77710.44,1776973621000
1776973623.146,123.146,0.65,0.66,0.34,0.35,0.01,0.01,77710.44,1776973621000
1776973623.582,123.582,0.65,0.66,0.34,0.35,0.01,0.01,77710.44,1776973621000
1776973624.117,124.117,0.64,0.66,0.34,0.35,0.02,0.01,77713.96,1776973622000
1776973624.506,124.506,0.63,0.64,0.36,0.37,0.01,0.01,77715.09,1776973623000
1776973624.952,124.952,0.62,0.63,0.37,0.38,0.01,0.01,77715.09,1776973623000
1776973625.379,125.379,0.64,0.65,0.35,0.36,0.01,0.01,77715.16,1776973624000
1776973625.824,125.824,0.64,0.65,0.35,0.36,0.01,0.01,77715.16,1776973624000
1776973626.395,126.395,0.63,0.64,0.36,0.37,0.01,0.01,77715.16,1776973624000
1776973626.876,126.876,0.63,0.64,0.36,0.37,0.01,0.01,77715.12,1776973625000
1776973627.228,127.228,0.63,0.64,0.36,0.37,0.01,0.01,77716.58,1776973626000
1776973627.948,127.948,0.63,0.64,0.36,0.37,0.01,0.01,77716.58,1776973626000
1776973628.424,128.424,0.63,0.64,0.36,0.37,0.01,0.01,77716.58,1776973626000
1776973629.002,129.002,0.63,0.64,0.36,0.37,0.01,0.01,77716.42,1776973627000
1776973629.568,129.568,0.63,0.64,0.36,0.37,0.01,0.01,77716.21,1776973628000
1776973630.31,130.31,0.63,0.64,0.36,0.37,0.01,0.01,77716.21,1776973628000
1776973631.008,131.008,0.62,0.63,0.37,0.38,0.01,0.01,77715.43,1776973629000
1776973631.459,131.459,0.62,0.63,0.37,0.38,0.01,0.01,77715.48,1776973630000
1776973631.833,131.833,0.6,0.61,0.39,0.4,0.01,0.01,77715.48,1776973630000
1776973632.183,132.183,0.6,0.61,0.39,0.4,0.01,0.01,77715.48,1776973630000
1776973632.522,132.522,0.63,0.64,0.36,0.38,0.01,0.02,77715.56,1776973631000
1776973632.903,132.903,0.65,0.66,0.34,0.35,0.01,0.01,77715.56,1776973631000
1776973633.508,133.508,0.65,0.66,0.34,0.35,0.01,0.01,77715.89,1776973632000
1776973633.923,133.923,0.66,0.67,0.33,0.34,0.01,0.01,77715.89,1776973632000
1776973634.347,134.347,0.66,0.67,0.33,0.34,0.01,0.01,77715.89,1776973632000
1776973634.743,134.743,0.67,0.68,0.32,0.33,0.01,0.01,77716.98,1776973633000
1776973635.159,135.159,0.67,0.71,0.32,0.33,0.04,0.01,77719.98,1776973634000
1776973635.692,135.692,0.7,0.71,0.29,0.3,0.01,0.01,77719.98,1776973634000
1776973636.29,136.29,0.7,0.71,0.29,0.3,0.01,0.01,77719.98,1776973634000
1776973636.923,136.923,0.7,0.71,0.29,0.3,0.01,0.01,77723.55,1776973635000
1776973637.268,137.268,0.7,0.71,0.29,0.3,0.01,0.01,77723.87,1776973636000
1776973638.375,138.375,0.7,0.71,0.29,0.3,0.01,0.01,77723.51,1776973637000
1776973638.999,138.999,0.68,0.69,0.29,0.32,0.01,0.03,77723.51,1776973637000
1776973639.862,139.862,0.69,0.7,0.31,0.32,0.01,0.01,77722.43,1776973638000
1776973640.233,140.233,0.69,0.7,0.3,0.31,0.01,0.01,77722.4,1776973639000
1776973640.706,140.706,0.69,0.7,0.3,0.31,0.01,0.01,77722.4,1776973639000
1776973641.129,141.129,0.69,0.71,0.29,0.31,0.02,0.02,77722.74,1776973640000
1776973641.464,141.464,0.7,0.71,0.29,0.31,0.01,0.02,77722.74,1776973640000
1776973641.913,141.913,0.7,0.71,0.29,0.3,0.01,0.01,77722.74,1776973640000
1776973642.282,142.282,0.7,0.71,0.29,0.3,0.01,0.01,77724.53,1776973641000
1776973642.671,142.671,0.7,0.71,0.29,0.3,0.01,0.01,77724.53,1776973641000
1776973643.181,143.181,0.7,0.71,0.29,0.3,0.01,0.01,77725.7,1776973642000
1776973643.768,143.768,0.7,0.71,0.29,0.3,0.01,0.01,77725.7,1776973642000
1776973644.226,144.226,0.69,0.71,0.29,0.3,0.02,0.01,77725.74,1776973643000
1776973644.622,144.622,0.69,0.7,0.3,0.31,0.01,0.01,77725.74,1776973643000
1776973644.982,144.982,0.69,0.71,0.3,0.31,0.02,0.01,77725.92,1776973644000
1776973645.367,145.367,0.69,0.71,0.29,0.31,0.02,0.02,77725.92,1776973644000
1776973645.889,145.889,0.69,0.7,0.3,0.31,0.01,0.01,77725.96,1776973645000
1776973646.224,146.224,0.7,0.71,0.29,0.3,0.01,0.01,77725.96,1776973645000
1776973646.606,146.606,0.7,0.71,0.29,0.3,0.01,0.01,77725.96,1776973645000
1776973647.236,147.236,0.7,0.71,0.29,0.3,0.01,0.01,77725.06,1776973646000
1776973647.579,147.579,0.7,0.71,0.29,0.3,0.01,0.01,77725.06,1776973646000
1776973647.953,147.953,0.69,0.7,0.3,0.31,0.01,0.01,77725.06,1776973646000
1776973648.395,148.395,0.69,0.7,0.3,0.31,0.01,0.01,77725.06,1776973647000
1776973648.756,148.756,0.69,0.7,0.3,0.31,0.01,0.01,77725.06,1776973647000
1776973649.104,149.104,0.66,0.7,0.3,0.31,0.04,0.01,77725.06,1776973647000
1776973649.502,149.502,0.66,0.67,0.33,0.34,0.01,0.01,77725.06,1776973648000
1776973649.837,149.837,0.66,0.67,0.33,0.34,0.01,0.01,77725.06,1776973648000
1776973650.342,150.342,0.67,0.68,0.33,0.34,0.01,0.01,77724.89,1776973649000
1776973650.716,150.716,0.67,0.68,0.32,0.33,0.01,0.01,77724.89,1776973649000
1776973651.122,151.122,0.67,0.68,0.32,0.33,0.01,0.01,77724.25,1776973650000
1776973651.459,151.459,0.67,0.68,0.32,0.33,0.01,0.01,77724.25,1776973650000
1776973652.005,152.005,0.67,0.68,0.32,0.33,0.01,0.01,77724.25,1776973650000
1776973652.342,152.342,0.67,0.68,0.32,0.33,0.01,0.01,77724.25,1776973650000
1776973652.716,152.716,0.67,0.68,0.32,0.33,0.01,0.01,77723.58,1776973651000
1776973653.085,153.085,0.67,0.68,0.32,0.33,0.01,0.01,77723.58,1776973651000
1776973653.917,153.917,0.67,0.68,0.32,0.33,0.01,0.01,77723.6,1776973652000
1776973654.366,154.366,0.67,0.68,0.32,0.33,0.01,0.01,77723.6,1776973652000
1776973655.0,155.0,0.67,0.68,0.32,0.33,0.01,0.01,77723.85,1776973653000
1776973655.452,155.452,0.65,0.67,0.33,0.35,0.02,0.02,77723.85,1776973654000
1776973655.822,155.822,0.65,0.66,0.34,0.35,0.01,0.01,77723.85,1776973654000
1776973656.27,156.27,0.65,0.66,0.34,0.35,0.01,0.01,77723.26,1776973655000
1776973656.682,156.682,0.64,0.65,0.35,0.36,0.01,0.01,77723.26,1776973655000
1776973657.039,157.039,0.64,0.65,0.35,0.36,0.01,0.01,77720.28,1776973656000
1776973657.502,157.502,0.63,0.64,0.36,0.37,0.01,0.01,77720.28,1776973656000
1776973657.846,157.846,0.63,0.64,0.36,0.37,0.01,0.01,77720.28,1776973656000
1776973658.192,158.192,0.62,0.63,0.37,0.38,0.01,0.01,77720.28,1776973656000
1776973658.526,158.526,0.61,0.62,0.37,0.39,0.01,0.02,77720.98,1776973657000
1776973658.956,158.956,0.61,0.62,0.38,0.39,0.01,0.01,77720.98,1776973657000
1776973659.398,159.398,0.61,0.62,0.38,0.39,0.01,0.01,77720.99,1776973658000
1776973659.831,159.831,0.61,0.62,0.38,0.39,0.01,0.01,77720.99,1776973658000
1776973660.19,160.19,0.6,0.61,0.39,0.4,0.01,0.01,77720.99,1776973658000
1776973660.592,160.592,0.6,0.61,0.39,0.4,0.01,0.01,77721.02,1776973659000
1776973660.943,160.943,0.6,0.61,0.39,0.4,0.01,0.01,77721.02,1776973659000
1776973661.322,161.322,0.6,0.61,0.39,0.4,0.01,0.01,77721.02,1776973660000
1776973661.684,161.684,0.6,0.61,0.39,0.4,0.01,0.01,77721.02,1776973660000
1776973662.028,162.028,0.6,0.61,0.39,0.4,0.01,0.01,77720.74,1776973661000
1776973662.59,162.59,0.6,0.61,0.39,0.4,0.01,0.01,77720.74,1776973661000
1776973662.936,162.936,0.6,0.61,0.39,0.4,0.01,0.01,77720.74,1776973661000
1776973663.418,163.418,0.6,0.61,0.39,0.4,0.01,0.01,77720.12,1776973662000
1776973663.781,163.781,0.6,0.61,0.39,0.4,0.01,0.01,77720.12,1776973662000
1776973664.162,164.162,0.6,0.61,0.39,0.4,0.01,0.01,77720.12,1776973662000
1776973664.542,164.542,0.6,0.61,0.39,0.4,0.01,0.01,77720.5,1776973663000
1776973664.905,164.905,0.59,0.6,0.4,0.41,0.01,0.01,77720.5,1776973663000
1776973665.277,165.277,0.59,0.6,0.4,0.41,0.01,0.01,77720.55,1776973664000
1776973665.621,165.621,0.55,0.57,0.43,0.45,0.02,0.02,77720.55,1776973664000
1776973666.023,166.023,0.55,0.56,0.44,0.45,0.01,0.01,77720.55,1776973664000
1776973666.374,166.374,0.54,0.55,0.45,0.46,0.01,0.01,77720.55,1776973664000
1776973666.812,166.812,0.54,0.55,0.45,0.46,0.01,0.01,77717.49,1776973665000
1776973667.18,167.18,0.54,0.55,0.45,0.46,0.01,0.01,77717.49,1776973665000
1776973667.533,167.533,0.54,0.55,0.45,0.46,0.01,0.01,77717.1,1776973666000
1776973667.868,167.868,0.54,0.55,0.45,0.46,0.01,0.01,77717.1,1776973666000
1776973668.248,168.248,0.54,0.55,0.45,0.46,0.01,0.01,77704.63,1776973667000
1776973668.671,168.671,0.53,0.54,0.46,0.47,0.01,0.01,77704.63,1776973667000
1776973669.082,169.082,0.53,0.54,0.46,0.47,0.01,0.01,77704.63,1776973667000
1776973669.419,169.419,0.53,0.54,0.46,0.47,0.01,0.01,77702.06,1776973668000
1776973669.866,169.866,0.52,0.53,0.47,0.48,0.01,0.01,77702.06,1776973668000
1776973670.489,170.489,0.52,0.53,0.47,0.48,0.01,0.01,77702.23,1776973669000
1776973670.847,170.847,0.54,0.56,0.45,0.46,0.02,0.01,77702.23,1776973669000
1776973671.212,171.212,0.55,0.56,0.44,0.45,0.01,0.01,77702.24,1776973670000
1776973671.612,171.612,0.56,0.57,0.43,0.44,0.01,0.01,77702.24,1776973670000
1776973671.996,171.996,0.59,0.6,0.4,0.41,0.01,0.01,77702.24,1776973670000
1776973672.346,172.346,0.59,0.6,0.4,0.41,0.01,0.01,77702.89,1776973671000
1776973672.706,172.706,0.59,0.6,0.4,0.41,0.01,0.01,77702.89,1776973671000
1776973673.116,173.116,0.59,0.6,0.4,0.41,0.01,0.01,77702.89,1776973671000
1776973673.511,173.511,0.6,0.61,0.39,0.4,0.01,0.01,77705.66,1776973672000
1776973673.888,173.888,0.61,0.62,0.38,0.39,0.01,0.01,77705.66,1776973672000
1776973674.354,174.354,0.61,0.62,0.38,0.39,0.01,0.01,77705.66,1776973672000
1776973674.706,174.706,0.62,0.63,0.37,0.38,0.01,0.01,77708.55,1776973673000
1776973675.325,175.325,0.62,0.63,0.37,0.38,0.01,0.01,77710.82,1776973674000
1776973675.688,175.688,0.62,0.63,0.37,0.38,0.01,0.01,77710.82,1776973674000
1776973676.033,176.033,0.62,0.63,0.37,0.38,0.01,0.01,77710.99,1776973675000
1776973676.579,176.579,0.62,0.63,0.37,0.38,0.01,0.01,77710.99,1776973675000
1776973676.99,176.99,0.56,0.57,0.4,0.41,0.01,0.01,77710.99,1776973675000
1776973677.338,177.338,0.56,0.57,0.43,0.44,0.01,0.01,77713.46,1776973676000
1776973677.719,177.719,0.55,0.56,0.44,0.45,0.01,0.01,77713.46,1776973676000
1776973678.215,178.215,0.55,0.56,0.44,0.45,0.01,0.01,77714.68,1776973677000
1776973678.564,178.564,0.55,0.56,0.44,0.45,0.01,0.01,77714.68,1776973677000
1776973678.929,178.929,0.55,0.57,0.44,0.45,0.02,0.01,77714.68,1776973677000
1776973679.273,179.273,0.55,0.56,0.44,0.45,0.01,0.01,77710.77,1776973678000
1776973679.616,179.616,0.56,0.57,0.43,0.44,0.01,0.01,77710.77,1776973678000
1776973680.275,180.275,0.56,0.57,0.43,0.44,0.01,0.01,77710.77,1776973678000
1776973680.612,180.612,0.56,0.57,0.43,0.44,0.01,0.01,77708.59,1776973679000
1776973680.945,180.945,0.56,0.57,0.43,0.44,0.01,0.01,77708.59,1776973679000
1776973681.296,181.296,0.56,0.57,0.43,0.44,0.01,0.01,77708.19,1776973680000
1776973681.735,181.735,0.57,0.58,0.42,0.43,0.01,0.01,77708.19,1776973680000
1776973682.105,182.105,0.6,0.61,0.39,0.4,0.01,0.01,77708.06,1776973681000
1776973682.472,182.472,0.61,0.62,0.39,0.4,0.01,0.01,77708.06,1776973681000
1776973682.88,182.88,0.62,0.63,0.37,0.38,0.01,0.01,77708.06,1776973681000
1776973683.357,183.357,0.62,0.63,0.37,0.38,0.01,0.01,77709.13,1776973682000
1776973683.821,183.821,0.62,0.63,0.37,0.38,0.01,0.01,77709.13,1776973682000
1776973684.247,184.247,0.62,0.63,0.37,0.38,0.01,0.01,77709.13,1776973682000
1776973684.68,184.68,0.6,0.61,0.38,0.39,0.01,0.01,77709.26,1776973683000
1776973685.182,185.182,0.6,0.61,0.39,0.4,0.01,0.01,77709.74,1776973684000
1776973685.543,185.543,0.6,0.61,0.39,0.4,0.01,0.01,77709.74,1776973684000
1776973685.886,185.886,0.6,0.61,0.39,0.4,0.01,0.01,77709.74,1776973684000
1776973686.302,186.302,0.6,0.61,0.39,0.4,0.01,0.01,77709.77,1776973685000
1776973686.708,186.708,0.6,0.61,0.39,0.4,0.01,0.01,77709.77,1776973685000
1776973687.045,187.045,0.6,0.61,0.39,0.4,0.01,0.01,77709.77,1776973685000
1776973687.619,187.619,0.6,0.61,0.39,0.4,0.01,0.01,77709.79,1776973686000
1776973688.004,188.004,0.6,0.61,0.39,0.4,0.01,0.01,77709.79,1776973686000
1776973688.687,188.687,0.59,0.61,0.39,0.4,0.02,0.01,77709.6,1776973687000
1776973689.124,189.124,0.59,0.6,0.4,0.41,0.01,0.01,77709.76,1776973688000
1776973689.644,189.644,0.57,0.58,0.41,0.43,0.01,0.02,77709.76,1776973688000
1776973690.2,190.2,0.59,0.6,0.42,0.43,0.01,0.01,77709.76,1776973688000
1776973690.685,190.685,0.61,0.62,0.38,0.41,0.01,0.03,77709.83,1776973689000
1776973691.026,191.026,0.61,0.62,0.38,0.39,0.01,0.01,77709.83,1776973689000
1776973691.449,191.449,0.61,0.62,0.38,0.39,0.01,0.01,77709.09,1776973690000
1776973691.844,191.844,0.61,0.62,0.38,0.39,0.01,0.01,77709.09,1776973690000
1776973693.003,193.003,0.61,0.62,0.38,0.39,0.01,0.01,77707.77,1776973691000
1776973693.379,193.379,0.61,0.62,0.38,0.39,0.01,0.01,77707.77,1776973691000
1776973693.737,193.737,0.62,0.63,0.37,0.38,0.01,0.01,77708.28,1776973692000
1776973694.379,194.379,0.63,0.64,0.36,0.38,0.01,0.02,77708.28,1776973692000
1776973695.079,195.079,0.64,0.65,0.35,0.37,0.01,0.02,77708.33,1776973693000
1776973695.436,195.436,0.64,0.65,0.35,0.36,0.01,0.01,77708.87,1776973694000
1776973695.811,195.811,0.64,0.65,0.35,0.36,0.01,0.01,77708.87,1776973694000
1776973696.397,196.397,0.64,0.65,0.35,0.36,0.01,0.01,77708.87,1776973694000
1776973696.946,196.946,0.64,0.65,0.35,0.36,0.01,0.01,77708.97,1776973695000
1776973697.29,197.29,0.64,0.65,0.35,0.36,0.01,0.01,77709.76,1776973696000
1776973697.94,197.94,0.64,0.65,0.35,0.36,0.01,0.01,77709.76,1776973696000
1776973698.445,198.445,0.64,0.65,0.35,0.36,0.01,0.01,77709.76,1776973696000
1776973698.785,198.785,0.64,0.65,0.35,0.36,0.01,0.01,77711.95,1776973697000
1776973699.247,199.247,0.64,0.65,0.35,0.36,0.01,0.01,77711.95,1776973697000
1776973700.481,200.481,0.66,0.67,0.33,0.35,0.01,0.02,77712.26,1776973698000
1776973700.818,200.818,0.69,0.7,0.3,0.31,0.01,0.01,77713.27,1776973699000
1776973701.189,201.189,0.7,0.71,0.29,0.3,0.01,0.01,77713.27,1776973699000
1776973701.535,201.535,0.7,0.71,0.29,0.3,0.01,0.01,77713.27,1776973700000
1776973701.963,201.963,0.7,0.71,0.29,0.3,0.01,0.01,77713.27,1776973700000
1776973702.355,202.355,0.7,0.71,0.29,0.3,0.01,0.01,77714.81,1776973701000
1776973702.723,202.723,0.7,0.71,0.29,0.3,0.01,0.01,77714.81,1776973701000
1776973703.22,203.22,0.7,0.72,0.28,0.3,0.02,0.02,77719.19,1776973702000
1776973704.041,204.041,0.71,0.73,0.28,0.3,0.02,0.02,77719.19,1776973702000
1776973704.566,204.566,0.71,0.73,0.27,0.29,0.02,0.02,77719.19,1776973702000
1776973705.142,205.142,0.72,0.73,0.27,0.28,0.01,0.01,77720.06,1776973703000
1776973705.517,205.517,0.72,0.73,0.27,0.28,0.01,0.01,77720.06,1776973703000
1776973706.026,206.026,0.72,0.73,0.27,0.28,0.01,0.01,77720.61,1776973704000
1776973706.444,206.444,0.72,0.73,0.27,0.28,0.01,0.01,77720.61,1776973704000
1776973707.045,207.045,0.74,0.75,0.25,0.26,0.01,0.01,77721.65,1776973705000
1776973707.383,207.383,0.74,0.75,0.25,0.26,0.01,0.01,77721.65,1776973705000
1776973707.775,207.775,0.74,0.75,0.25,0.26,0.01,0.01,77721.48,1776973706000
1776973708.192,208.192,0.75,0.76,0.24,0.26,0.01,0.02,77721.48,1776973706000
1776973708.6,208.6,0.75,0.76,0.24,0.25,0.01,0.01,77722.47,1776973707000
1776973708.965,208.965,0.75,0.76,0.24,0.25,0.01,0.01,77722.47,1776973707000
1776973709.327,209.327,0.75,0.76,0.24,0.25,0.01,0.01,77724.21,1776973708000
1776973709.728,209.728,0.76,0.77,0.23,0.24,0.01,0.01,77724.21,1776973708000
1776973710.159,210.159,0.76,0.77,0.23,0.24,0.01,0.01,77724.21,1776973708000
1776973710.817,210.817,0.76,0.77,0.23,0.24,0.01,0.01,77725.65,1776973709000
1776973711.556,211.556,0.76,0.77,0.23,0.24,0.01,0.01,77725.65,1776973709000
1776973712.146,212.146,0.76,0.77,0.23,0.24,0.01,0.01,77728.82,1776973711000
1776973713.112,213.112,0.76,0.77,0.23,0.24,0.01,0.01,77728.56,1776973712000
1776973714.192,214.192,0.76,0.77,0.23,0.24,0.01,0.01,77733.68,1776973713000
1776973714.548,214.548,0.77,0.78,0.22,0.23,0.01,0.01,77733.68,1776973713000
1776973715.3,215.3,0.76,0.78,0.22,0.24,0.02,0.02,77733.8,1776973714000
1776973715.898,215.898,0.76,0.78,0.22,0.24,0.02,0.02,77733.8,1776973714000
1776973716.254,216.254,0.78,0.79,0.21,0.22,0.01,0.01,77733.8,1776973714000
1776973716.752,216.752,0.78,0.79,0.21,0.22,0.01,0.01,77734.25,1776973715000
1776973717.114,217.114,0.78,0.79,0.21,0.22,0.01,0.01,77734.3,1776973716000
1776973717.519,217.519,0.78,0.79,0.21,0.22,0.01,0.01,77734.3,1776973716000
1776973717.965,217.965,0.78,0.79,0.21,0.22,0.01,0.01,77734.3,1776973716000
1776973718.397,218.397,0.78,0.79,0.21,0.22,0.01,0.01,77734.93,1776973717000
1776973718.736,218.736,0.78,0.79,0.21,0.22,0.01,0.01,77734.93,1776973717000
1776973719.46,219.46,0.78,0.79,0.21,0.22,0.01,0.01,77734.92,1776973718000
1776973719.96,219.96,0.78,0.79,0.21,0.22,0.01,0.01,77734.92,1776973718000
1776973720.415,220.415,0.78,0.79,0.21,0.22,0.01,0.01,77734.97,1776973719000
1776973720.929,220.929,0.79,0.8,0.2,0.21,0.01,0.01,77734.97,1776973719000
1776973722.006,222.006,0.79,0.8,0.2,0.22,0.01,0.02,77735.18,1776973720000
1776973722.374,222.374,0.79,0.8,0.2,0.21,0.01,0.01,77735.24,1776973721000
1776973722.874,222.874,0.79,0.8,0.2,0.21,0.01,0.01,77735.24,1776973721000
1776973723.254,223.254,0.79,0.8,0.2,0.21,0.01,0.01,77735.24,1776973721000
1776973723.619,223.619,0.8,0.81,0.19,0.21,0.01,0.02,77735.28,1776973722000
1776973724.079,224.079,0.8,0.81,0.19,0.2,0.01,0.01,77735.28,1776973722000
1776973724.431,224.431,0.8,0.81,0.19,0.2,0.01,0.01,77735.26,1776973723000
1776973724.9,224.9,0.8,0.81,0.19,0.2,0.01,0.01,77735.26,1776973723000
1776973725.295,225.295,0.8,0.81,0.19,0.2,0.01,0.01,77735.26,1776973723000
1776973725.64,225.64,0.8,0.81,0.19,0.2,0.01,0.01,77735.29,1776973724000
1776973726.004,226.004,0.86,0.87,0.09,0.2,0.01,0.11,77735.29,1776973724000
1776973726.355,226.355,0.86,0.87,0.13,0.14,0.01,0.01,77735.29,1776973724000
1776973726.788,226.788,0.86,0.87,0.13,0.14,0.01,0.01,77735.64,1776973725000
1776973727.316,227.316,0.86,0.87,0.13,0.14,0.01,0.01,77735.64,1776973726000
1776973727.662,227.662,0.86,0.87,0.13,0.14,0.01,0.01,77735.64,1776973726000
1776973728.113,228.113,0.86,0.87,0.13,0.14,0.01,0.01,77735.64,1776973726000
1776973728.478,228.478,0.86,0.87,0.13,0.14,0.01,0.01,77735.64,1776973727000
1776973729.108,229.108,0.86,0.87,0.13,0.14,0.01,0.01,77735.64,1776973727000
1776973729.474,229.474,0.87,0.88,0.12,0.13,0.01,0.01,77735.64,1776973727000
1776973729.863,229.863,0.87,0.89,0.11,0.13,0.02,0.02,77736.67,1776973728000
1776973730.267,230.267,0.88,0.9,0.1,0.12,0.02,0.02,77736.79,1776973729000
1776973730.757,230.757,0.88,0.89,0.1,0.12,0.01,0.02,77736.79,1776973729000
1776973731.145,231.145,0.87,0.89,0.11,0.13,0.02,0.02,77736.79,1776973729000
1776973731.501,231.501,0.88,0.89,0.11,0.13,0.01,0.02,77736.79,1776973729000
1776973731.9,231.9,0.88,0.89,0.11,0.12,0.01,0.01,77736.79,1776973729000
1776973732.322,232.322,0.87,0.89,0.11,0.13,0.02,0.02,77754.69,1776973731000
1776973733.208,233.208,0.89,0.9,0.1,0.12,0.01,0.02,77754.69,1776973731000
1776973733.567,233.567,0.89,0.9,0.1,0.11,0.01,0.01,77754.69,1776973731000
1776973733.949,233.949,0.9,0.91,0.09,0.1,0.01,0.01,77765.62,1776973732000
1776973734.349,234.349,0.9,0.92,0.08,0.1,0.02,0.02,77765.62,1776973732000
1776973734.683,234.683,0.92,0.94,0.06,0.1,0.02,0.04,77768.51,1776973733000
1776973735.02,235.02,0.93,0.94,0.06,0.07,0.01,0.01,77768.51,1776973733000
1776973735.357,235.357,0.93,0.94,0.06,0.07,0.01,0.01,77769.99,1776973734000
1776973735.693,235.693,0.93,0.95,0.05,0.07,0.02,0.02,77769.99,1776973734000
1776973736.056,236.056,0.93,0.94,0.06,0.07,0.01,0.01,77769.99,1776973734000
1776973736.42,236.42,0.94,0.95,0.05,0.06,0.01,0.01,77769.99,1776973734000
1776973736.854,236.854,0.93,0.95,0.05,0.06,0.02,0.01,77770.17,1776973735000
1776973737.193,237.193,0.93,0.94,0.06,0.07,0.01,0.01,77770.2,1776973736000
1776973737.672,237.672,0.94,0.95,0.05,0.07,0.01,0.02,77770.2,1776973736000
1776973738.014,238.014,0.94,0.95,0.05,0.06,0.01,0.01,77770.2,1776973736000
1776973738.456,238.456,0.93,0.94,0.06,0.07,0.01,0.01,77770.2,1776973736000
1776973738.878,238.878,0.93,0.94,0.06,0.07,0.01,0.01,77770.21,1776973737000
1776973739.229,239.229,0.93,0.95,0.06,0.07,0.02,0.01,77770.21,1776973738000
1776973739.618,239.618,0.94,0.95,0.05,0.06,0.01,0.01,77770.21,1776973738000
1776973740.254,240.254,0.94,0.95,0.05,0.06,0.01,0.01,77770.21,1776973738000
1776973740.675,240.675,0.94,0.96,0.04,0.06,0.02,0.02,77765.96,1776973739000
1776973741.027,241.027,0.95,0.96,0.04,0.05,0.01,0.01,77765.96,1776973739000
1776973741.457,241.457,0.95,0.96,0.04,0.05,0.01,0.01,77765.95,1776973740000
1776973741.812,241.812,0.95,0.96,0.04,0.05,0.01,0.01,77765.95,1776973740000
1776973742.158,242.158,0.95,0.96,0.04,0.05,0.01,0.01,77765.95,1776973740000
1776973742.505,242.505,0.95,0.96,0.04,0.05,0.01,0.01,77765.95,1776973741000
1776973742.861,242.861,0.95,0.96,0.04,0.05,0.01,0.01,77765.95,1776973741000
1776973743.243,243.243,0.95,0.96,0.04,0.05,0.01,0.01,77765.94,1776973742000
1776973743.609,243.609,0.95,0.96,0.04,0.05,0.01,0.01,77765.94,1776973742000
1776973744.174,244.174,0.95,0.96,0.04,0.05,0.01,0.01,77765.94,1776973742000
1776973744.663,244.663,0.96,0.97,0.03,0.05,0.01,0.02,77767.74,1776973743000
1776973745.084,245.084,0.97,0.98,0.02,0.04,0.01,0.02,77767.74,1776973743000
1776973745.477,245.477,0.97,0.98,0.02,0.03,0.01,0.01,77769.93,1776973744000
1776973745.812,245.812,0.98,0.99,0.01,0.03,0.01,0.02,77769.93,1776973744000
1776973746.315,246.315,0.98,0.99,0.01,0.02,0.01,0.01,77771.19,1776973745000
1776973746.744,246.744,0.98,0.99,0.01,0.02,0.01,0.01,77771.19,1776973745000
1776973747.085,247.085,0.98,0.99,0.01,0.02,0.01,0.01,77771.19,1776973745000
1776973747.425,247.425,0.98,0.99,0.01,0.02,0.01,0.01,77772.41,1776973746000
1776973747.863,247.863,0.98,0.99,0.01,0.02,0.01,0.01,77772.41,1776973746000
1776973748.219,248.219,0.98,0.99,0.01,0.02,0.01,0.01,77772.41,1776973746000
1776973748.596,248.596,0.98,0.99,0.01,0.02,0.01,0.01,77788.31,1776973747000
1776973748.966,248.966,0.99,0.99,0.01,0.01,0.0,0.0,77790.68,1776973748000
1776973749.731,249.731,0.99,0.99,0.01,0.01,0.0,0.0,77790.68,1776973748000
1776973750.107,250.107,0.99,0.99,0.01,0.01,0.0,0.0,77790.68,1776973748000
1776973750.509,250.509,0.99,0.99,0.01,0.01,0.0,0.0,77790.68,1776973748000
1776973750.843,250.843,0.99,0.99,0.01,0.01,0.0,0.0,77792.75,1776973749000
1776973751.282,251.282,0.99,0.99,0.01,0.01,0.0,0.0,77793.23,1776973750000
1776973751.65,251.65,0.99,0.99,0.01,0.01,0.0,0.0,77793.23,1776973750000
1776973752.087,252.087,0.99,0.99,0.01,0.01,0.0,0.0,77793.23,1776973750000
1776973752.437,252.437,0.99,0.99,0.01,0.01,0.0,0.0,77793.23,1776973751000
1776973752.868,252.868,0.99,0.99,0.01,0.01,0.0,0.0,77793.23,1776973751000
1776973753.483,253.483,0.99,0.99,0.01,0.01,0.0,0.0,77795.73,1776973752000
1776973754.029,254.029,0.99,0.99,0.01,0.01,0.0,0.0,77795.73,1776973752000
1776973754.813,254.813,0.99,0.99,0.01,0.01,0.0,0.0,77794.44,1776973753000
1776973755.498,255.498,0.99,0.99,0.01,0.01,0.0,0.0,77794.44,1776973753000
1776973756.139,256.139,0.99,0.99,0.01,0.01,0.0,0.0,77794.44,1776973753000
1776973756.56,256.56,0.99,0.99,0.01,0.01,0.0,0.0,77794.44,1776973753000
1776973757.214,257.214,0.99,0.99,0.01,0.01,0.0,0.0,77794.44,1776973753000
1776973757.587,257.587,0.99,0.99,0.01,0.01,0.0,0.0,77794.44,1776973753000
1776973758.904,258.904,0.99,0.99,0.01,0.01,0.0,0.0,77794.44,1776973753000
1776973760.693,260.693,0.99,0.99,0.01,0.01,0.0,0.0,77794.44,1776973753000
1776973761.506,261.506,0.99,0.99,0.01,0.01,0.0,0.0,77793.76,1776973760000
1776973761.964,261.964,0.99,0.99,0.01,0.01,0.0,0.0,77793.76,1776973760000
1776973763.592,263.592,0.99,0.99,0.01,0.01,0.0,0.0,77791.66,1776973762000
1776973764.038,264.038,0.99,0.99,0.01,0.01,0.0,0.0,77791.66,1776973762000
1776973765.24,265.24,0.99,0.99,0.01,0.01,0.0,0.0,77794.38,1776973764000
1776973765.746,265.746,0.99,0.99,0.01,0.01,0.0,0.0,77794.38,1776973764000
1776973766.815,266.815,0.99,0.99,0.01,0.01,0.0,0.0,77801.86,1776973765000
1776973767.429,267.429,0.99,0.99,0.01,0.01,0.0,0.0,77805.75,1776973766000
1776973767.769,267.769,0.99,0.99,0.01,0.01,0.0,0.0,77805.75,1776973766000
1776973768.195,268.195,0.99,0.99,0.01,0.01,0.0,0.0,77806.36,1776973767000
1776973769.435,269.435,0.99,0.99,0.01,0.01,0.0,0.0,77808.05,1776973768000
1776973770.022,270.022,0.99,0.99,0.01,0.01,0.0,0.0,77808.05,1776973768000
1776973770.532,270.532,0.99,0.99,0.01,0.01,0.0,0.0,77816.02,1776973769000
1776973770.989,270.989,0.99,0.99,0.01,0.01,0.0,0.0,77816.02,1776973769000
1776973771.333,271.333,0.99,0.99,0.01,0.01,0.0,0.0,77816.02,1776973769000
1776973772.251,272.251,0.99,0.99,0.01,0.01,0.0,0.0,77819.32,1776973771000
1776973773.394,273.394,0.99,0.99,0.01,0.01,0.0,0.0,77819.32,1776973771000
1776973774.136,274.136,0.99,0.99,0.01,0.01,0.0,0.0,77814.76,1776973772000
1776973774.947,274.947,0.99,0.99,0.01,0.01,0.0,0.0,77814.63,1776973773000
1776973776.102,276.102,0.99,0.99,0.01,0.01,0.0,0.0,77814.67,1776973775000
1776973777.065,277.065,0.99,0.99,0.01,0.01,0.0,0.0,77810.28,1776973776000
1776973778.15,278.15,0.99,0.99,0.01,0.01,0.0,0.0,77810.28,1776973776000
1776973779.152,279.152,0.99,0.99,0.01,0.01,0.0,0.0,77803.29,1776973777000
1776973780.404,280.404,0.99,0.99,0.01,0.01,0.0,0.0,77801.07,1776973779000
1776973780.914,280.914,0.99,0.99,0.01,0.01,0.0,0.0,77801.06,1776973780000
1776973781.297,281.297,0.99,0.99,0.01,0.01,0.0,0.0,77801.06,1776973780000
1776973782.083,282.083,0.99,0.99,0.01,0.01,0.0,0.0,77794.05,1776973781000
1776973782.964,282.964,0.99,0.99,0.01,0.01,0.0,0.0,77794.05,1776973781000
1776973783.989,283.989,0.99,0.99,0.01,0.01,0.0,0.0,77792.14,1776973782000
1776973785.317,285.317,0.99,0.99,0.01,0.01,0.0,0.0,77789.71,1776973784000
1776973786.001,286.001,0.99,0.99,0.01,0.01,0.0,0.0,77789.71,1776973785000
1776973786.364,286.364,0.99,0.99,0.01,0.01,0.0,0.0,77789.71,1776973785000
1776973786.916,286.916,0.99,0.99,0.01,0.01,0.0,0.0,77789.71,1776973785000
1776973788.101,288.101,0.99,0.99,0.01,0.01,0.0,0.0,77789.71,1776973787000
1776973789.161,289.161,0.99,0.99,0.01,0.01,0.0,0.0,77789.57,1776973788000
1776973790.329,290.329,0.99,0.99,0.01,0.01,0.0,0.0,77789.52,1776973789000
1776973791.318,291.318,0.99,0.99,0.01,0.01,0.0,0.0,77789.52,1776973790000
1776973791.852,291.852,0.99,0.99,0.01,0.01,0.0,0.0,77789.37,1776973791000
1776973792.686,292.686,0.99,0.99,0.01,0.01,0.0,0.0,77789.37,1776973791000
1776973794.016,294.016,0.99,0.99,0.01,0.01,0.0,0.0,77797.61,1776973793000
1776973795.069,295.069,0.99,0.99,0.01,0.01,0.0,0.0,77797.69,1776973794000
1776973796.119,296.119,0.99,0.99,0.01,0.01,0.0,0.0,77795.88,1776973795000
1776973797.193,297.193,0.99,0.99,0.01,0.01,0.0,0.0,77795.15,1776973796000
1776973798.404,298.404,0.99,0.99,0.01,0.01,0.0,0.0,77795,1776973797000
1776973799.315,299.315,0.99,0.99,0.01,0.01,0.0,0.0,77795,1776973797000
1776973799.846,299.846,0.99,0.99,0.01,0.01,0.0,0.0,77794.87,1776973798000
1776973800.226,300.226,0.99,0.99,0.01,0.01,0.0,0.0,77795.05,1776973799000
1776973800.573,300.573,0.99,0.99,0.01,0.01,0.0,0.0,77795.05,1776973799000
1776973801.031,301.031,0.99,0.99,0.01,0.01,0.0,0.0,77795.21,1776973800000

# RESULT,winner=Up,slug=btc-updown-5m-1776973500,ticks=603
