timestamp,elapsed_sec,up_bid,up_ask,down_bid,down_ask,up_spread,down_spread,btc_price,btc_oracle_ts
1777180800.557,0.557,0.41,0.43,0.57,0.59,0.02,0.02,78151.59,1777180798000
1777180800.938,0.938,0.41,0.43,0.57,0.59,0.02,0.02,78149.52,1777180799000
1777180801.404,1.404,0.37,0.38,0.62,0.63,0.01,0.01,78149.52,1777180799000
1777180801.763,1.763,0.36,0.38,0.62,0.64,0.02,0.02,78149.52,1777180800000
1777180802.17,2.17,0.36,0.38,0.62,0.64,0.02,0.02,78149.52,1777180800000
1777180802.504,2.504,0.35,0.38,0.64,0.65,0.03,0.01,78149.94,1777180801000
1777180803.075,3.075,0.33,0.34,0.65,0.66,0.01,0.01,78149.94,1777180801000
1777180803.434,3.434,0.33,0.34,0.66,0.67,0.01,0.01,78149.94,1777180802000
1777180803.903,3.903,0.34,0.35,0.65,0.66,0.01,0.01,78149.94,1777180802000
1777180804.325,4.325,0.34,0.35,0.63,0.66,0.01,0.03,78149.94,1777180802000
1777180804.68,4.68,0.36,0.37,0.63,0.64,0.01,0.01,78131.48,1777180803000
1777180805.016,5.016,0.34,0.35,0.65,0.66,0.01,0.01,78131.48,1777180803000
1777180805.357,5.357,0.34,0.35,0.65,0.66,0.01,0.01,78131.48,1777180803000
1777180805.69,5.69,0.34,0.35,0.65,0.66,0.01,0.01,78128.29,1777180804000
1777180806.103,6.103,0.34,0.35,0.65,0.66,0.01,0.01,78127.13,1777180805000
1777180806.644,6.644,0.34,0.35,0.65,0.67,0.01,0.02,78127.13,1777180805000
1777180807.221,7.221,0.33,0.34,0.65,0.67,0.01,0.02,78127.13,1777180805000
1777180807.743,7.743,0.32,0.33,0.67,0.68,0.01,0.01,78119.57,1777180806000
1777180808.078,8.078,0.32,0.33,0.67,0.68,0.01,0.01,78119.57,1777180806000
1777180808.423,8.423,0.32,0.33,0.67,0.68,0.01,0.01,78119.43,1777180807000
1777180808.762,8.762,0.33,0.34,0.66,0.67,0.01,0.01,78119.43,1777180807000
1777180809.097,9.097,0.33,0.34,0.66,0.67,0.01,0.01,78119.43,1777180808000
1777180809.434,9.434,0.33,0.34,0.66,0.67,0.01,0.01,78119.43,1777180808000
1777180809.806,9.806,0.33,0.34,0.66,0.67,0.01,0.01,78119.43,1777180808000
1777180810.191,10.191,0.32,0.33,0.67,0.68,0.01,0.01,78119.43,1777180808000
1777180810.701,10.701,0.32,0.33,0.67,0.68,0.01,0.01,78117.27,1777180809000
1777180811.111,11.111,0.32,0.33,0.67,0.68,0.01,0.01,78117.27,1777180809000
1777180811.474,11.474,0.32,0.33,0.67,0.68,0.01,0.01,78117.27,1777180809000
1777180811.874,11.874,0.31,0.32,0.68,0.69,0.01,0.01,78118.44,1777180810000
1777180812.284,12.284,0.31,0.32,0.68,0.69,0.01,0.01,78118.44,1777180811000
1777180812.716,12.716,0.31,0.32,0.68,0.69,0.01,0.01,78118.44,1777180811000
1777180813.101,13.101,0.31,0.32,0.68,0.69,0.01,0.01,78118.44,1777180811000
1777180813.443,13.443,0.32,0.33,0.67,0.68,0.01,0.01,78118.44,1777180811000
1777180813.874,13.874,0.33,0.34,0.66,0.67,0.01,0.01,78117.9,1777180812000
1777180814.864,14.864,0.33,0.34,0.66,0.67,0.01,0.01,78118.36,1777180813000
1777180815.209,15.209,0.43,0.46,0.54,0.57,0.03,0.03,78123.26,1777180814000
1777180815.619,15.619,0.46,0.47,0.53,0.54,0.01,0.01,78123.26,1777180814000
1777180815.97,15.97,0.46,0.47,0.53,0.54,0.01,0.01,78123.26,1777180814000
1777180816.314,16.314,0.46,0.47,0.53,0.54,0.01,0.01,78123.26,1777180814000
1777180816.77,16.77,0.46,0.47,0.53,0.54,0.01,0.01,78128.85,1777180815000
1777180817.116,17.116,0.46,0.48,0.52,0.53,0.02,0.01,78151.33,1777180816000
1777180817.503,17.503,0.43,0.44,0.54,0.57,0.01,0.03,78151.33,1777180816000
1777180817.836,17.836,0.43,0.44,0.56,0.57,0.01,0.01,78151.33,1777180816000
1777180818.212,18.212,0.43,0.44,0.56,0.57,0.01,0.01,78151.73,1777180817000
1777180818.683,18.683,0.47,0.48,0.52,0.53,0.01,0.01,78151.73,1777180817000
1777180819.102,19.102,0.47,0.48,0.52,0.53,0.01,0.01,78151.73,1777180817000
1777180819.448,19.448,0.47,0.48,0.52,0.53,0.01,0.01,78152.17,1777180818000
1777180819.814,19.814,0.47,0.48,0.52,0.53,0.01,0.01,78152.17,1777180818000
1777180820.289,20.289,0.47,0.48,0.52,0.53,0.01,0.01,78156.57,1777180819000
1777180820.695,20.695,0.46,0.47,0.52,0.54,0.01,0.02,78156.57,1777180819000
1777180821.051,21.051,0.46,0.47,0.53,0.54,0.01,0.01,78156.57,1777180819000
1777180821.396,21.396,0.46,0.47,0.53,0.54,0.01,0.01,78160.22,1777180820000
1777180821.789,21.789,0.45,0.47,0.53,0.54,0.02,0.01,78160.22,1777180820000
1777180822.291,22.291,0.45,0.46,0.54,0.55,0.01,0.01,78160.77,1777180821000
1777180822.73,22.73,0.45,0.46,0.54,0.55,0.01,0.01,78160.77,1777180821000
1777180823.152,23.152,0.45,0.46,0.54,0.55,0.01,0.01,78160.77,1777180821000
1777180823.579,23.579,0.46,0.47,0.53,0.54,0.01,0.01,78162.55,1777180822000
1777180824.053,24.053,0.48,0.49,0.51,0.53,0.01,0.02,78162.55,1777180822000
1777180824.391,24.391,0.48,0.49,0.51,0.52,0.01,0.01,78161.66,1777180823000
1777180824.924,24.924,0.48,0.49,0.51,0.52,0.01,0.01,78161.66,1777180823000
1777180825.267,25.267,0.48,0.49,0.51,0.52,0.01,0.01,78162.29,1777180824000
1777180825.66,25.66,0.48,0.49,0.51,0.52,0.01,0.01,78162.29,1777180824000
1777180826.28,26.28,0.48,0.49,0.51,0.52,0.01,0.01,78162.29,1777180824000
1777180826.67,26.67,0.48,0.49,0.51,0.52,0.01,0.01,78169.64,1777180825000
1777180827.026,27.026,0.48,0.49,0.51,0.52,0.01,0.01,78169.64,1777180825000
1777180827.4,27.4,0.45,0.46,0.54,0.55,0.01,0.01,78169.06,1777180826000
1777180827.754,27.754,0.45,0.46,0.54,0.55,0.01,0.01,78169.06,1777180826000
1777180828.156,28.156,0.45,0.46,0.54,0.55,0.01,0.01,78169.06,1777180826000
1777180828.512,28.512,0.45,0.46,0.54,0.55,0.01,0.01,78169.06,1777180827000
1777180828.847,28.847,0.45,0.47,0.54,0.55,0.02,0.01,78169.06,1777180827000
1777180829.187,29.187,0.46,0.47,0.53,0.54,0.01,0.01,78167.99,1777180828000
1777180829.575,29.575,0.46,0.47,0.53,0.54,0.01,0.01,78167.99,1777180828000
1777180829.919,29.919,0.46,0.47,0.53,0.54,0.01,0.01,78167.99,1777180828000
1777180830.471,30.471,0.45,0.46,0.53,0.54,0.01,0.01,78166.32,1777180829000
1777180831.027,31.027,0.45,0.46,0.54,0.55,0.01,0.01,78166.32,1777180829000
1777180831.834,31.834,0.45,0.46,0.54,0.55,0.01,0.01,78165.36,1777180830000
1777180832.284,32.284,0.45,0.46,0.54,0.55,0.01,0.01,78164.09,1777180831000
1777180832.801,32.801,0.45,0.46,0.54,0.55,0.01,0.01,78164.09,1777180831000
1777180833.292,33.292,0.46,0.47,0.54,0.55,0.01,0.01,78164.09,1777180831000
1777180833.651,33.651,0.46,0.49,0.53,0.54,0.03,0.01,78162.89,1777180832000
1777180834.294,34.294,0.48,0.49,0.51,0.52,0.01,0.01,78162.89,1777180833000
1777180834.663,34.663,0.48,0.49,0.51,0.52,0.01,0.01,78162.89,1777180833000
1777180835.027,35.027,0.48,0.49,0.51,0.52,0.01,0.01,78163.18,1777180834000
1777180835.846,35.846,0.48,0.49,0.51,0.52,0.01,0.01,78163.18,1777180834000
1777180836.235,36.235,0.49,0.5,0.5,0.52,0.01,0.02,78167.5,1777180835000
1777180836.804,36.804,0.49,0.5,0.5,0.51,0.01,0.01,78167.5,1777180835000
1777180837.151,37.151,0.49,0.5,0.5,0.51,0.01,0.01,78167.54,1777180836000
1777180837.525,37.525,0.49,0.5,0.5,0.51,0.01,0.01,78167.54,1777180836000
1777180837.91,37.91,0.49,0.5,0.5,0.51,0.01,0.01,78167.54,1777180836000
1777180838.277,38.277,0.49,0.5,0.5,0.51,0.01,0.01,78167.62,1777180837000
1777180838.749,38.749,0.49,0.5,0.5,0.51,0.01,0.01,78167.62,1777180837000
1777180839.343,39.343,0.49,0.5,0.5,0.51,0.01,0.01,78168.04,1777180838000
1777180839.886,39.886,0.49,0.5,0.5,0.51,0.01,0.01,78168.04,1777180838000
1777180840.566,40.566,0.49,0.5,0.5,0.51,0.01,0.01,78168.04,1777180838000
1777180840.943,40.943,0.49,0.5,0.5,0.51,0.01,0.01,78168.04,1777180839000
1777180841.361,41.361,0.49,0.5,0.5,0.51,0.01,0.01,78168.04,1777180839000
1777180841.829,41.829,0.49,0.5,0.5,0.51,0.01,0.01,78168.01,1777180840000
1777180842.282,42.282,0.49,0.5,0.5,0.51,0.01,0.01,78168.01,1777180841000
1777180842.715,42.715,0.49,0.5,0.5,0.51,0.01,0.01,78168.01,1777180841000
1777180843.089,43.089,0.49,0.5,0.5,0.51,0.01,0.01,78168.01,1777180841000
1777180843.467,43.467,0.49,0.5,0.5,0.51,0.01,0.01,78168.07,1777180842000
1777180843.93,43.93,0.49,0.5,0.5,0.51,0.01,0.01,78168.07,1777180842000
1777180844.361,44.361,0.49,0.5,0.5,0.51,0.01,0.01,78169.17,1777180843000
1777180844.915,44.915,0.49,0.5,0.5,0.51,0.01,0.01,78169.17,1777180844000
1777180845.326,45.326,0.49,0.5,0.5,0.51,0.01,0.01,78169.17,1777180844000
1777180845.94,45.94,0.49,0.5,0.5,0.51,0.01,0.01,78170.06,1777180845000
1777180846.722,46.722,0.49,0.5,0.5,0.51,0.01,0.01,78170.06,1777180845000
1777180847.064,47.064,0.49,0.5,0.5,0.51,0.01,0.01,78170.06,1777180845000
1777180847.406,47.406,0.49,0.5,0.5,0.51,0.01,0.01,78170.07,1777180846000
1777180847.744,47.744,0.5,0.51,0.49,0.5,0.01,0.01,78170.07,1777180846000
1777180848.086,48.086,0.5,0.51,0.49,0.5,0.01,0.01,78170.11,1777180847000
1777180848.517,48.517,0.5,0.51,0.49,0.5,0.01,0.01,78170.11,1777180847000
1777180848.921,48.921,0.5,0.51,0.49,0.5,0.01,0.01,78170.11,1777180847000
1777180849.314,49.314,0.5,0.51,0.49,0.5,0.01,0.01,78169.51,1777180848000
1777180849.661,49.661,0.5,0.51,0.49,0.5,0.01,0.01,78169.51,1777180848000
1777180850.026,50.026,0.49,0.51,0.49,0.5,0.02,0.01,78169.51,1777180848000
1777180850.381,50.381,0.5,0.51,0.49,0.5,0.01,0.01,78169.51,1777180849000
1777180850.779,50.779,0.5,0.51,0.49,0.5,0.01,0.01,78169.51,1777180849000
1777180851.277,51.277,0.49,0.5,0.5,0.51,0.01,0.01,78169.56,1777180850000
1777180852.052,52.052,0.49,0.51,0.5,0.51,0.02,0.01,78169.56,1777180850000
1777180852.93,52.93,0.5,0.51,0.49,0.5,0.01,0.01,78169.56,1777180851000
1777180853.369,53.369,0.5,0.51,0.49,0.5,0.01,0.01,78169.52,1777180852000
1777180854.03,54.03,0.5,0.51,0.49,0.5,0.01,0.01,78169.53,1777180853000
1777180854.365,54.365,0.51,0.52,0.48,0.49,0.01,0.01,78169.53,1777180853000
1777180854.932,54.932,0.51,0.52,0.48,0.49,0.01,0.01,78169.53,1777180853000
1777180855.653,55.653,0.51,0.53,0.48,0.49,0.02,0.01,78169.53,1777180853000
1777180856.048,56.048,0.52,0.53,0.47,0.48,0.01,0.01,78169.78,1777180854000
1777180856.463,56.463,0.52,0.53,0.47,0.48,0.01,0.01,78169.77,1777180855000
1777180857.202,57.202,0.52,0.53,0.47,0.48,0.01,0.01,78169.77,1777180856000
1777180857.592,57.592,0.52,0.53,0.47,0.48,0.01,0.01,78169.77,1777180856000
1777180858.026,58.026,0.5,0.51,0.49,0.5,0.01,0.01,78169.77,1777180856000
1777180858.377,58.377,0.49,0.5,0.5,0.51,0.01,0.01,78169.77,1777180857000
1777180858.813,58.813,0.49,0.5,0.5,0.51,0.01,0.01,78169.77,1777180857000
1777180859.178,59.178,0.49,0.5,0.5,0.51,0.01,0.01,78169.77,1777180857000
1777180859.527,59.527,0.49,0.5,0.5,0.51,0.01,0.01,78167.73,1777180858000
1777180859.908,59.908,0.49,0.5,0.5,0.51,0.01,0.01,78167.73,1777180858000
1777180860.291,60.291,0.49,0.5,0.5,0.51,0.01,0.01,78163.8,1777180859000
1777180860.677,60.677,0.49,0.5,0.5,0.51,0.01,0.01,78163.8,1777180859000
1777180861.013,61.013,0.49,0.5,0.5,0.51,0.01,0.01,78163.33,1777180860000
1777180861.371,61.371,0.5,0.51,0.49,0.5,0.01,0.01,78163.33,1777180860000
1777180861.76,61.76,0.5,0.51,0.49,0.5,0.01,0.01,78163.33,1777180860000
1777180862.24,62.24,0.5,0.51,0.49,0.5,0.01,0.01,78162.72,1777180861000
1777180862.593,62.593,0.49,0.51,0.49,0.5,0.02,0.01,78162.72,1777180861000
1777180862.969,62.969,0.49,0.5,0.5,0.51,0.01,0.01,78162.72,1777180861000
1777180863.823,63.823,0.49,0.5,0.5,0.51,0.01,0.01,78162.72,1777180862000
1777180864.345,64.345,0.49,0.5,0.49,0.5,0.01,0.01,78162.44,1777180863000
1777180864.719,64.719,0.49,0.5,0.5,0.51,0.01,0.01,78162.44,1777180863000
1777180865.135,65.135,0.49,0.5,0.5,0.51,0.01,0.01,78162.44,1777180863000
1777180866.135,66.135,0.49,0.5,0.5,0.51,0.01,0.01,78162.73,1777180865000
1777180866.647,66.647,0.5,0.51,0.49,0.51,0.01,0.02,78162.73,1777180865000
1777180867.114,67.114,0.49,0.51,0.49,0.51,0.02,0.02,78163.61,1777180866000
1777180867.474,67.474,0.45,0.46,0.54,0.55,0.01,0.01,78163.61,1777180866000
1777180867.813,67.813,0.44,0.45,0.55,0.56,0.01,0.01,78163.61,1777180866000
1777180868.175,68.175,0.44,0.45,0.55,0.56,0.01,0.01,78163.61,1777180866000
1777180868.648,68.648,0.44,0.45,0.55,0.56,0.01,0.01,78163.61,1777180866000
1777180869.032,69.032,0.43,0.44,0.56,0.57,0.01,0.01,78161.35,1777180867000
1777180869.456,69.456,0.43,0.44,0.56,0.57,0.01,0.01,78157.54,1777180868000
1777180869.79,69.79,0.43,0.44,0.56,0.57,0.01,0.01,78157.54,1777180868000
1777180870.302,70.302,0.43,0.44,0.56,0.57,0.01,0.01,78157.54,1777180868000
1777180870.678,70.678,0.42,0.43,0.56,0.58,0.01,0.02,78154.32,1777180869000
1777180871.258,71.258,0.42,0.43,0.57,0.58,0.01,0.01,78154.32,1777180870000
1777180871.738,71.738,0.42,0.43,0.57,0.58,0.01,0.01,78154.32,1777180870000
1777180872.082,72.082,0.42,0.43,0.57,0.58,0.01,0.01,78154.32,1777180870000
1777180873.187,73.187,0.42,0.43,0.57,0.58,0.01,0.01,78152.7,1777180872000
1777180873.658,73.658,0.42,0.43,0.57,0.58,0.01,0.01,78152.7,1777180872000
1777180874.021,74.021,0.42,0.44,0.57,0.58,0.02,0.01,78152.7,1777180872000
1777180874.355,74.355,0.42,0.43,0.57,0.58,0.01,0.01,78152.38,1777180873000
1777180874.98,74.98,0.43,0.44,0.56,0.57,0.01,0.01,78152.38,1777180873000
1777180875.379,75.379,0.43,0.44,0.56,0.57,0.01,0.01,78152.38,1777180873000
1777180876.105,76.105,0.43,0.44,0.56,0.57,0.01,0.01,78151.91,1777180874000
1777180877.083,77.083,0.43,0.44,0.56,0.57,0.01,0.01,78151.88,1777180876000
1777180877.607,77.607,0.44,0.45,0.56,0.57,0.01,0.01,78151.88,1777180876000
1777180878.012,78.012,0.44,0.45,0.55,0.56,0.01,0.01,78151.88,1777180876000
1777180878.55,78.55,0.44,0.45,0.55,0.56,0.01,0.01,78151.8,1777180877000
1777180879.311,79.311,0.44,0.45,0.55,0.56,0.01,0.01,78151.24,1777180878000
1777180880.006,80.006,0.44,0.45,0.55,0.56,0.01,0.01,78151.24,1777180878000
1777180880.586,80.586,0.44,0.45,0.55,0.56,0.01,0.01,78150.69,1777180879000
1777180881.138,81.138,0.44,0.45,0.55,0.56,0.01,0.01,78150.69,1777180880000
1777180881.966,81.966,0.44,0.45,0.55,0.56,0.01,0.01,78150.69,1777180880000
1777180882.397,82.397,0.44,0.45,0.55,0.56,0.01,0.01,78150.89,1777180881000
1777180882.778,82.778,0.46,0.47,0.53,0.54,0.01,0.01,78150.89,1777180881000
1777180883.311,83.311,0.45,0.47,0.53,0.55,0.02,0.02,78151.24,1777180882000
1777180883.752,83.752,0.46,0.47,0.53,0.55,0.01,0.02,78151.24,1777180882000
1777180884.347,84.347,0.46,0.47,0.53,0.54,0.01,0.01,78151.24,1777180883000
1777180884.93,84.93,0.46,0.47,0.53,0.54,0.01,0.01,78153.29,1777180884000
1777180885.447,85.447,0.46,0.47,0.53,0.54,0.01,0.01,78153.29,1777180884000
1777180885.789,85.789,0.47,0.48,0.52,0.53,0.01,0.01,78153.29,1777180884000
1777180886.159,86.159,0.47,0.48,0.52,0.53,0.01,0.01,78157.79,1777180885000
1777180886.537,86.537,0.47,0.48,0.52,0.53,0.01,0.01,78157.79,1777180885000
1777180886.998,86.998,0.47,0.48,0.52,0.53,0.01,0.01,78157.79,1777180885000
1777180887.422,87.422,0.47,0.48,0.52,0.53,0.01,0.01,78157.76,1777180886000
1777180887.891,87.891,0.46,0.48,0.52,0.54,0.02,0.02,78157.76,1777180886000
1777180888.811,88.811,0.46,0.47,0.53,0.54,0.01,0.01,78158.54,1777180887000
1777180889.622,89.622,0.46,0.47,0.54,0.55,0.01,0.01,78158.23,1777180888000
1777180889.981,89.981,0.46,0.47,0.53,0.54,0.01,0.01,78156.13,1777180889000
1777180890.636,90.636,0.46,0.47,0.53,0.54,0.01,0.01,78156.13,1777180889000
1777180891.012,91.012,0.46,0.48,0.52,0.54,0.02,0.02,78155.82,1777180890000
1777180892.074,92.074,0.47,0.48,0.52,0.53,0.01,0.01,78155.98,1777180891000
1777180892.458,92.458,0.47,0.48,0.52,0.53,0.01,0.01,78155.98,1777180891000
1777180892.844,92.844,0.48,0.49,0.51,0.53,0.01,0.02,78155.98,1777180891000
1777180893.344,93.344,0.48,0.49,0.51,0.52,0.01,0.01,78155.98,1777180892000
1777180893.767,93.767,0.48,0.49,0.51,0.52,0.01,0.01,78155.98,1777180892000
1777180894.253,94.253,0.48,0.49,0.51,0.52,0.01,0.01,78155.99,1777180893000
1777180895.315,95.315,0.48,0.49,0.51,0.52,0.01,0.01,78155.99,1777180894000
1777180895.853,95.853,0.48,0.49,0.51,0.52,0.01,0.01,78155.99,1777180894000
1777180896.342,96.342,0.48,0.49,0.51,0.52,0.01,0.01,78155.99,1777180894000
1777180896.848,96.848,0.48,0.49,0.51,0.52,0.01,0.01,78155.99,1777180894000
1777180897.269,97.269,0.48,0.49,0.51,0.52,0.01,0.01,78155.48,1777180895000
1777180897.909,97.909,0.48,0.49,0.51,0.52,0.01,0.01,78155.19,1777180897000
1777180898.848,98.848,0.46,0.49,0.51,0.52,0.03,0.01,78155.19,1777180897000
1777180899.843,99.843,0.45,0.47,0.53,0.54,0.02,0.01,78155.27,1777180898000
1777180900.246,100.246,0.45,0.46,0.53,0.55,0.01,0.02,78155.47,1777180899000
1777180900.63,100.63,0.44,0.45,0.54,0.56,0.01,0.02,78155.47,1777180899000
1777180901.003,101.003,0.44,0.45,0.55,0.56,0.01,0.01,78155.5,1777180900000
1777180901.398,101.398,0.44,0.45,0.55,0.56,0.01,0.01,78155.5,1777180900000
1777180901.956,101.956,0.44,0.45,0.55,0.56,0.01,0.01,78152.55,1777180901000
1777180902.358,102.358,0.36,0.41,0.59,0.64,0.05,0.05,78152.55,1777180901000
1777180902.739,102.739,0.36,0.37,0.62,0.63,0.01,0.01,78152.55,1777180901000
1777180903.093,103.093,0.36,0.37,0.63,0.64,0.01,0.01,78151.25,1777180902000
1777180903.434,103.434,0.36,0.37,0.63,0.64,0.01,0.01,78151.25,1777180902000
1777180903.93,103.93,0.35,0.36,0.64,0.65,0.01,0.01,78151.25,1777180902000
1777180904.35,104.35,0.35,0.36,0.64,0.65,0.01,0.01,78144.63,1777180903000
1777180904.684,104.684,0.35,0.36,0.64,0.65,0.01,0.01,78144.63,1777180903000
1777180905.017,105.017,0.35,0.36,0.64,0.65,0.01,0.01,78134.86,1777180904000
1777180905.353,105.353,0.35,0.36,0.64,0.65,0.01,0.01,78134.86,1777180904000
1777180905.72,105.72,0.33,0.34,0.66,0.67,0.01,0.01,78134.86,1777180904000
1777180906.057,106.057,0.33,0.34,0.66,0.67,0.01,0.01,78128.83,1777180905000
1777180906.391,106.391,0.33,0.34,0.66,0.67,0.01,0.01,78128.83,1777180905000
1777180906.751,106.751,0.33,0.34,0.66,0.67,0.01,0.01,78128.83,1777180905000
1777180907.187,107.187,0.33,0.34,0.66,0.67,0.01,0.01,78123.93,1777180906000
1777180907.819,107.819,0.33,0.34,0.66,0.67,0.01,0.01,78123.93,1777180906000
1777180908.189,108.189,0.33,0.34,0.66,0.67,0.01,0.01,78120.48,1777180907000
1777180908.532,108.532,0.33,0.34,0.66,0.67,0.01,0.01,78120.48,1777180907000
1777180908.927,108.927,0.32,0.33,0.66,0.68,0.01,0.02,78120.48,1777180907000
1777180909.321,109.321,0.31,0.32,0.68,0.69,0.01,0.01,78119.06,1777180908000
1777180909.657,109.657,0.3,0.31,0.69,0.7,0.01,0.01,78119.06,1777180908000
1777180910.052,110.052,0.28,0.3,0.7,0.72,0.02,0.02,78119.06,1777180908000
1777180910.439,110.439,0.28,0.29,0.71,0.72,0.01,0.01,78115.97,1777180909000
1777180910.892,110.892,0.28,0.29,0.71,0.72,0.01,0.01,78115.97,1777180909000
1777180911.283,111.283,0.37,0.39,0.62,0.63,0.02,0.01,78115.97,1777180910000
1777180911.643,111.643,0.37,0.38,0.62,0.63,0.01,0.01,78115.97,1777180910000
1777180912.07,112.07,0.37,0.38,0.62,0.63,0.01,0.01,78115.15,1777180911000
1777180912.492,112.492,0.37,0.38,0.61,0.63,0.01,0.02,78115.15,1777180911000
1777180912.833,112.833,0.37,0.38,0.62,0.63,0.01,0.01,78115.15,1777180911000
1777180913.185,113.185,0.39,0.4,0.6,0.61,0.01,0.01,78117.04,1777180912000
1777180913.522,113.522,0.39,0.4,0.6,0.61,0.01,0.01,78117.04,1777180912000
1777180913.892,113.892,0.39,0.4,0.6,0.61,0.01,0.01,78126.72,1777180913000
1777180914.275,114.275,0.39,0.4,0.6,0.61,0.01,0.01,78126.72,1777180913000
1777180914.655,114.655,0.39,0.4,0.6,0.61,0.01,0.01,78126.72,1777180913000
1777180915.073,115.073,0.39,0.4,0.6,0.61,0.01,0.01,78131.73,1777180914000
1777180915.503,115.503,0.39,0.4,0.6,0.61,0.01,0.01,78131.73,1777180914000
1777180915.853,115.853,0.39,0.4,0.6,0.61,0.01,0.01,78132.29,1777180915000
1777180916.366,116.366,0.39,0.4,0.6,0.61,0.01,0.01,78132.29,1777180915000
1777180916.874,116.874,0.39,0.4,0.6,0.61,0.01,0.01,78132.29,1777180915000
1777180917.353,117.353,0.39,0.4,0.6,0.61,0.01,0.01,78132.26,1777180916000
1777180917.731,117.731,0.38,0.39,0.6,0.62,0.01,0.02,78132.26,1777180916000
1777180918.307,118.307,0.38,0.39,0.61,0.62,0.01,0.01,78132.26,1777180916000
1777180918.917,118.917,0.38,0.39,0.61,0.62,0.01,0.01,78132.28,1777180917000
1777180919.318,119.318,0.38,0.39,0.61,0.62,0.01,0.01,78132.28,1777180918000
1777180919.794,119.794,0.37,0.38,0.61,0.62,0.01,0.01,78132.28,1777180918000
1777180920.255,120.255,0.35,0.36,0.64,0.65,0.01,0.01,78132.28,1777180918000
1777180920.645,120.645,0.35,0.36,0.64,0.65,0.01,0.01,78132.29,1777180919000
1777180921.196,121.196,0.35,0.36,0.64,0.65,0.01,0.01,78132.29,1777180919000
1777180921.615,121.615,0.33,0.35,0.65,0.66,0.02,0.01,78133.95,1777180920000
1777180921.959,121.959,0.31,0.32,0.68,0.69,0.01,0.01,78133.95,1777180920000
1777180922.302,122.302,0.31,0.32,0.68,0.69,0.01,0.01,78133.95,1777180920000
1777180922.66,122.66,0.31,0.34,0.68,0.69,0.03,0.01,78133.95,1777180920000
1777180923.279,123.279,0.31,0.32,0.68,0.69,0.01,0.01,78132.44,1777180921000
1777180923.669,123.669,0.31,0.32,0.68,0.69,0.01,0.01,78132.44,1777180922000
1777180924.07,124.07,0.31,0.32,0.68,0.69,0.01,0.01,78126.95,1777180923000
1777180924.545,124.545,0.3,0.32,0.68,0.69,0.02,0.01,78126.95,1777180923000
1777180924.898,124.898,0.3,0.35,0.69,0.7,0.05,0.01,78126.95,1777180923000
1777180925.834,125.834,0.33,0.34,0.66,0.67,0.01,0.01,78124.56,1777180924000
1777180926.198,126.198,0.33,0.34,0.66,0.67,0.01,0.01,78123.4,1777180925000
1777180926.66,126.66,0.27,0.31,0.69,0.7,0.04,0.01,78123.4,1777180925000
1777180927.002,127.002,0.26,0.27,0.71,0.74,0.01,0.03,78123.4,1777180925000
1777180927.46,127.46,0.26,0.27,0.73,0.74,0.01,0.01,78124.19,1777180926000
1777180927.88,127.88,0.26,0.27,0.73,0.74,0.01,0.01,78124.19,1777180926000
1777180928.226,128.226,0.26,0.27,0.73,0.74,0.01,0.01,78124.19,1777180926000
1777180928.622,128.622,0.26,0.27,0.73,0.74,0.01,0.01,78122.36,1777180927000
1777180929.037,129.037,0.26,0.27,0.73,0.74,0.01,0.01,78122.36,1777180927000
1777180929.465,129.465,0.26,0.27,0.73,0.74,0.01,0.01,78116.83,1777180928000
1777180929.864,129.864,0.29,0.3,0.7,0.71,0.01,0.01,78116.83,1777180928000
1777180930.31,130.31,0.29,0.3,0.7,0.71,0.01,0.01,78114.33,1777180929000
1777180930.646,130.646,0.29,0.3,0.7,0.71,0.01,0.01,78114.33,1777180929000
1777180931.072,131.072,0.29,0.3,0.7,0.71,0.01,0.01,78114.33,1777180929000
1777180931.459,131.459,0.27,0.3,0.7,0.71,0.03,0.01,78112.89,1777180930000
1777180932.132,132.132,0.25,0.28,0.72,0.75,0.03,0.03,78112.85,1777180931000
1777180932.491,132.491,0.25,0.26,0.74,0.75,0.01,0.01,78112.85,1777180931000
1777180933.005,133.005,0.27,0.28,0.67,0.75,0.01,0.08,78112.85,1777180931000
1777180933.367,133.367,0.27,0.28,0.72,0.73,0.01,0.01,78112.06,1777180932000
1777180933.718,133.718,0.27,0.28,0.72,0.73,0.01,0.01,78112.06,1777180932000
1777180934.062,134.062,0.27,0.28,0.72,0.73,0.01,0.01,78111.42,1777180933000
1777180934.651,134.651,0.27,0.28,0.72,0.73,0.01,0.01,78111.42,1777180933000
1777180934.992,134.992,0.27,0.28,0.72,0.73,0.01,0.01,78111.42,1777180933000
1777180935.337,135.337,0.27,0.28,0.72,0.73,0.01,0.01,78110.4,1777180934000
1777180935.887,135.887,0.27,0.28,0.72,0.73,0.01,0.01,78110.4,1777180934000
1777180936.665,136.665,0.26,0.28,0.72,0.73,0.02,0.01,78110.56,1777180935000
1777180937.019,137.019,0.27,0.28,0.72,0.73,0.01,0.01,78110.56,1777180935000
1777180937.385,137.385,0.27,0.28,0.72,0.73,0.01,0.01,78110.56,1777180935000
1777180937.992,137.992,0.26,0.27,0.73,0.74,0.01,0.01,78110.56,1777180936000
1777180938.372,138.372,0.26,0.27,0.73,0.74,0.01,0.01,78110.17,1777180937000
1777180938.811,138.811,0.27,0.28,0.72,0.73,0.01,0.01,78110.17,1777180937000
1777180939.355,139.355,0.25,0.27,0.73,0.74,0.02,0.01,78109.84,1777180938000
1777180939.768,139.768,0.25,0.26,0.74,0.75,0.01,0.01,78109.84,1777180938000
1777180940.286,140.286,0.25,0.26,0.74,0.75,0.01,0.01,78108.06,1777180939000
1777180940.624,140.624,0.25,0.26,0.74,0.75,0.01,0.01,78108.06,1777180939000
1777180941.215,141.215,0.24,0.26,0.74,0.75,0.02,0.01,78108.06,1777180939000
1777180941.963,141.963,0.25,0.26,0.74,0.76,0.01,0.02,78108.01,1777180940000
1777180942.585,142.585,0.25,0.26,0.74,0.75,0.01,0.01,78108.59,1777180941000
1777180943.061,143.061,0.24,0.26,0.74,0.75,0.02,0.01,78108.59,1777180941000
1777180943.502,143.502,0.24,0.25,0.75,0.76,0.01,0.01,78110.84,1777180942000
1777180943.986,143.986,0.24,0.25,0.75,0.76,0.01,0.01,78110.84,1777180942000
1777180944.406,144.406,0.24,0.25,0.75,0.76,0.01,0.01,78112.14,1777180943000
1777180944.892,144.892,0.23,0.25,0.75,0.77,0.02,0.02,78110.66,1777180944000
1777180945.326,145.326,0.22,0.23,0.77,0.78,0.01,0.01,78110.66,1777180944000
1777180945.676,145.676,0.22,0.23,0.77,0.78,0.01,0.01,78110.66,1777180944000
1777180946.104,146.104,0.24,0.25,0.75,0.76,0.01,0.01,78110.66,1777180944000
1777180946.455,146.455,0.21,0.25,0.75,0.76,0.04,0.01,78110.66,1777180945000
1777180946.816,146.816,0.21,0.22,0.78,0.79,0.01,0.01,78110.66,1777180945000
1777180947.191,147.191,0.22,0.23,0.77,0.78,0.01,0.01,78109.03,1777180946000
1777180947.661,147.661,0.22,0.23,0.77,0.78,0.01,0.01,78109.03,1777180946000
1777180948.031,148.031,0.22,0.23,0.77,0.78,0.01,0.01,78109.03,1777180946000
1777180948.421,148.421,0.21,0.23,0.77,0.79,0.02,0.02,78106.4,1777180947000
1777180949.0,149.0,0.21,0.22,0.78,0.79,0.01,0.01,78106.4,1777180947000
1777180949.441,149.441,0.21,0.22,0.78,0.79,0.01,0.01,78106.4,1777180948000
1777180950.27,150.27,0.21,0.22,0.78,0.79,0.01,0.01,78106.4,1777180948000
1777180950.63,150.63,0.2,0.22,0.78,0.79,0.02,0.01,78106.13,1777180949000
1777180951.423,151.423,0.2,0.21,0.79,0.8,0.01,0.01,78106.52,1777180950000
1777180951.783,151.783,0.2,0.21,0.79,0.8,0.01,0.01,78106.52,1777180950000
1777180952.141,152.141,0.19,0.21,0.79,0.8,0.02,0.01,78106.52,1777180950000
1777180952.49,152.49,0.19,0.2,0.8,0.81,0.01,0.01,78106.23,1777180951000
1777180952.827,152.827,0.2,0.21,0.79,0.8,0.01,0.01,78103.98,1777180952000
1777180953.241,153.241,0.19,0.2,0.79,0.81,0.01,0.02,78103.98,1777180952000
1777180954.035,154.035,0.21,0.22,0.79,0.81,0.01,0.02,78103.98,1777180952000
1777180954.911,154.911,0.19,0.2,0.78,0.81,0.01,0.03,78103.3,1777180953000
1777180955.268,155.268,0.18,0.19,0.8,0.82,0.01,0.02,78103.19,1777180954000
1777180955.783,155.783,0.18,0.2,0.81,0.82,0.02,0.01,78103.19,1777180954000
1777180956.179,156.179,0.19,0.2,0.8,0.82,0.01,0.02,78103.19,1777180954000
1777180956.914,156.914,0.2,0.21,0.8,0.81,0.01,0.01,78103.26,1777180955000
1777180957.289,157.289,0.2,0.21,0.79,0.8,0.01,0.01,78103.26,1777180956000
1777180957.655,157.655,0.19,0.2,0.8,0.81,0.01,0.01,78103.26,1777180956000
1777180958.166,158.166,0.18,0.19,0.8,0.81,0.01,0.01,78103.15,1777180957000
1777180958.72,158.72,0.18,0.19,0.81,0.82,0.01,0.01,78103.15,1777180957000
1777180959.331,159.331,0.18,0.19,0.81,0.82,0.01,0.01,78103.02,1777180958000
1777180959.7,159.7,0.18,0.19,0.81,0.82,0.01,0.01,78103.02,1777180958000
1777180960.145,160.145,0.18,0.19,0.81,0.82,0.01,0.01,78103.07,1777180959000
1777180960.633,160.633,0.18,0.19,0.81,0.82,0.01,0.01,78103.07,1777180959000
1777180961.112,161.112,0.18,0.19,0.81,0.82,0.01,0.01,78103.07,1777180959000
1777180961.574,161.574,0.18,0.19,0.81,0.82,0.01,0.01,78103.11,1777180960000
1777180962.11,162.11,0.18,0.19,0.81,0.82,0.01,0.01,78103.11,1777180961000
1777180962.667,162.667,0.18,0.19,0.81,0.82,0.01,0.01,78103.11,1777180961000
1777180963.096,163.096,0.18,0.19,0.81,0.82,0.01,0.01,78103.31,1777180962000
1777180963.57,163.57,0.18,0.19,0.81,0.82,0.01,0.01,78103.31,1777180962000
1777180964.073,164.073,0.18,0.19,0.81,0.82,0.01,0.01,78103.67,1777180963000
1777180964.611,164.611,0.18,0.19,0.81,0.82,0.01,0.01,78103.67,1777180963000
1777180965.237,165.237,0.18,0.19,0.81,0.82,0.01,0.01,78103.67,1777180963000
1777180965.571,165.571,0.18,0.19,0.81,0.82,0.01,0.01,78103.96,1777180964000
1777180966.169,166.169,0.18,0.19,0.81,0.82,0.01,0.01,78103.96,1777180964000
1777180966.67,166.67,0.18,0.19,0.81,0.82,0.01,0.01,78104.35,1777180965000
1777180967.266,167.266,0.18,0.19,0.81,0.82,0.01,0.01,78104.35,1777180965000
1777180967.644,167.644,0.17,0.18,0.81,0.83,0.01,0.02,78104.35,1777180966000
1777180968.069,168.069,0.17,0.18,0.82,0.83,0.01,0.01,78104.15,1777180967000
1777180968.487,168.487,0.17,0.18,0.82,0.83,0.01,0.01,78104.15,1777180967000
1777180968.82,168.82,0.16,0.18,0.82,0.83,0.02,0.01,78104.15,1777180967000
1777180969.285,169.285,0.16,0.17,0.83,0.84,0.01,0.01,78104.26,1777180968000
1777180969.811,169.811,0.14,0.15,0.85,0.86,0.01,0.01,78104.26,1777180968000
1777180970.24,170.24,0.14,0.15,0.85,0.86,0.01,0.01,78104.26,1777180968000
1777180970.585,170.585,0.14,0.15,0.85,0.86,0.01,0.01,78104.26,1777180968000
1777180970.919,170.919,0.14,0.15,0.85,0.86,0.01,0.01,78101.37,1777180969000
1777180971.291,171.291,0.14,0.15,0.85,0.86,0.01,0.01,78101.37,1777180969000
1777180972.026,172.026,0.13,0.14,0.85,0.86,0.01,0.01,78100.04,1777180970000
1777180972.534,172.534,0.13,0.14,0.85,0.87,0.01,0.02,78098.35,1777180971000
1777180973.027,173.027,0.13,0.14,0.86,0.87,0.01,0.01,78098.35,1777180971000
1777180973.649,173.649,0.13,0.14,0.86,0.87,0.01,0.01,78097.81,1777180972000
1777180974.03,174.03,0.13,0.14,0.86,0.87,0.01,0.01,78097.81,1777180972000
1777180974.401,174.401,0.13,0.14,0.86,0.87,0.01,0.01,78097.81,1777180973000
1777180974.758,174.758,0.13,0.14,0.86,0.87,0.01,0.01,78097.81,1777180973000
1777180975.109,175.109,0.13,0.14,0.86,0.87,0.01,0.01,78096.54,1777180974000
1777180975.451,175.451,0.13,0.14,0.86,0.87,0.01,0.01,78096.54,1777180974000
1777180976.069,176.069,0.13,0.14,0.86,0.87,0.01,0.01,78096.54,1777180974000
1777180976.463,176.463,0.13,0.14,0.86,0.87,0.01,0.01,78096.54,1777180974000
1777180977.213,177.213,0.13,0.14,0.86,0.87,0.01,0.01,78098.11,1777180975000
1777180977.556,177.556,0.13,0.14,0.86,0.87,0.01,0.01,78097.06,1777180976000
1777180977.979,177.979,0.13,0.14,0.86,0.87,0.01,0.01,78097.06,1777180976000
1777180978.368,178.368,0.13,0.14,0.86,0.87,0.01,0.01,78097.06,1777180977000
1777180978.747,178.747,0.13,0.14,0.86,0.87,0.01,0.01,78097.06,1777180977000
1777180979.238,179.238,0.14,0.15,0.85,0.87,0.01,0.02,78097.06,1777180977000
1777180979.674,179.674,0.13,0.14,0.86,0.87,0.01,0.01,78095.38,1777180978000
1777180980.012,180.012,0.13,0.14,0.86,0.87,0.01,0.01,78095.38,1777180978000
1777180980.444,180.444,0.13,0.14,0.86,0.87,0.01,0.01,78094.89,1777180979000
1777180980.927,180.927,0.12,0.13,0.86,0.87,0.01,0.01,78094.89,1777180979000
1777180981.277,181.277,0.12,0.13,0.87,0.88,0.01,0.01,78094.89,1777180979000
1777180981.634,181.634,0.11,0.12,0.88,0.89,0.01,0.01,78094.89,1777180979000
1777180981.98,181.98,0.11,0.12,0.88,0.89,0.01,0.01,78094.71,1777180980000
1777180982.368,182.368,0.11,0.12,0.88,0.89,0.01,0.01,78094.71,1777180981000
1777180982.761,182.761,0.11,0.12,0.88,0.89,0.01,0.01,78094.71,1777180981000
1777180983.214,183.214,0.12,0.13,0.87,0.88,0.01,0.01,78094.71,1777180981000
1777180983.569,183.569,0.11,0.12,0.87,0.89,0.01,0.02,78095.45,1777180982000
1777180983.992,183.992,0.11,0.12,0.88,0.89,0.01,0.01,78095.45,1777180982000
1777180984.492,184.492,0.1,0.11,0.88,0.89,0.01,0.01,78095.45,1777180983000
1777180984.855,184.855,0.1,0.11,0.89,0.9,0.01,0.01,78095.45,1777180983000
1777180985.231,185.231,0.09,0.1,0.89,0.91,0.01,0.02,78095.45,1777180983000
1777180985.577,185.577,0.09,0.1,0.9,0.91,0.01,0.01,78095.45,1777180983000
1777180985.978,185.978,0.09,0.1,0.9,0.91,0.01,0.01,78095.64,1777180984000
1777180986.318,186.318,0.09,0.1,0.9,0.91,0.01,0.01,78095.64,1777180984000
1777180986.681,186.681,0.09,0.1,0.9,0.91,0.01,0.01,78093.98,1777180985000
1777180987.019,187.019,0.09,0.1,0.9,0.91,0.01,0.01,78093.98,1777180985000
1777180987.574,187.574,0.09,0.1,0.9,0.91,0.01,0.01,78093.95,1777180986000
1777180987.929,187.929,0.09,0.1,0.9,0.91,0.01,0.01,78093.95,1777180986000
1777180988.485,188.485,0.09,0.1,0.9,0.91,0.01,0.01,78093.95,1777180986000
1777180988.826,188.826,0.09,0.1,0.9,0.91,0.01,0.01,78092.6,1777180987000
1777180989.161,189.161,0.07,0.08,0.92,0.93,0.01,0.01,78092.6,1777180987000
1777180989.785,189.785,0.07,0.08,0.92,0.93,0.01,0.01,78090.07,1777180988000
1777180990.195,190.195,0.07,0.08,0.92,0.93,0.01,0.01,78090.07,1777180988000
1777180990.592,190.592,0.07,0.08,0.92,0.93,0.01,0.01,78089.22,1777180989000
1777180991.351,191.351,0.07,0.08,0.92,0.93,0.01,0.01,78089.22,1777180989000
1777180991.707,191.707,0.07,0.08,0.92,0.93,0.01,0.01,78089.08,1777180990000
1777180992.363,192.363,0.07,0.08,0.92,0.93,0.01,0.01,78089.08,1777180990000
1777180992.768,192.768,0.07,0.08,0.92,0.93,0.01,0.01,78089.41,1777180991000
1777180993.197,193.197,0.07,0.08,0.92,0.93,0.01,0.01,78089.41,1777180991000
1777180993.565,193.565,0.07,0.08,0.92,0.93,0.01,0.01,78089.38,1777180992000
1777180994.108,194.108,0.07,0.08,0.92,0.93,0.01,0.01,78091.02,1777180993000
1777180994.466,194.466,0.07,0.08,0.92,0.93,0.01,0.01,78091.02,1777180993000
1777180994.96,194.96,0.07,0.08,0.92,0.93,0.01,0.01,78091.02,1777180993000
1777180995.42,195.42,0.06,0.08,0.92,0.93,0.02,0.01,78091.02,1777180993000
1777180995.818,195.818,0.05,0.06,0.94,0.95,0.01,0.01,78089.2,1777180994000
1777180996.267,196.267,0.05,0.06,0.94,0.95,0.01,0.01,78089.2,1777180994000
1777180996.627,196.627,0.05,0.06,0.94,0.95,0.01,0.01,78089.2,1777180995000
1777180997.098,197.098,0.05,0.06,0.94,0.95,0.01,0.01,78088.78,1777180996000
1777180997.602,197.602,0.05,0.06,0.94,0.95,0.01,0.01,78088.78,1777180996000
1777180998.375,198.375,0.05,0.06,0.94,0.95,0.01,0.01,78088.78,1777180996000
1777180999.391,199.391,0.05,0.06,0.94,0.95,0.01,0.01,78084.51,1777180998000
1777180999.742,199.742,0.05,0.06,0.94,0.95,0.01,0.01,78084.51,1777180998000
1777181000.09,200.09,0.05,0.06,0.94,0.95,0.01,0.01,78084.51,1777180999000
1777181000.483,200.483,0.05,0.06,0.94,0.95,0.01,0.01,78084.51,1777180999000
1777181000.974,200.974,0.05,0.06,0.94,0.95,0.01,0.01,78084.51,1777180999000
1777181001.385,201.385,0.05,0.06,0.94,0.95,0.01,0.01,78084.51,1777180999000
1777181001.783,201.783,0.05,0.06,0.94,0.95,0.01,0.01,78082.16,1777181000000
1777181002.187,202.187,0.05,0.06,0.94,0.95,0.01,0.01,78082.16,1777181000000
1777181002.858,202.858,0.05,0.06,0.94,0.95,0.01,0.01,78082.14,1777181001000
1777181003.394,203.394,0.05,0.06,0.94,0.95,0.01,0.01,78082.11,1777181002000
1777181003.823,203.823,0.05,0.06,0.94,0.95,0.01,0.01,78082.11,1777181002000
1777181004.204,204.204,0.05,0.06,0.94,0.95,0.01,0.01,78082.11,1777181002000
1777181004.599,204.599,0.05,0.06,0.94,0.95,0.01,0.01,78083.09,1777181003000
1777181004.975,204.975,0.04,0.05,0.95,0.96,0.01,0.01,78083.09,1777181003000
1777181005.315,205.315,0.04,0.05,0.95,0.96,0.01,0.01,78083.09,1777181004000
1777181005.825,205.825,0.04,0.05,0.95,0.96,0.01,0.01,78083.09,1777181004000
1777181006.371,206.371,0.04,0.05,0.95,0.96,0.01,0.01,78079.61,1777181005000
1777181006.705,206.705,0.04,0.05,0.95,0.96,0.01,0.01,78079.61,1777181005000
1777181007.113,207.113,0.04,0.05,0.95,0.96,0.01,0.01,78079.61,1777181005000
1777181007.653,207.653,0.04,0.05,0.95,0.96,0.01,0.01,78076.03,1777181006000
1777181007.987,207.987,0.04,0.05,0.95,0.96,0.01,0.01,78075.34,1777181007000
1777181008.327,208.327,0.04,0.05,0.95,0.96,0.01,0.01,78075.34,1777181007000
1777181008.744,208.744,0.04,0.05,0.95,0.96,0.01,0.01,78075.34,1777181007000
1777181009.097,209.097,0.04,0.05,0.95,0.96,0.01,0.01,78075.3,1777181008000
1777181009.431,209.431,0.03,0.04,0.96,0.97,0.01,0.01,78075.3,1777181008000
1777181009.768,209.768,0.03,0.04,0.96,0.97,0.01,0.01,78075.3,1777181008000
1777181010.237,210.237,0.03,0.04,0.96,0.97,0.01,0.01,78070.53,1777181009000
1777181010.642,210.642,0.03,0.04,0.96,0.97,0.01,0.01,78070.53,1777181009000
1777181011.014,211.014,0.03,0.04,0.96,0.97,0.01,0.01,78069.12,1777181010000
1777181011.478,211.478,0.03,0.04,0.96,0.97,0.01,0.01,78069.12,1777181010000
1777181011.851,211.851,0.03,0.04,0.96,0.97,0.01,0.01,78069.12,1777181010000
1777181012.23,212.23,0.03,0.04,0.96,0.97,0.01,0.01,78068.6,1777181011000
1777181012.576,212.576,0.03,0.04,0.96,0.97,0.01,0.01,78068.6,1777181011000
1777181012.995,212.995,0.03,0.04,0.96,0.97,0.01,0.01,78068.6,1777181011000
1777181013.465,213.465,0.02,0.03,0.97,0.98,0.01,0.01,78068.6,1777181012000
1777181013.8,213.8,0.02,0.03,0.97,0.98,0.01,0.01,78068.6,1777181012000
1777181014.183,214.183,0.02,0.03,0.97,0.98,0.01,0.01,78068.6,1777181012000
1777181014.632,214.632,0.02,0.03,0.97,0.98,0.01,0.01,78069.76,1777181013000
1777181014.993,214.993,0.02,0.03,0.97,0.98,0.01,0.01,78069.76,1777181013000
1777181015.97,215.97,0.02,0.03,0.97,0.98,0.01,0.01,78069.76,1777181014000
1777181016.516,216.516,0.02,0.03,0.97,0.98,0.01,0.01,78070.5,1777181015000
1777181017.219,217.219,0.02,0.03,0.97,0.98,0.01,0.01,78070.45,1777181016000
1777181018.217,218.217,0.02,0.03,0.97,0.98,0.01,0.01,78070.45,1777181016000
1777181018.767,218.767,0.03,0.04,0.96,0.97,0.01,0.01,78070.1,1777181017000
1777181019.145,219.145,0.03,0.04,0.96,0.97,0.01,0.01,78070.1,1777181017000
1777181019.498,219.498,0.03,0.04,0.96,0.97,0.01,0.01,78070.1,1777181017000
1777181019.861,219.861,0.03,0.04,0.96,0.97,0.01,0.01,78070.1,1777181018000
1777181020.31,220.31,0.03,0.04,0.96,0.97,0.01,0.01,78069.98,1777181019000
1777181020.733,220.733,0.02,0.03,0.97,0.98,0.01,0.01,78069.98,1777181019000
1777181021.067,221.067,0.02,0.03,0.97,0.98,0.01,0.01,78070.28,1777181020000
1777181021.76,221.76,0.03,0.04,0.96,0.97,0.01,0.01,78070.28,1777181020000
1777181022.356,222.356,0.03,0.04,0.96,0.97,0.01,0.01,78070.28,1777181020000
1777181022.74,222.74,0.04,0.05,0.95,0.96,0.01,0.01,78069.57,1777181021000
1777181023.092,223.092,0.04,0.05,0.95,0.96,0.01,0.01,78069.57,1777181021000
1777181023.443,223.443,0.05,0.06,0.94,0.95,0.01,0.01,78069.52,1777181022000
1777181023.811,223.811,0.05,0.06,0.94,0.95,0.01,0.01,78069.52,1777181022000
1777181024.157,224.157,0.05,0.06,0.94,0.95,0.01,0.01,78069.52,1777181022000
1777181024.529,224.529,0.05,0.06,0.94,0.95,0.01,0.01,78069.52,1777181022000
1777181024.963,224.963,0.05,0.06,0.94,0.95,0.01,0.01,78083.73,1777181023000
1777181025.422,225.422,0.05,0.06,0.94,0.95,0.01,0.01,78084.66,1777181024000
1777181025.899,225.899,0.04,0.05,0.95,0.96,0.01,0.01,78084.66,1777181024000
1777181026.285,226.285,0.04,0.05,0.95,0.96,0.01,0.01,78084.13,1777181025000
1777181026.828,226.828,0.04,0.05,0.95,0.96,0.01,0.01,78084.13,1777181025000
1777181027.373,227.373,0.04,0.05,0.95,0.96,0.01,0.01,78084.13,1777181025000
1777181027.777,227.777,0.04,0.05,0.95,0.96,0.01,0.01,78083.57,1777181026000
1777181028.155,228.155,0.04,0.05,0.95,0.96,0.01,0.01,78083.57,1777181026000
1777181028.984,228.984,0.04,0.05,0.95,0.96,0.01,0.01,78084.12,1777181028000
1777181029.455,229.455,0.04,0.05,0.95,0.96,0.01,0.01,78084.12,1777181028000
1777181029.844,229.844,0.04,0.05,0.95,0.96,0.01,0.01,78084.12,1777181028000
1777181030.519,230.519,0.04,0.05,0.95,0.96,0.01,0.01,78085.12,1777181029000
1777181030.867,230.867,0.04,0.05,0.95,0.96,0.01,0.01,78085.12,1777181029000
1777181031.315,231.315,0.04,0.05,0.95,0.96,0.01,0.01,78085.13,1777181030000
1777181032.094,232.094,0.04,0.05,0.95,0.96,0.01,0.01,78085.13,1777181030000
1777181032.43,232.43,0.04,0.05,0.95,0.96,0.01,0.01,78085.55,1777181031000
1777181032.95,232.95,0.06,0.07,0.95,0.96,0.01,0.01,78085.55,1777181031000
1777181033.546,233.546,0.06,0.07,0.93,0.94,0.01,0.01,78085.55,1777181032000
1777181033.887,233.887,0.06,0.07,0.93,0.94,0.01,0.01,78085.55,1777181032000
1777181034.379,234.379,0.06,0.07,0.93,0.94,0.01,0.01,78085.55,1777181032000
1777181034.867,234.867,0.06,0.08,0.93,0.94,0.02,0.01,78085.55,1777181032000
1777181035.26,235.26,0.07,0.08,0.92,0.93,0.01,0.01,78088.32,1777181033000
1777181035.77,235.77,0.07,0.08,0.92,0.93,0.01,0.01,78091.48,1777181034000
1777181036.112,236.112,0.07,0.08,0.92,0.93,0.01,0.01,78092.35,1777181035000
1777181036.636,236.636,0.07,0.08,0.92,0.93,0.01,0.01,78092.35,1777181035000
1777181036.992,236.992,0.07,0.08,0.92,0.93,0.01,0.01,78092.35,1777181035000
1777181037.446,237.446,0.06,0.07,0.92,0.94,0.01,0.02,78094.62,1777181036000
1777181037.781,237.781,0.06,0.07,0.93,0.94,0.01,0.01,78094.62,1777181036000
1777181038.266,238.266,0.06,0.07,0.93,0.94,0.01,0.01,78095.11,1777181037000
1777181038.857,238.857,0.06,0.07,0.93,0.94,0.01,0.01,78095.11,1777181037000
1777181039.391,239.391,0.06,0.07,0.91,0.95,0.01,0.04,78094.93,1777181038000
1777181039.922,239.922,0.07,0.08,0.92,0.93,0.01,0.01,78094.93,1777181038000
1777181040.357,240.357,0.07,0.08,0.92,0.93,0.01,0.01,78094.95,1777181039000
1777181040.803,240.803,0.07,0.08,0.92,0.93,0.01,0.01,78094.95,1777181039000
1777181041.175,241.175,0.07,0.08,0.92,0.93,0.01,0.01,78095.08,1777181040000
1777181041.557,241.557,0.07,0.08,0.92,0.93,0.01,0.01,78095.08,1777181040000
1777181042.022,242.022,0.07,0.08,0.92,0.93,0.01,0.01,78095.08,1777181040000
1777181042.395,242.395,0.07,0.08,0.92,0.94,0.01,0.02,78095.22,1777181041000
1777181043.119,243.119,0.06,0.07,0.92,0.94,0.01,0.02,78095.22,1777181041000
1777181043.763,243.763,0.06,0.07,0.93,0.94,0.01,0.01,78094.86,1777181042000
1777181044.29,244.29,0.06,0.07,0.93,0.94,0.01,0.01,78094.77,1777181043000
1777181045.077,245.077,0.06,0.07,0.93,0.94,0.01,0.01,78095.49,1777181044000
1777181045.499,245.499,0.06,0.07,0.93,0.94,0.01,0.01,78095.49,1777181044000
1777181046.027,246.027,0.06,0.07,0.93,0.94,0.01,0.01,78095.49,1777181044000
1777181046.445,246.445,0.04,0.05,0.95,0.96,0.01,0.01,78095.49,1777181045000
1777181046.844,246.844,0.03,0.04,0.96,0.97,0.01,0.01,78095.49,1777181045000
1777181047.234,247.234,0.03,0.04,0.96,0.97,0.01,0.01,78095.49,1777181045000
1777181047.582,247.582,0.02,0.03,0.97,0.98,0.01,0.01,78095.69,1777181046000
1777181047.974,247.974,0.02,0.03,0.97,0.98,0.01,0.01,78091.2,1777181047000
1777181048.524,248.524,0.02,0.03,0.97,0.98,0.01,0.01,78091.2,1777181047000
1777181049.157,249.157,0.02,0.03,0.97,0.98,0.01,0.01,78091.2,1777181047000
1777181050.039,250.039,0.02,0.03,0.97,0.98,0.01,0.01,78078.48,1777181048000
1777181050.444,250.444,0.02,0.03,0.97,0.98,0.01,0.01,78078.48,1777181049000
1777181051.053,251.053,0.02,0.03,0.97,0.98,0.01,0.01,78078.48,1777181049000
1777181051.442,251.442,0.02,0.03,0.97,0.98,0.01,0.01,78078.48,1777181049000
1777181051.926,251.926,0.02,0.03,0.97,0.98,0.01,0.01,78075.2,1777181050000
1777181052.347,252.347,0.02,0.03,0.97,0.98,0.01,0.01,78075.2,1777181051000
1777181053.102,253.102,0.02,0.03,0.97,0.98,0.01,0.01,78075.2,1777181051000
1777181053.447,253.447,0.02,0.03,0.97,0.98,0.01,0.01,78074.21,1777181052000
1777181053.906,253.906,0.02,0.03,0.97,0.98,0.01,0.01,78074.21,1777181053000
1777181054.245,254.245,0.02,0.03,0.97,0.98,0.01,0.01,78074.21,1777181053000
1777181054.638,254.638,0.02,0.03,0.97,0.98,0.01,0.01,78074.21,1777181053000
1777181055.024,255.024,0.02,0.03,0.97,0.98,0.01,0.01,78074.21,1777181053000
1777181055.54,255.54,0.02,0.03,0.97,0.98,0.01,0.01,78072.39,1777181054000
1777181055.92,255.92,0.02,0.03,0.97,0.98,0.01,0.01,78072.39,1777181054000
1777181056.282,256.282,0.02,0.03,0.97,0.98,0.01,0.01,78073.07,1777181055000
1777181056.668,256.668,0.02,0.03,0.97,0.98,0.01,0.01,78073.07,1777181055000
1777181057.295,257.295,0.02,0.03,0.97,0.98,0.01,0.01,78073.07,1777181055000
1777181057.98,257.98,0.02,0.03,0.97,0.98,0.01,0.01,78073.05,1777181057000
1777181058.322,258.322,0.02,0.03,0.97,0.98,0.01,0.01,78073.05,1777181057000
1777181058.825,258.825,0.02,0.03,0.97,0.98,0.01,0.01,78073.05,1777181057000
1777181059.397,259.397,0.02,0.03,0.97,0.98,0.01,0.01,78072.81,1777181058000
1777181059.732,259.732,0.02,0.03,0.97,0.98,0.01,0.01,78072.81,1777181058000
1777181060.223,260.223,0.02,0.03,0.97,0.98,0.01,0.01,78070.98,1777181059000
1777181060.62,260.62,0.02,0.03,0.97,0.98,0.01,0.01,78070.98,1777181059000
1777181061.16,261.16,0.02,0.03,0.97,0.98,0.01,0.01,78070.98,1777181059000
1777181061.635,261.635,0.02,0.03,0.97,0.98,0.01,0.01,78069.83,1777181060000
1777181062.032,262.032,0.02,0.03,0.97,0.98,0.01,0.01,78069.53,1777181061000
1777181062.411,262.411,0.01,0.03,0.97,0.98,0.02,0.01,78069.53,1777181061000
1777181062.804,262.804,0.01,0.02,0.98,0.99,0.01,0.01,78069.53,1777181061000
1777181063.224,263.224,0.01,0.02,0.98,0.99,0.01,0.01,78068.72,1777181062000
1777181063.705,263.705,0.01,0.02,0.98,0.99,0.01,0.01,78068.72,1777181062000
1777181064.078,264.078,0.01,0.02,0.98,0.99,0.01,0.01,78068.72,1777181062000
1777181064.436,264.436,0.01,0.02,0.98,0.99,0.01,0.01,78068.72,1777181062000
1777181064.806,264.806,0.01,0.02,0.98,0.99,0.01,0.01,78068.72,1777181062000
1777181065.207,265.207,0.01,0.02,0.98,0.99,0.01,0.01,78068.72,1777181062000
1777181065.565,265.565,0.01,0.02,0.98,0.99,0.01,0.01,78067.32,1777181063000
1777181065.963,265.963,0.01,0.02,0.98,0.99,0.01,0.01,78067.32,1777181063000
1777181066.457,266.457,0.01,0.02,0.98,0.99,0.01,0.01,78066.77,1777181065000
1777181066.932,266.932,0.01,0.02,0.98,0.99,0.01,0.01,78066.77,1777181065000
1777181067.336,267.336,0.01,0.02,0.98,0.99,0.01,0.01,78066.17,1777181066000
1777181068.145,268.145,0.01,0.02,0.98,0.99,0.01,0.01,78065.75,1777181067000
1777181068.533,268.533,0.01,0.02,0.98,0.99,0.01,0.01,78065.75,1777181067000
1777181068.922,268.922,0.01,0.02,0.98,0.99,0.01,0.01,78065.75,1777181067000
1777181069.347,269.347,0.01,0.02,0.98,0.99,0.01,0.01,78065.75,1777181067000
1777181069.787,269.787,0.01,0.02,0.98,0.99,0.01,0.01,78065.75,1777181068000
1777181070.131,270.131,0.01,0.02,0.98,0.99,0.01,0.01,78065.75,1777181068000
1777181070.495,270.495,0.01,0.02,0.98,0.99,0.01,0.01,78065.39,1777181069000
1777181070.88,270.88,0.01,0.02,0.98,0.99,0.01,0.01,78065.39,1777181069000
1777181071.239,271.239,0.01,0.02,0.98,0.99,0.01,0.01,78065.39,1777181069000
1777181071.581,271.581,0.01,0.02,0.98,0.99,0.01,0.01,78065.39,1777181069000
1777181072.094,272.094,0.01,0.02,0.98,0.99,0.01,0.01,78061.96,1777181070000
1777181072.468,272.468,0.01,0.02,0.98,0.99,0.01,0.01,78058.91,1777181071000
1777181072.94,272.94,0.01,0.01,0.99,0.99,0.0,0.0,78058.91,1777181071000
1777181073.276,273.276,0.01,0.01,0.99,0.99,0.0,0.0,78057.19,1777181072000
1777181073.803,273.803,0.01,0.01,0.99,0.99,0.0,0.0,78057.19,1777181072000
1777181074.202,274.202,0.01,0.01,0.99,0.99,0.0,0.0,78062.81,1777181073000
1777181074.887,274.887,0.01,0.01,0.99,0.99,0.0,0.0,78062.81,1777181073000
1777181075.395,275.395,0.01,0.01,0.99,0.99,0.0,0.0,78065.51,1777181074000
1777181075.775,275.775,0.01,0.01,0.99,0.99,0.0,0.0,78065.51,1777181074000
1777181076.922,276.922,0.01,0.01,0.99,0.99,0.0,0.0,78068.9,1777181075000
1777181077.754,277.754,0.01,0.01,0.99,0.99,0.0,0.0,78070.47,1777181076000
1777181078.543,278.543,0.01,0.01,0.99,0.99,0.0,0.0,78069.89,1777181077000
1777181079.199,279.199,0.01,0.01,0.99,0.99,0.0,0.0,78069.89,1777181077000
1777181080.644,280.644,0.01,0.01,0.99,0.99,0.0,0.0,78067.62,1777181079000
1777181081.165,281.165,0.01,0.01,0.99,0.99,0.0,0.0,78067.62,1777181079000
1777181081.583,281.583,0.01,0.01,0.99,0.99,0.0,0.0,78067.41,1777181080000
1777181083.059,283.059,0.01,0.01,0.99,0.99,0.0,0.0,78067.13,1777181082000
1777181083.442,283.442,0.01,0.01,0.99,0.99,0.0,0.0,78067.13,1777181082000
1777181084.035,284.035,0.01,0.01,0.99,0.99,0.0,0.0,78067.23,1777181083000
1777181085.042,285.042,0.01,0.01,0.99,0.99,0.0,0.0,78068.09,1777181084000
1777181086.074,286.074,0.01,0.01,0.99,0.99,0.0,0.0,78068.29,1777181085000
1777181087.158,287.158,0.01,0.01,0.99,0.99,0.0,0.0,78068.11,1777181086000
1777181088.172,288.172,0.01,0.01,0.99,0.99,0.0,0.0,78067.84,1777181087000
1777181089.142,289.142,0.01,0.01,0.99,0.99,0.0,0.0,78067.84,1777181088000
1777181089.801,289.801,0.01,0.01,0.99,0.99,0.0,0.0,78067.84,1777181088000
1777181090.267,290.267,0.01,0.01,0.99,0.99,0.0,0.0,78067.85,1777181089000
1777181090.963,290.963,0.01,0.01,0.99,0.99,0.0,0.0,78067.85,1777181089000
1777181091.337,291.337,0.01,0.01,0.99,0.99,0.0,0.0,78067.85,1777181090000
1777181091.712,291.712,0.01,0.01,0.99,0.99,0.0,0.0,78067.85,1777181090000
1777181092.138,292.138,0.01,0.01,0.99,0.99,0.0,0.0,78067.85,1777181090000
1777181093.269,293.269,0.01,0.01,0.99,0.99,0.0,0.0,78067.61,1777181092000
1777181093.864,293.864,0.01,0.01,0.99,0.99,0.0,0.0,78068.03,1777181093000
1777181094.998,294.998,0.01,0.01,0.99,0.99,0.0,0.0,78068.03,1777181094000
1777181096.827,296.827,0.01,0.01,0.99,0.99,0.0,0.0,78068.29,1777181095000
1777181097.298,297.298,0.01,0.01,0.99,0.99,0.0,0.0,78067.98,1777181096000
1777181097.9,297.9,0.01,0.01,0.99,0.99,0.0,0.0,78067.98,1777181096000
1777181099.271,299.271,0.01,0.01,0.99,0.99,0.0,0.0,78067.66,1777181098000
1777181100.443,300.443,0.01,0.01,0.99,0.99,0.0,0.0,78067.66,1777181099000
1777181100.865,300.865,0.01,0.01,0.99,0.99,0.0,0.0,78067.66,1777181099000
1777181102.499,302.499,0.01,0.01,0.99,0.99,0.0,0.0,78067.3,1777181101000

# RESULT,winner=Down,slug=btc-updown-5m-1777180800,ticks=631
