timestamp,elapsed_sec,up_bid,up_ask,down_bid,down_ask,up_spread,down_spread,btc_price,btc_oracle_ts
1776842700.538,0.538,0.6,0.64,0.49,0.5,0.04,0.01,77888.17,1776842699000
1776842700.875,0.875,0.62,0.63,0.37,0.38,0.01,0.01,77888.17,1776842699000
1776842701.217,1.217,0.64,0.65,0.35,0.36,0.01,0.01,77888.17,1776842699000
1776842701.551,1.551,0.64,0.65,0.35,0.36,0.01,0.01,77888.17,1776842700000
1776842701.9,1.9,0.53,0.54,0.45,0.46,0.01,0.01,77888.17,1776842700000
1776842702.283,2.283,0.53,0.54,0.46,0.47,0.01,0.01,77888.17,1776842700000
1776842702.782,2.782,0.53,0.54,0.46,0.47,0.01,0.01,77889.12,1776842701000
1776842703.133,3.133,0.53,0.54,0.46,0.47,0.01,0.01,77889.12,1776842701000
1776842703.544,3.544,0.53,0.54,0.46,0.47,0.01,0.01,77889.88,1776842702000
1776842703.943,3.943,0.54,0.55,0.45,0.46,0.01,0.01,77889.88,1776842702000
1776842704.303,4.303,0.54,0.55,0.45,0.46,0.01,0.01,77890.56,1776842703000
1776842704.692,4.692,0.56,0.57,0.43,0.44,0.01,0.01,77890.56,1776842703000
1776842705.055,5.055,0.56,0.57,0.43,0.44,0.01,0.01,77890.82,1776842704000
1776842705.431,5.431,0.57,0.58,0.42,0.43,0.01,0.01,77890.82,1776842704000
1776842705.881,5.881,0.57,0.58,0.42,0.43,0.01,0.01,77890.82,1776842704000
1776842706.334,6.334,0.57,0.58,0.42,0.43,0.01,0.01,77894.37,1776842705000
1776842706.718,6.718,0.57,0.58,0.42,0.43,0.01,0.01,77894.37,1776842705000
1776842707.133,7.133,0.58,0.59,0.41,0.42,0.01,0.01,77894.37,1776842705000
1776842707.504,7.504,0.59,0.6,0.41,0.42,0.01,0.01,77898.13,1776842706000
1776842707.923,7.923,0.59,0.6,0.4,0.41,0.01,0.01,77898.13,1776842706000
1776842708.29,8.29,0.59,0.6,0.4,0.41,0.01,0.01,77898.14,1776842707000
1776842708.666,8.666,0.58,0.6,0.4,0.41,0.02,0.01,77898.14,1776842707000
1776842709.134,9.134,0.58,0.59,0.41,0.42,0.01,0.01,77898.14,1776842707000
1776842709.566,9.566,0.58,0.59,0.41,0.42,0.01,0.01,77901.08,1776842708000
1776842709.936,9.936,0.58,0.59,0.41,0.42,0.01,0.01,77898.81,1776842709000
1776842710.388,10.388,0.59,0.6,0.4,0.42,0.01,0.02,77898.81,1776842709000
1776842711.033,11.033,0.58,0.59,0.41,0.42,0.01,0.01,77898.99,1776842710000
1776842711.394,11.394,0.58,0.59,0.41,0.42,0.01,0.01,77898.99,1776842710000
1776842711.831,11.831,0.58,0.59,0.41,0.42,0.01,0.01,77898.99,1776842710000
1776842712.185,12.185,0.58,0.59,0.41,0.42,0.01,0.01,77896.76,1776842711000
1776842712.595,12.595,0.58,0.59,0.41,0.42,0.01,0.01,77896.76,1776842711000
1776842713.006,13.006,0.58,0.59,0.41,0.42,0.01,0.01,77896.76,1776842711000
1776842713.491,13.491,0.58,0.59,0.41,0.42,0.01,0.01,77896.76,1776842711000
1776842714.278,14.278,0.57,0.58,0.42,0.43,0.01,0.01,77898.76,1776842713000
1776842715.258,15.258,0.57,0.58,0.42,0.43,0.01,0.01,77898.76,1776842713000
1776842715.648,15.648,0.57,0.58,0.42,0.43,0.01,0.01,77898.95,1776842714000
1776842716.281,16.281,0.57,0.58,0.42,0.43,0.01,0.01,77898.95,1776842714000
1776842716.737,16.737,0.57,0.58,0.42,0.43,0.01,0.01,77899.04,1776842715000
1776842717.231,17.231,0.57,0.58,0.42,0.43,0.01,0.01,77899.04,1776842715000
1776842717.803,17.803,0.58,0.59,0.41,0.43,0.01,0.02,77898.98,1776842716000
1776842718.414,18.414,0.57,0.58,0.42,0.43,0.01,0.01,77899.99,1776842717000
1776842718.877,18.877,0.57,0.58,0.42,0.43,0.01,0.01,77899.99,1776842717000
1776842719.607,19.607,0.57,0.58,0.42,0.43,0.01,0.01,77899.09,1776842718000
1776842719.988,19.988,0.57,0.58,0.42,0.43,0.01,0.01,77899.09,1776842718000
1776842720.38,20.38,0.57,0.58,0.42,0.43,0.01,0.01,77901.36,1776842719000
1776842720.855,20.855,0.57,0.58,0.42,0.43,0.01,0.01,77901.36,1776842719000
1776842721.23,21.23,0.57,0.58,0.42,0.43,0.01,0.01,77900.65,1776842720000
1776842721.624,21.624,0.57,0.58,0.42,0.43,0.01,0.01,77900.65,1776842720000
1776842722.05,22.05,0.57,0.58,0.42,0.43,0.01,0.01,77900.65,1776842720000
1776842722.385,22.385,0.57,0.58,0.42,0.43,0.01,0.01,77900.65,1776842720000
1776842723.419,23.419,0.56,0.57,0.43,0.44,0.01,0.01,77901.34,1776842722000
1776842723.981,23.981,0.56,0.57,0.43,0.44,0.01,0.01,77901.34,1776842723000
1776842724.664,24.664,0.56,0.57,0.43,0.44,0.01,0.01,77901.34,1776842723000
1776842725.13,25.13,0.56,0.57,0.43,0.44,0.01,0.01,77900.06,1776842724000
1776842725.729,25.729,0.56,0.57,0.43,0.44,0.01,0.01,77900.06,1776842724000
1776842726.113,26.113,0.56,0.57,0.43,0.44,0.01,0.01,77899.95,1776842725000
1776842726.55,26.55,0.56,0.57,0.43,0.44,0.01,0.01,77899.95,1776842725000
1776842727.026,27.026,0.56,0.58,0.43,0.44,0.02,0.01,77899.95,1776842725000
1776842727.551,27.551,0.57,0.58,0.42,0.43,0.01,0.01,77899.95,1776842725000
1776842727.972,27.972,0.57,0.58,0.42,0.43,0.01,0.01,77900.53,1776842726000
1776842728.401,28.401,0.57,0.58,0.42,0.43,0.01,0.01,77900.53,1776842726000
1776842728.855,28.855,0.57,0.58,0.42,0.43,0.01,0.01,77900.46,1776842727000
1776842729.538,29.538,0.57,0.58,0.42,0.43,0.01,0.01,77900.35,1776842728000
1776842730.072,30.072,0.57,0.58,0.42,0.43,0.01,0.01,77900.44,1776842729000
1776842730.436,30.436,0.57,0.58,0.42,0.43,0.01,0.01,77900.44,1776842729000
1776842730.772,30.772,0.57,0.58,0.42,0.43,0.01,0.01,77900.44,1776842729000
1776842731.314,31.314,0.57,0.58,0.42,0.43,0.01,0.01,77900.25,1776842730000
1776842731.829,31.829,0.57,0.58,0.42,0.43,0.01,0.01,77900.25,1776842730000
1776842732.354,32.354,0.57,0.58,0.42,0.43,0.01,0.01,77900.21,1776842731000
1776842732.771,32.771,0.57,0.58,0.42,0.43,0.01,0.01,77900.21,1776842731000
1776842733.188,33.188,0.57,0.58,0.42,0.43,0.01,0.01,77900.16,1776842732000
1776842733.63,33.63,0.57,0.58,0.42,0.43,0.01,0.01,77900.16,1776842732000
1776842734.012,34.012,0.57,0.58,0.42,0.43,0.01,0.01,77900.16,1776842732000
1776842734.408,34.408,0.57,0.58,0.42,0.43,0.01,0.01,77900.16,1776842733000
1776842734.756,34.756,0.55,0.56,0.44,0.45,0.01,0.01,77900.16,1776842733000
1776842735.116,35.116,0.55,0.56,0.44,0.45,0.01,0.01,77900.16,1776842733000
1776842735.529,35.529,0.55,0.56,0.44,0.45,0.01,0.01,77900.03,1776842734000
1776842735.904,35.904,0.55,0.56,0.44,0.45,0.01,0.01,77900.03,1776842734000
1776842736.428,36.428,0.55,0.56,0.44,0.45,0.01,0.01,77899.91,1776842735000
1776842736.765,36.765,0.55,0.56,0.44,0.45,0.01,0.01,77899.91,1776842735000
1776842737.198,37.198,0.55,0.56,0.44,0.45,0.01,0.01,77899.05,1776842736000
1776842737.68,37.68,0.55,0.56,0.44,0.45,0.01,0.01,77899.05,1776842736000
1776842738.069,38.069,0.54,0.55,0.45,0.46,0.01,0.01,77899.05,1776842736000
1776842738.761,38.761,0.54,0.55,0.45,0.46,0.01,0.01,77899.05,1776842737000
1776842739.314,39.314,0.57,0.58,0.42,0.43,0.01,0.01,77899.05,1776842737000
1776842739.868,39.868,0.57,0.58,0.42,0.43,0.01,0.01,77896.1,1776842738000
1776842740.505,40.505,0.57,0.58,0.42,0.43,0.01,0.01,77895.11,1776842739000
1776842740.862,40.862,0.57,0.58,0.42,0.43,0.01,0.01,77895.11,1776842739000
1776842741.199,41.199,0.57,0.58,0.42,0.43,0.01,0.01,77895.11,1776842740000
1776842741.602,41.602,0.57,0.58,0.42,0.43,0.01,0.01,77895.11,1776842740000
1776842742.029,42.029,0.57,0.58,0.42,0.43,0.01,0.01,77895.11,1776842740000
1776842742.557,42.557,0.57,0.58,0.42,0.43,0.01,0.01,77895.11,1776842740000
1776842742.902,42.902,0.57,0.58,0.42,0.43,0.01,0.01,77896.68,1776842741000
1776842743.285,43.285,0.57,0.58,0.42,0.43,0.01,0.01,77896.68,1776842741000
1776842743.959,43.959,0.57,0.58,0.42,0.43,0.01,0.01,77897.56,1776842742000
1776842744.316,44.316,0.58,0.59,0.41,0.42,0.01,0.01,77897.56,1776842742000
1776842744.829,44.829,0.58,0.59,0.41,0.42,0.01,0.01,77897.56,1776842742000
1776842745.275,45.275,0.58,0.59,0.41,0.42,0.01,0.01,77897.98,1776842744000
1776842745.739,45.739,0.58,0.59,0.41,0.42,0.01,0.01,77897.98,1776842744000
1776842746.31,46.31,0.58,0.59,0.41,0.42,0.01,0.01,77897.98,1776842744000
1776842747.005,47.005,0.58,0.59,0.41,0.42,0.01,0.01,77897.98,1776842746000
1776842747.39,47.39,0.58,0.59,0.41,0.42,0.01,0.01,77897.98,1776842746000
1776842748.106,48.106,0.58,0.59,0.41,0.42,0.01,0.01,77897.98,1776842746000
1776842748.58,48.58,0.58,0.59,0.41,0.42,0.01,0.01,77897.98,1776842746000
1776842748.944,48.944,0.58,0.59,0.41,0.42,0.01,0.01,77897.81,1776842747000
1776842749.479,49.479,0.58,0.59,0.41,0.42,0.01,0.01,77897.81,1776842747000
1776842749.813,49.813,0.58,0.59,0.41,0.42,0.01,0.01,77897.82,1776842748000
1776842750.314,50.314,0.58,0.59,0.41,0.42,0.01,0.01,77897.81,1776842749000
1776842750.863,50.863,0.59,0.6,0.4,0.41,0.01,0.01,77897.81,1776842749000
1776842751.239,51.239,0.59,0.6,0.4,0.41,0.01,0.01,77897.81,1776842750000
1776842752.038,52.038,0.59,0.6,0.4,0.41,0.01,0.01,77897.81,1776842750000
1776842752.415,52.415,0.59,0.6,0.4,0.41,0.01,0.01,77897.81,1776842750000
1776842752.804,52.804,0.59,0.6,0.4,0.41,0.01,0.01,77897.83,1776842751000
1776842753.238,53.238,0.59,0.6,0.4,0.41,0.01,0.01,77897.83,1776842752000
1776842753.621,53.621,0.59,0.6,0.4,0.41,0.01,0.01,77897.83,1776842752000
1776842753.999,53.999,0.57,0.58,0.4,0.42,0.01,0.02,77897.83,1776842752000
1776842754.386,54.386,0.57,0.58,0.42,0.43,0.01,0.01,77897.83,1776842752000
1776842754.803,54.803,0.57,0.58,0.42,0.43,0.01,0.01,77896.78,1776842753000
1776842755.29,55.29,0.57,0.58,0.42,0.43,0.01,0.01,77896.78,1776842753000
1776842755.782,55.782,0.57,0.58,0.42,0.43,0.01,0.01,77897.19,1776842754000
1776842756.203,56.203,0.57,0.58,0.42,0.43,0.01,0.01,77897.19,1776842754000
1776842756.552,56.552,0.57,0.58,0.42,0.43,0.01,0.01,77897.19,1776842754000
1776842756.891,56.891,0.57,0.58,0.42,0.43,0.01,0.01,77894.3,1776842755000
1776842757.248,57.248,0.57,0.58,0.42,0.43,0.01,0.01,77894.3,1776842755000
1776842757.805,57.805,0.57,0.58,0.42,0.43,0.01,0.01,77894.34,1776842756000
1776842758.224,58.224,0.57,0.58,0.42,0.43,0.01,0.01,77894.58,1776842757000
1776842758.575,58.575,0.56,0.58,0.42,0.43,0.02,0.01,77894.58,1776842757000
1776842759.087,59.087,0.57,0.58,0.42,0.43,0.01,0.01,77894.58,1776842757000
1776842759.434,59.434,0.57,0.58,0.42,0.43,0.01,0.01,77894.58,1776842757000
1776842759.862,59.862,0.57,0.58,0.42,0.43,0.01,0.01,77893.79,1776842758000
1776842760.255,60.255,0.57,0.58,0.42,0.43,0.01,0.01,77892.12,1776842759000
1776842760.89,60.89,0.57,0.58,0.42,0.43,0.01,0.01,77892.12,1776842759000
1776842761.24,61.24,0.57,0.58,0.42,0.43,0.01,0.01,77892.12,1776842759000
1776842761.604,61.604,0.57,0.58,0.42,0.43,0.01,0.01,77890.42,1776842760000
1776842762.174,62.174,0.57,0.58,0.42,0.43,0.01,0.01,77890.42,1776842760000
1776842762.547,62.547,0.57,0.58,0.42,0.43,0.01,0.01,77890.42,1776842760000
1776842762.914,62.914,0.57,0.58,0.42,0.43,0.01,0.01,77892.63,1776842761000
1776842763.292,63.292,0.57,0.58,0.42,0.43,0.01,0.01,77892.63,1776842761000
1776842763.711,63.711,0.57,0.58,0.42,0.43,0.01,0.01,77892.37,1776842762000
1776842764.079,64.079,0.57,0.58,0.42,0.43,0.01,0.01,77892.37,1776842762000
1776842764.435,64.435,0.56,0.57,0.42,0.43,0.01,0.01,77892.37,1776842763000
1776842764.885,64.885,0.56,0.57,0.43,0.44,0.01,0.01,77892.37,1776842763000
1776842765.368,65.368,0.56,0.57,0.43,0.44,0.01,0.01,77892.37,1776842763000
1776842765.791,65.791,0.56,0.57,0.43,0.44,0.01,0.01,77892.05,1776842764000
1776842766.78,66.78,0.56,0.57,0.43,0.44,0.01,0.01,77892.87,1776842765000
1776842767.38,67.38,0.53,0.55,0.45,0.47,0.02,0.02,77893.06,1776842766000
1776842767.713,67.713,0.5,0.51,0.49,0.5,0.01,0.01,77893.06,1776842766000
1776842768.077,68.077,0.5,0.51,0.49,0.5,0.01,0.01,77893.06,1776842766000
1776842768.415,68.415,0.49,0.5,0.5,0.51,0.01,0.01,77892.02,1776842767000
1776842768.877,68.877,0.49,0.5,0.5,0.51,0.01,0.01,77892.02,1776842767000
1776842769.218,69.218,0.49,0.5,0.5,0.51,0.01,0.01,77892.02,1776842767000
1776842769.634,69.634,0.49,0.5,0.5,0.51,0.01,0.01,77880.93,1776842768000
1776842770.004,70.004,0.49,0.5,0.5,0.51,0.01,0.01,77879.33,1776842769000
1776842770.371,70.371,0.49,0.5,0.5,0.51,0.01,0.01,77879.33,1776842769000
1776842770.705,70.705,0.49,0.5,0.5,0.51,0.01,0.01,77879.33,1776842769000
1776842771.043,71.043,0.49,0.5,0.5,0.51,0.01,0.01,77879.33,1776842769000
1776842771.405,71.405,0.49,0.5,0.5,0.51,0.01,0.01,77879.33,1776842769000
1776842771.752,71.752,0.49,0.5,0.5,0.51,0.01,0.01,77876.1,1776842770000
1776842772.138,72.138,0.48,0.49,0.51,0.52,0.01,0.01,77876.1,1776842770000
1776842772.59,72.59,0.47,0.49,0.51,0.53,0.02,0.02,77873.43,1776842771000
1776842773.108,73.108,0.45,0.46,0.53,0.55,0.01,0.02,77873.43,1776842771000
1776842773.571,73.571,0.45,0.46,0.54,0.55,0.01,0.01,77870.7,1776842772000
1776842773.941,73.941,0.45,0.46,0.54,0.55,0.01,0.01,77870.7,1776842772000
1776842774.54,74.54,0.45,0.46,0.54,0.55,0.01,0.01,77868.36,1776842773000
1776842774.939,74.939,0.45,0.46,0.54,0.55,0.01,0.01,77868.36,1776842773000
1776842775.618,75.618,0.45,0.46,0.54,0.55,0.01,0.01,77868.36,1776842773000
1776842775.969,75.969,0.45,0.46,0.54,0.55,0.01,0.01,77870.58,1776842774000
1776842776.309,76.309,0.45,0.46,0.54,0.55,0.01,0.01,77870.58,1776842774000
1776842776.859,76.859,0.45,0.46,0.54,0.55,0.01,0.01,77869.96,1776842775000
1776842777.472,77.472,0.45,0.46,0.54,0.55,0.01,0.01,77868.98,1776842776000
1776842777.806,77.806,0.45,0.46,0.54,0.55,0.01,0.01,77868.98,1776842776000
1776842778.191,78.191,0.45,0.46,0.54,0.55,0.01,0.01,77868.98,1776842776000
1776842778.542,78.542,0.45,0.46,0.54,0.55,0.01,0.01,77868.98,1776842776000
1776842778.949,78.949,0.45,0.46,0.54,0.55,0.01,0.01,77869.09,1776842777000
1776842779.363,79.363,0.45,0.46,0.54,0.55,0.01,0.01,77869.09,1776842777000
1776842779.723,79.723,0.45,0.46,0.54,0.55,0.01,0.01,77869.09,1776842777000
1776842780.16,80.16,0.45,0.46,0.54,0.55,0.01,0.01,77869.09,1776842777000
1776842780.554,80.554,0.45,0.46,0.54,0.55,0.01,0.01,77867.58,1776842778000
1776842780.91,80.91,0.45,0.46,0.54,0.55,0.01,0.01,77866.14,1776842779000
1776842781.347,81.347,0.45,0.46,0.54,0.55,0.01,0.01,77866.14,1776842779000
1776842781.731,81.731,0.45,0.46,0.54,0.55,0.01,0.01,77866.39,1776842780000
1776842782.236,82.236,0.45,0.46,0.54,0.55,0.01,0.01,77866.39,1776842780000
1776842782.579,82.579,0.45,0.46,0.54,0.55,0.01,0.01,77866.88,1776842781000
1776842782.984,82.984,0.45,0.46,0.54,0.55,0.01,0.01,77866.88,1776842781000
1776842783.455,83.455,0.45,0.46,0.54,0.55,0.01,0.01,77866.88,1776842781000
1776842784.022,84.022,0.45,0.46,0.54,0.55,0.01,0.01,77866.87,1776842782000
1776842784.51,84.51,0.46,0.47,0.53,0.54,0.01,0.01,77866.87,1776842783000
1776842784.847,84.847,0.46,0.49,0.51,0.54,0.03,0.03,77866.87,1776842783000
1776842785.308,85.308,0.53,0.57,0.43,0.47,0.04,0.04,77866.88,1776842784000
1776842786.009,86.009,0.54,0.55,0.43,0.47,0.01,0.04,77866.88,1776842784000
1776842786.382,86.382,0.54,0.56,0.44,0.46,0.02,0.02,77866.89,1776842785000
1776842786.746,86.746,0.54,0.56,0.44,0.46,0.02,0.02,77866.89,1776842785000
1776842787.224,87.224,0.55,0.62,0.38,0.45,0.07,0.07,77873.38,1776842786000
1776842787.586,87.586,0.5,0.57,0.43,0.5,0.07,0.07,77873.38,1776842786000
1776842787.932,87.932,0.52,0.53,0.47,0.48,0.01,0.01,77873.38,1776842786000
1776842788.268,88.268,0.52,0.53,0.47,0.48,0.01,0.01,77881.71,1776842787000
1776842788.601,88.601,0.5,0.53,0.47,0.5,0.03,0.03,77881.71,1776842787000
1776842788.947,88.947,0.47,0.48,0.51,0.53,0.01,0.02,77881.71,1776842787000
1776842789.283,89.283,0.45,0.48,0.52,0.55,0.03,0.03,77881.71,1776842787000
1776842789.63,89.63,0.45,0.46,0.54,0.55,0.01,0.01,77879.69,1776842788000
1776842789.985,89.985,0.45,0.46,0.54,0.55,0.01,0.01,77879.69,1776842788000
1776842790.319,90.319,0.45,0.46,0.54,0.55,0.01,0.01,77878.32,1776842789000
1776842790.684,90.684,0.45,0.46,0.54,0.55,0.01,0.01,77878.32,1776842789000
1776842791.029,91.029,0.45,0.46,0.54,0.55,0.01,0.01,77878.32,1776842789000
1776842791.363,91.363,0.33,0.35,0.65,0.66,0.02,0.01,77844.6,1776842790000
1776842791.857,91.857,0.33,0.34,0.66,0.67,0.01,0.01,77844.6,1776842790000
1776842792.271,92.271,0.33,0.37,0.63,0.67,0.04,0.04,77844.6,1776842790000
1776842792.667,92.667,0.36,0.37,0.63,0.64,0.01,0.01,77841.57,1776842791000
1776842793.123,93.123,0.38,0.39,0.62,0.63,0.01,0.01,77841.57,1776842791000
1776842793.464,93.464,0.39,0.4,0.59,0.61,0.01,0.02,77841.33,1776842792000
1776842793.836,93.836,0.41,0.42,0.58,0.59,0.01,0.01,77841.33,1776842792000
1776842794.173,94.173,0.41,0.42,0.58,0.59,0.01,0.01,77841.33,1776842792000
1776842794.64,94.64,0.41,0.42,0.58,0.59,0.01,0.01,77841.33,1776842792000
1776842795.051,95.051,0.41,0.42,0.58,0.59,0.01,0.01,77847.52,1776842793000
1776842795.468,95.468,0.4,0.41,0.59,0.6,0.01,0.01,77847.41,1776842794000
1776842795.854,95.854,0.4,0.41,0.58,0.6,0.01,0.02,77847.41,1776842794000
1776842796.272,96.272,0.39,0.4,0.6,0.61,0.01,0.01,77847.41,1776842794000
1776842796.757,96.757,0.37,0.38,0.6,0.63,0.01,0.03,77847.6,1776842795000
1776842797.164,97.164,0.36,0.38,0.62,0.64,0.02,0.02,77848.01,1776842796000
1776842797.617,97.617,0.37,0.38,0.62,0.63,0.01,0.01,77848.01,1776842796000
1776842798.127,98.127,0.36,0.38,0.62,0.63,0.02,0.01,77848.01,1776842796000
1776842798.931,98.931,0.36,0.37,0.62,0.64,0.01,0.02,77849.36,1776842797000
1776842799.35,99.35,0.36,0.37,0.63,0.64,0.01,0.01,77849.36,1776842797000
1776842800.104,100.104,0.36,0.37,0.63,0.64,0.01,0.01,77846.53,1776842798000
1776842800.483,100.483,0.36,0.37,0.63,0.64,0.01,0.01,77848.08,1776842799000
1776842800.891,100.891,0.36,0.37,0.63,0.64,0.01,0.01,77848.08,1776842799000
1776842801.328,101.328,0.36,0.37,0.63,0.64,0.01,0.01,77848.08,1776842800000
1776842801.76,101.76,0.36,0.37,0.63,0.64,0.01,0.01,77848.08,1776842800000
1776842802.126,102.126,0.35,0.37,0.63,0.65,0.02,0.02,77848.66,1776842801000
1776842802.605,102.605,0.35,0.37,0.63,0.65,0.02,0.02,77848.66,1776842801000
1776842803.105,103.105,0.35,0.36,0.64,0.65,0.01,0.01,77848.66,1776842801000
1776842803.468,103.468,0.35,0.36,0.64,0.65,0.01,0.01,77847.99,1776842802000
1776842803.939,103.939,0.35,0.36,0.64,0.65,0.01,0.01,77847.99,1776842802000
1776842804.355,104.355,0.34,0.36,0.64,0.66,0.02,0.02,77848.0,1776842803000
1776842804.724,104.724,0.33,0.34,0.65,0.67,0.01,0.02,77848.0,1776842803000
1776842805.153,105.153,0.33,0.34,0.66,0.67,0.01,0.01,77848.0,1776842803000
1776842805.616,105.616,0.33,0.34,0.66,0.67,0.01,0.01,77848.0,1776842804000
1776842806.049,106.049,0.33,0.34,0.66,0.67,0.01,0.01,77848.0,1776842804000
1776842806.415,106.415,0.33,0.34,0.66,0.67,0.01,0.01,77847.95,1776842805000
1776842806.771,106.771,0.33,0.34,0.66,0.67,0.01,0.01,77847.95,1776842805000
1776842807.106,107.106,0.33,0.34,0.66,0.67,0.01,0.01,77847.95,1776842805000
1776842807.452,107.452,0.33,0.34,0.66,0.67,0.01,0.01,77849.07,1776842806000
1776842807.914,107.914,0.33,0.34,0.66,0.67,0.01,0.01,77849.07,1776842806000
1776842808.27,108.27,0.33,0.34,0.66,0.67,0.01,0.01,77848.15,1776842807000
1776842809.297,109.297,0.33,0.34,0.66,0.67,0.01,0.01,77848.15,1776842807000
1776842809.958,109.958,0.33,0.35,0.65,0.67,0.02,0.02,77848.89,1776842809000
1776842810.372,110.372,0.33,0.34,0.66,0.67,0.01,0.01,77848.89,1776842809000
1776842810.706,110.706,0.33,0.34,0.66,0.67,0.01,0.01,77848.89,1776842809000
1776842811.084,111.084,0.33,0.34,0.66,0.67,0.01,0.01,77848.6,1776842810000
1776842811.504,111.504,0.33,0.34,0.66,0.67,0.01,0.01,77848.6,1776842810000
1776842811.888,111.888,0.34,0.35,0.65,0.66,0.01,0.01,77848.6,1776842810000
1776842812.262,112.262,0.34,0.35,0.65,0.66,0.01,0.01,77847.86,1776842811000
1776842812.646,112.646,0.34,0.35,0.65,0.66,0.01,0.01,77847.86,1776842811000
1776842813.034,113.034,0.34,0.35,0.65,0.66,0.01,0.01,77847.86,1776842811000
1776842813.513,113.513,0.34,0.35,0.65,0.66,0.01,0.01,77847.85,1776842812000
1776842813.936,113.936,0.34,0.35,0.65,0.66,0.01,0.01,77847.85,1776842812000
1776842814.345,114.345,0.33,0.35,0.65,0.66,0.02,0.01,77847.85,1776842813000
1776842814.948,114.948,0.34,0.35,0.65,0.66,0.01,0.01,77847.85,1776842813000
1776842815.308,115.308,0.34,0.35,0.65,0.66,0.01,0.01,77847.84,1776842814000
1776842815.675,115.675,0.34,0.35,0.65,0.66,0.01,0.01,77847.84,1776842814000
1776842816.07,116.07,0.34,0.35,0.65,0.66,0.01,0.01,77848.99,1776842815000
1776842816.421,116.421,0.33,0.34,0.66,0.67,0.01,0.01,77848.99,1776842815000
1776842816.806,116.806,0.33,0.34,0.66,0.67,0.01,0.01,77848.99,1776842815000
1776842817.164,117.164,0.33,0.34,0.66,0.67,0.01,0.01,77849.3,1776842816000
1776842817.774,117.774,0.33,0.34,0.66,0.67,0.01,0.01,77849.3,1776842816000
1776842818.244,118.244,0.32,0.33,0.67,0.68,0.01,0.01,77847.87,1776842817000
1776842819.199,119.199,0.32,0.33,0.67,0.68,0.01,0.01,77847.87,1776842817000
1776842819.825,119.825,0.32,0.33,0.67,0.68,0.01,0.01,77847.92,1776842818000
1776842820.338,120.338,0.32,0.33,0.67,0.68,0.01,0.01,77847.92,1776842818000
1776842820.672,120.672,0.31,0.32,0.67,0.68,0.01,0.01,77847.8,1776842819000
1776842821.056,121.056,0.31,0.32,0.68,0.69,0.01,0.01,77847.8,1776842819000
1776842821.492,121.492,0.31,0.32,0.68,0.69,0.01,0.01,77847.8,1776842820000
1776842821.891,121.891,0.3,0.31,0.69,0.7,0.01,0.01,77847.8,1776842820000
1776842822.251,122.251,0.27,0.28,0.71,0.72,0.01,0.01,77847.07,1776842821000
1776842822.59,122.59,0.27,0.28,0.72,0.73,0.01,0.01,77847.07,1776842821000
1776842822.968,122.968,0.27,0.28,0.72,0.73,0.01,0.01,77847.06,1776842822000
1776842823.411,123.411,0.27,0.28,0.72,0.73,0.01,0.01,77847.06,1776842822000
1776842823.93,123.93,0.26,0.27,0.73,0.74,0.01,0.01,77847.06,1776842822000
1776842824.298,124.298,0.26,0.27,0.73,0.74,0.01,0.01,77844.3,1776842823000
1776842824.745,124.745,0.26,0.27,0.73,0.74,0.01,0.01,77844.3,1776842823000
1776842825.186,125.186,0.26,0.27,0.73,0.74,0.01,0.01,77844.3,1776842823000
1776842825.843,125.843,0.26,0.27,0.73,0.74,0.01,0.01,77843.32,1776842824000
1776842826.189,126.189,0.24,0.26,0.74,0.76,0.02,0.02,77843.32,1776842824000
1776842826.522,126.522,0.23,0.24,0.76,0.77,0.01,0.01,77842.06,1776842825000
1776842826.906,126.906,0.31,0.32,0.68,0.69,0.01,0.01,77842.06,1776842825000
1776842827.293,127.293,0.31,0.32,0.68,0.69,0.01,0.01,77842.03,1776842826000
1776842827.673,127.673,0.31,0.32,0.68,0.69,0.01,0.01,77842.03,1776842826000
1776842828.021,128.021,0.3,0.32,0.68,0.7,0.02,0.02,77842.03,1776842826000
1776842828.37,128.37,0.31,0.32,0.68,0.71,0.01,0.03,77837.67,1776842827000
1776842828.732,128.732,0.31,0.32,0.68,0.69,0.01,0.01,77837.67,1776842827000
1776842829.133,129.133,0.31,0.33,0.68,0.69,0.02,0.01,77837.67,1776842827000
1776842829.478,129.478,0.33,0.34,0.66,0.67,0.01,0.01,77843.81,1776842828000
1776842829.9,129.9,0.34,0.35,0.65,0.66,0.01,0.01,77843.81,1776842828000
1776842830.318,130.318,0.34,0.35,0.65,0.66,0.01,0.01,77844.24,1776842829000
1776842830.962,130.962,0.34,0.35,0.65,0.66,0.01,0.01,77844.24,1776842829000
1776842831.368,131.368,0.34,0.35,0.65,0.66,0.01,0.01,77849.62,1776842830000
1776842831.706,131.706,0.34,0.36,0.64,0.66,0.02,0.02,77849.62,1776842830000
1776842832.088,132.088,0.32,0.33,0.64,0.65,0.01,0.01,77849.62,1776842830000
1776842832.532,132.532,0.32,0.33,0.67,0.68,0.01,0.01,77849.73,1776842831000
1776842833.025,133.025,0.31,0.32,0.68,0.69,0.01,0.01,77849.73,1776842831000
1776842833.455,133.455,0.31,0.32,0.68,0.69,0.01,0.01,77850.41,1776842832000
1776842833.914,133.914,0.31,0.32,0.68,0.69,0.01,0.01,77850.41,1776842832000
1776842834.276,134.276,0.31,0.33,0.67,0.69,0.02,0.02,77849.45,1776842833000
1776842834.702,134.702,0.32,0.33,0.67,0.68,0.01,0.01,77849.45,1776842833000
1776842835.351,135.351,0.32,0.33,0.67,0.68,0.01,0.01,77853.07,1776842834000
1776842835.868,135.868,0.31,0.34,0.67,0.68,0.03,0.01,77853.07,1776842834000
1776842836.213,136.213,0.31,0.32,0.68,0.69,0.01,0.01,77850.39,1776842835000
1776842836.762,136.762,0.31,0.32,0.68,0.69,0.01,0.01,77850.39,1776842835000
1776842837.155,137.155,0.31,0.32,0.68,0.69,0.01,0.01,77850.39,1776842835000
1776842838.227,138.227,0.31,0.33,0.67,0.69,0.02,0.02,77850.42,1776842837000
1776842838.813,138.813,0.31,0.32,0.68,0.69,0.01,0.01,77850.42,1776842837000
1776842839.423,139.423,0.31,0.32,0.68,0.69,0.01,0.01,77851.36,1776842838000
1776842839.847,139.847,0.32,0.33,0.67,0.69,0.01,0.02,77851.36,1776842838000
1776842840.632,140.632,0.34,0.35,0.67,0.68,0.01,0.01,77849.75,1776842839000
1776842840.968,140.968,0.39,0.41,0.6,0.61,0.02,0.01,77849.75,1776842840000
1776842841.389,141.389,0.39,0.4,0.6,0.61,0.01,0.01,77849.75,1776842840000
1776842841.776,141.776,0.39,0.4,0.6,0.61,0.01,0.01,77849.75,1776842840000
1776842842.484,142.484,0.38,0.39,0.61,0.62,0.01,0.01,77851.38,1776842841000
1776842842.836,142.836,0.38,0.39,0.61,0.62,0.01,0.01,77851.38,1776842841000
1776842843.488,143.488,0.38,0.39,0.61,0.62,0.01,0.01,77854.82,1776842842000
1776842843.936,143.936,0.38,0.39,0.61,0.62,0.01,0.01,77854.9,1776842843000
1776842844.637,144.637,0.38,0.39,0.61,0.62,0.01,0.01,77854.9,1776842843000
1776842845.042,145.042,0.38,0.39,0.61,0.62,0.01,0.01,77855.56,1776842844000
1776842845.393,145.393,0.38,0.39,0.61,0.62,0.01,0.01,77855.56,1776842844000
1776842845.911,145.911,0.38,0.4,0.6,0.62,0.02,0.02,77856.41,1776842845000
1776842846.357,146.357,0.39,0.4,0.6,0.61,0.01,0.01,77856.41,1776842845000
1776842846.816,146.816,0.4,0.41,0.59,0.61,0.01,0.02,77856.41,1776842845000
1776842847.245,147.245,0.4,0.41,0.59,0.6,0.01,0.01,77856.61,1776842846000
1776842847.727,147.727,0.4,0.41,0.59,0.6,0.01,0.01,77856.61,1776842846000
1776842848.196,148.196,0.4,0.41,0.59,0.6,0.01,0.01,77856.61,1776842847000
1776842848.868,148.868,0.4,0.41,0.59,0.6,0.01,0.01,77856.61,1776842848000
1776842849.255,149.255,0.4,0.41,0.59,0.6,0.01,0.01,77856.61,1776842848000
1776842849.629,149.629,0.4,0.41,0.59,0.6,0.01,0.01,77856.61,1776842848000
1776842849.991,149.991,0.4,0.41,0.59,0.6,0.01,0.01,77856.61,1776842848000
1776842850.421,150.421,0.4,0.41,0.59,0.6,0.01,0.01,77856.49,1776842849000
1776842850.758,150.758,0.4,0.41,0.59,0.6,0.01,0.01,77856.49,1776842849000
1776842851.329,151.329,0.4,0.41,0.59,0.6,0.01,0.01,77856.3,1776842850000
1776842851.764,151.764,0.4,0.41,0.59,0.6,0.01,0.01,77856.3,1776842850000
1776842852.237,152.237,0.4,0.41,0.59,0.6,0.01,0.01,77856.3,1776842850000
1776842852.679,152.679,0.4,0.41,0.59,0.6,0.01,0.01,77856.3,1776842851000
1776842853.034,153.034,0.4,0.41,0.59,0.6,0.01,0.01,77856.3,1776842851000
1776842854.016,154.016,0.4,0.41,0.59,0.6,0.01,0.01,77856.2,1776842852000
1776842854.913,154.913,0.4,0.41,0.59,0.6,0.01,0.01,77855.82,1776842853000
1776842855.576,155.576,0.4,0.41,0.59,0.6,0.01,0.01,77855.82,1776842854000
1776842855.963,155.963,0.35,0.37,0.63,0.64,0.02,0.01,77855.82,1776842854000
1776842856.343,156.343,0.33,0.34,0.65,0.67,0.01,0.02,77854.53,1776842855000
1776842856.719,156.719,0.33,0.34,0.66,0.67,0.01,0.01,77854.53,1776842855000
1776842857.217,157.217,0.32,0.33,0.67,0.68,0.01,0.01,77854.53,1776842855000
1776842857.607,157.607,0.32,0.33,0.67,0.68,0.01,0.01,77852.22,1776842856000
1776842858.27,158.27,0.32,0.33,0.67,0.68,0.01,0.01,77852.22,1776842856000
1776842858.622,158.622,0.32,0.33,0.67,0.68,0.01,0.01,77850.92,1776842857000
1776842859.006,159.006,0.32,0.33,0.67,0.68,0.01,0.01,77850.92,1776842857000
1776842859.388,159.388,0.32,0.33,0.67,0.68,0.01,0.01,77850.47,1776842858000
1776842859.793,159.793,0.32,0.33,0.67,0.68,0.01,0.01,77850.47,1776842858000
1776842860.21,160.21,0.32,0.33,0.67,0.68,0.01,0.01,77850.47,1776842859000
1776842860.704,160.704,0.32,0.33,0.67,0.68,0.01,0.01,77850.47,1776842859000
1776842861.115,161.115,0.32,0.33,0.67,0.68,0.01,0.01,77847.32,1776842860000
1776842861.486,161.486,0.32,0.33,0.67,0.68,0.01,0.01,77847.32,1776842860000
1776842861.854,161.854,0.32,0.33,0.67,0.68,0.01,0.01,77847.32,1776842860000
1776842862.194,162.194,0.32,0.33,0.67,0.68,0.01,0.01,77847.32,1776842860000
1776842862.567,162.567,0.32,0.33,0.67,0.68,0.01,0.01,77849.81,1776842861000
1776842863.02,163.02,0.29,0.3,0.7,0.71,0.01,0.01,77849.81,1776842861000
1776842863.359,163.359,0.27,0.29,0.7,0.73,0.02,0.03,77849.79,1776842862000
1776842863.695,163.695,0.29,0.3,0.7,0.71,0.01,0.01,77849.79,1776842862000
1776842864.034,164.034,0.28,0.29,0.71,0.72,0.01,0.01,77849.79,1776842862000
1776842864.382,164.382,0.26,0.27,0.73,0.74,0.01,0.01,77849.65,1776842863000
1776842864.761,164.761,0.26,0.27,0.73,0.74,0.01,0.01,77849.65,1776842863000
1776842865.117,165.117,0.26,0.27,0.73,0.74,0.01,0.01,77849.65,1776842863000
1776842865.48,165.48,0.26,0.27,0.73,0.74,0.01,0.01,77846.56,1776842864000
1776842865.818,165.818,0.26,0.27,0.73,0.74,0.01,0.01,77846.56,1776842864000
1776842866.191,166.191,0.24,0.25,0.74,0.76,0.01,0.02,77846.56,1776842864000
1776842866.584,166.584,0.23,0.24,0.75,0.77,0.01,0.02,77846.16,1776842865000
1776842866.917,166.917,0.23,0.24,0.76,0.77,0.01,0.01,77846.16,1776842865000
1776842867.256,167.256,0.23,0.24,0.76,0.77,0.01,0.01,77846.16,1776842865000
1776842867.917,167.917,0.23,0.24,0.76,0.77,0.01,0.01,77847.69,1776842867000
1776842868.582,168.582,0.23,0.25,0.76,0.77,0.02,0.01,77847.69,1776842867000
1776842868.942,168.942,0.26,0.34,0.67,0.74,0.08,0.07,77843.83,1776842868000
1776842869.28,169.28,0.29,0.34,0.66,0.69,0.05,0.03,77843.83,1776842868000
1776842869.733,169.733,0.29,0.34,0.66,0.74,0.05,0.08,77843.83,1776842868000
1776842870.092,170.092,0.3,0.33,0.67,0.7,0.03,0.03,77849.22,1776842869000
1776842870.555,170.555,0.32,0.33,0.67,0.7,0.01,0.03,77849.22,1776842869000
1776842870.923,170.923,0.34,0.35,0.65,0.68,0.01,0.03,77851.96,1776842870000
1776842871.294,171.294,0.34,0.35,0.65,0.66,0.01,0.01,77851.96,1776842870000
1776842871.798,171.798,0.34,0.35,0.65,0.66,0.01,0.01,77851.96,1776842870000
1776842872.198,172.198,0.34,0.35,0.65,0.66,0.01,0.01,77852.16,1776842871000
1776842872.658,172.658,0.35,0.37,0.64,0.65,0.02,0.01,77852.16,1776842871000
1776842873.01,173.01,0.36,0.37,0.63,0.64,0.01,0.01,77853.96,1776842872000
1776842873.652,173.652,0.36,0.37,0.63,0.64,0.01,0.01,77853.96,1776842872000
1776842874.189,174.189,0.37,0.38,0.62,0.64,0.01,0.02,77853.96,1776842872000
1776842874.871,174.871,0.37,0.38,0.62,0.63,0.01,0.01,77852.19,1776842873000
1776842875.281,175.281,0.37,0.38,0.62,0.63,0.01,0.01,77854.07,1776842874000
1776842875.67,175.67,0.37,0.38,0.62,0.63,0.01,0.01,77854.07,1776842874000
1776842876.113,176.113,0.37,0.38,0.62,0.63,0.01,0.01,77854.07,1776842874000
1776842877.261,177.261,0.38,0.39,0.61,0.62,0.01,0.01,77854.16,1776842876000
1776842877.708,177.708,0.38,0.39,0.61,0.62,0.01,0.01,77854.16,1776842876000
1776842878.116,178.116,0.38,0.39,0.61,0.62,0.01,0.01,77854.16,1776842876000
1776842878.586,178.586,0.38,0.39,0.61,0.62,0.01,0.01,77856.65,1776842877000
1776842879.084,179.084,0.38,0.39,0.61,0.62,0.01,0.01,77856.65,1776842877000
1776842879.433,179.433,0.38,0.39,0.61,0.62,0.01,0.01,77854.28,1776842878000
1776842879.821,179.821,0.38,0.39,0.61,0.62,0.01,0.01,77854.28,1776842878000
1776842880.197,180.197,0.38,0.39,0.61,0.62,0.01,0.01,77854.28,1776842878000
1776842880.57,180.57,0.38,0.39,0.61,0.62,0.01,0.01,77855.42,1776842879000
1776842880.907,180.907,0.36,0.37,0.63,0.64,0.01,0.01,77855.42,1776842879000
1776842881.353,181.353,0.37,0.38,0.62,0.63,0.01,0.01,77855.42,1776842879000
1776842881.724,181.724,0.37,0.38,0.62,0.63,0.01,0.01,77852.42,1776842880000
1776842882.164,182.164,0.37,0.38,0.62,0.63,0.01,0.01,77852.42,1776842880000
1776842882.546,182.546,0.36,0.38,0.62,0.64,0.02,0.02,77854.8,1776842881000
1776842882.936,182.936,0.36,0.37,0.63,0.64,0.01,0.01,77854.8,1776842881000
1776842883.284,183.284,0.36,0.37,0.63,0.64,0.01,0.01,77854.31,1776842882000
1776842883.622,183.622,0.36,0.37,0.63,0.64,0.01,0.01,77854.31,1776842882000
1776842883.959,183.959,0.36,0.37,0.63,0.64,0.01,0.01,77854.44,1776842883000
1776842884.425,184.425,0.37,0.38,0.62,0.63,0.01,0.01,77854.44,1776842883000
1776842884.904,184.904,0.37,0.38,0.62,0.63,0.01,0.01,77854.44,1776842883000
1776842885.287,185.287,0.37,0.38,0.62,0.63,0.01,0.01,77854.43,1776842884000
1776842885.726,185.726,0.37,0.38,0.62,0.63,0.01,0.01,77854.43,1776842884000
1776842886.431,186.431,0.37,0.38,0.62,0.63,0.01,0.01,77854.41,1776842885000
1776842887.003,187.003,0.37,0.38,0.62,0.63,0.01,0.01,77854.41,1776842886000
1776842887.377,187.377,0.37,0.38,0.62,0.63,0.01,0.01,77854.41,1776842886000
1776842887.716,187.716,0.37,0.38,0.62,0.63,0.01,0.01,77854.41,1776842886000
1776842888.856,188.856,0.37,0.38,0.62,0.63,0.01,0.01,77854.47,1776842888000
1776842890.352,190.352,0.37,0.38,0.62,0.63,0.01,0.01,77866.57,1776842889000
1776842890.768,190.768,0.37,0.38,0.62,0.63,0.01,0.01,77866.57,1776842889000
1776842891.11,191.11,0.45,0.48,0.52,0.55,0.03,0.03,77866.57,1776842889000
1776842891.447,191.447,0.45,0.46,0.54,0.55,0.01,0.01,77869.3,1776842890000
1776842891.806,191.806,0.46,0.48,0.53,0.54,0.02,0.01,77869.3,1776842890000
1776842892.255,192.255,0.47,0.48,0.52,0.53,0.01,0.01,77869.3,1776842890000
1776842892.609,192.609,0.47,0.48,0.52,0.53,0.01,0.01,77869.01,1776842891000
1776842892.977,192.977,0.47,0.48,0.52,0.53,0.01,0.01,77869.01,1776842891000
1776842893.328,193.328,0.41,0.42,0.57,0.6,0.01,0.03,77869.01,1776842891000
1776842893.723,193.723,0.41,0.42,0.58,0.59,0.01,0.01,77869.01,1776842892000
1776842894.066,194.066,0.57,0.64,0.36,0.46,0.07,0.1,77869.01,1776842892000
1776842894.631,194.631,0.57,0.63,0.37,0.4,0.06,0.03,77869.01,1776842892000
1776842894.967,194.967,0.6,0.62,0.38,0.4,0.02,0.02,77869.13,1776842893000
1776842895.326,195.326,0.58,0.59,0.41,0.42,0.01,0.01,77869.13,1776842893000
1776842895.795,195.795,0.52,0.59,0.41,0.48,0.07,0.07,77873.43,1776842894000
1776842896.135,196.135,0.57,0.58,0.42,0.43,0.01,0.01,77882.55,1776842895000
1776842896.593,196.593,0.55,0.56,0.43,0.45,0.01,0.02,77882.55,1776842895000
1776842897.045,197.045,0.55,0.56,0.44,0.45,0.01,0.01,77882.55,1776842895000
1776842897.437,197.437,0.55,0.56,0.44,0.45,0.01,0.01,77882.42,1776842896000
1776842897.785,197.785,0.55,0.56,0.44,0.45,0.01,0.01,77882.42,1776842896000
1776842898.205,198.205,0.55,0.56,0.44,0.45,0.01,0.01,77882.42,1776842896000
1776842898.589,198.589,0.56,0.57,0.43,0.44,0.01,0.01,77881.58,1776842897000
1776842898.928,198.928,0.57,0.58,0.42,0.43,0.01,0.01,77881.58,1776842897000
1776842899.303,199.303,0.57,0.58,0.42,0.43,0.01,0.01,77881.58,1776842897000
1776842899.857,199.857,0.57,0.58,0.42,0.43,0.01,0.01,77881.61,1776842898000
1776842900.341,200.341,0.57,0.58,0.42,0.43,0.01,0.01,77884.84,1776842899000
1776842900.685,200.685,0.57,0.58,0.42,0.43,0.01,0.01,77884.84,1776842899000
1776842901.029,201.029,0.57,0.58,0.42,0.43,0.01,0.01,77884.84,1776842899000
1776842901.515,201.515,0.56,0.57,0.43,0.44,0.01,0.01,77885.36,1776842900000
1776842902.041,202.041,0.56,0.57,0.43,0.44,0.01,0.01,77885.36,1776842900000
1776842902.383,202.383,0.56,0.57,0.43,0.44,0.01,0.01,77885.56,1776842901000
1776842902.974,202.974,0.56,0.57,0.43,0.44,0.01,0.01,77884.66,1776842902000
1776842903.341,203.341,0.56,0.57,0.43,0.44,0.01,0.01,77884.66,1776842902000
1776842904.031,204.031,0.56,0.57,0.43,0.44,0.01,0.01,77884.66,1776842902000
1776842904.512,204.512,0.54,0.56,0.44,0.45,0.02,0.01,77885.58,1776842903000
1776842905.222,205.222,0.54,0.55,0.44,0.46,0.01,0.02,77885.58,1776842903000
1776842905.576,205.576,0.54,0.55,0.45,0.46,0.01,0.01,77882.14,1776842904000
1776842906.446,206.446,0.54,0.55,0.45,0.46,0.01,0.01,77882.14,1776842904000
1776842906.978,206.978,0.54,0.55,0.45,0.46,0.01,0.01,77882.6,1776842905000
1776842907.404,207.404,0.52,0.53,0.45,0.48,0.01,0.03,77882.6,1776842906000
1776842907.904,207.904,0.52,0.53,0.47,0.48,0.01,0.01,77882.6,1776842906000
1776842908.425,208.425,0.52,0.53,0.47,0.48,0.01,0.01,77882.6,1776842906000
1776842908.812,208.812,0.52,0.53,0.47,0.48,0.01,0.01,77882.85,1776842907000
1776842909.17,209.17,0.51,0.52,0.47,0.49,0.01,0.02,77883.84,1776842908000
1776842909.519,209.519,0.51,0.52,0.48,0.49,0.01,0.01,77883.84,1776842908000
1776842909.861,209.861,0.51,0.52,0.48,0.49,0.01,0.01,77883.84,1776842908000
1776842910.214,210.214,0.51,0.52,0.48,0.49,0.01,0.01,77882.36,1776842909000
1776842910.563,210.563,0.51,0.52,0.48,0.49,0.01,0.01,77882.36,1776842909000
1776842910.897,210.897,0.51,0.52,0.48,0.49,0.01,0.01,77882.36,1776842909000
1776842911.232,211.232,0.51,0.52,0.48,0.49,0.01,0.01,77882.5,1776842910000
1776842912.041,212.041,0.51,0.52,0.48,0.49,0.01,0.01,77882.5,1776842910000
1776842912.4,212.4,0.51,0.52,0.48,0.49,0.01,0.01,77882.61,1776842911000
1776842912.79,212.79,0.51,0.52,0.47,0.49,0.01,0.02,77882.61,1776842911000
1776842913.127,213.127,0.51,0.52,0.48,0.49,0.01,0.01,77882.61,1776842911000
1776842913.523,213.523,0.51,0.52,0.48,0.49,0.01,0.01,77882.37,1776842912000
1776842913.948,213.948,0.51,0.52,0.48,0.49,0.01,0.01,77882.3,1776842913000
1776842914.387,214.387,0.51,0.52,0.48,0.49,0.01,0.01,77882.3,1776842913000
1776842914.876,214.876,0.5,0.52,0.48,0.49,0.02,0.01,77882.3,1776842913000
1776842915.364,215.364,0.5,0.51,0.49,0.5,0.01,0.01,77882.07,1776842914000
1776842915.974,215.974,0.51,0.52,0.48,0.49,0.01,0.01,77879.68,1776842915000
1776842916.602,216.602,0.51,0.52,0.48,0.49,0.01,0.01,77879.68,1776842915000
1776842917.01,217.01,0.5,0.51,0.48,0.51,0.01,0.03,77879.68,1776842915000
1776842917.367,217.367,0.49,0.5,0.49,0.5,0.01,0.01,77879.84,1776842916000
1776842917.702,217.702,0.47,0.48,0.5,0.53,0.01,0.03,77879.84,1776842916000
1776842918.053,218.053,0.47,0.48,0.52,0.53,0.01,0.01,77881.59,1776842917000
1776842918.388,218.388,0.42,0.46,0.53,0.58,0.04,0.05,77881.59,1776842917000
1776842918.738,218.738,0.33,0.35,0.65,0.67,0.02,0.02,77881.59,1776842917000
1776842919.072,219.072,0.33,0.34,0.65,0.67,0.01,0.02,77879.78,1776842918000
1776842919.411,219.411,0.33,0.34,0.66,0.67,0.01,0.01,77879.78,1776842918000
1776842919.894,219.894,0.33,0.34,0.66,0.67,0.01,0.01,77879.78,1776842918000
1776842920.243,220.243,0.33,0.34,0.66,0.67,0.01,0.01,77872.2,1776842919000
1776842920.605,220.605,0.33,0.34,0.66,0.67,0.01,0.01,77872.2,1776842919000
1776842920.939,220.939,0.32,0.33,0.66,0.68,0.01,0.02,77872.2,1776842919000
1776842921.276,221.276,0.32,0.33,0.67,0.68,0.01,0.01,77872.2,1776842919000
1776842921.612,221.612,0.27,0.28,0.72,0.73,0.01,0.01,77863.61,1776842920000
1776842921.984,221.984,0.26,0.27,0.72,0.74,0.01,0.02,77863.61,1776842920000
1776842922.346,222.346,0.26,0.27,0.73,0.74,0.01,0.01,77863.61,1776842920000
1776842922.681,222.681,0.26,0.27,0.73,0.74,0.01,0.01,77863.99,1776842921000
1776842923.024,223.024,0.26,0.27,0.73,0.74,0.01,0.01,77863.99,1776842921000
1776842923.365,223.365,0.26,0.27,0.72,0.74,0.01,0.02,77861.15,1776842922000
1776842923.7,223.7,0.26,0.27,0.73,0.74,0.01,0.01,77861.15,1776842922000
1776842924.118,224.118,0.26,0.28,0.72,0.74,0.02,0.02,77861.15,1776842922000
1776842924.457,224.457,0.26,0.27,0.72,0.73,0.01,0.01,77858.56,1776842923000
1776842924.84,224.84,0.26,0.27,0.73,0.74,0.01,0.01,77858.56,1776842923000
1776842925.254,225.254,0.27,0.28,0.72,0.73,0.01,0.01,77857.2,1776842924000
1776842925.765,225.765,0.27,0.28,0.72,0.73,0.01,0.01,77857.2,1776842924000
1776842926.105,226.105,0.27,0.28,0.72,0.73,0.01,0.01,77857.2,1776842924000
1776842926.462,226.462,0.27,0.28,0.72,0.73,0.01,0.01,77857.17,1776842925000
1776842926.801,226.801,0.27,0.28,0.72,0.73,0.01,0.01,77857.17,1776842925000
1776842927.225,227.225,0.27,0.28,0.72,0.73,0.01,0.01,77857.17,1776842925000
1776842927.581,227.581,0.27,0.28,0.72,0.73,0.01,0.01,77857.18,1776842926000
1776842927.941,227.941,0.28,0.29,0.71,0.73,0.01,0.02,77857.18,1776842926000
1776842928.487,228.487,0.28,0.29,0.71,0.72,0.01,0.01,77857.17,1776842927000
1776842929.033,229.033,0.28,0.29,0.71,0.72,0.01,0.01,77857.17,1776842927000
1776842929.411,229.411,0.29,0.3,0.7,0.71,0.01,0.01,77858.95,1776842928000
1776842929.793,229.793,0.3,0.31,0.69,0.7,0.01,0.01,77858.95,1776842928000
1776842930.226,230.226,0.3,0.31,0.69,0.7,0.01,0.01,77858.95,1776842928000
1776842930.593,230.593,0.3,0.31,0.67,0.7,0.01,0.03,77857.17,1776842929000
1776842931.229,231.229,0.33,0.34,0.66,0.69,0.01,0.03,77857.17,1776842929000
1776842931.599,231.599,0.33,0.34,0.66,0.67,0.01,0.01,77859.7,1776842930000
1776842932.037,232.037,0.33,0.34,0.66,0.67,0.01,0.01,77860,1776842931000
1776842932.376,232.376,0.32,0.33,0.67,0.68,0.01,0.01,77860,1776842931000
1776842932.876,232.876,0.32,0.33,0.67,0.68,0.01,0.01,77860,1776842931000
1776842933.374,233.374,0.32,0.33,0.67,0.68,0.01,0.01,77858.81,1776842932000
1776842933.718,233.718,0.32,0.33,0.67,0.68,0.01,0.01,77858.81,1776842932000
1776842934.249,234.249,0.32,0.33,0.67,0.68,0.01,0.01,77857.31,1776842933000
1776842934.637,234.637,0.32,0.33,0.67,0.68,0.01,0.01,77857.31,1776842933000
1776842935.035,235.035,0.33,0.34,0.66,0.67,0.01,0.01,77857.31,1776842933000
1776842935.405,235.405,0.33,0.34,0.66,0.67,0.01,0.01,77857.34,1776842934000
1776842935.75,235.75,0.33,0.34,0.66,0.67,0.01,0.01,77857.34,1776842934000
1776842936.189,236.189,0.32,0.33,0.67,0.68,0.01,0.01,77857.58,1776842935000
1776842936.527,236.527,0.36,0.39,0.63,0.64,0.03,0.01,77857.58,1776842935000
1776842936.877,236.877,0.43,0.45,0.56,0.57,0.02,0.01,77857.58,1776842935000
1776842937.24,237.24,0.44,0.45,0.55,0.56,0.01,0.01,77857.58,1776842935000
1776842937.598,237.598,0.45,0.47,0.55,0.56,0.02,0.01,77857.58,1776842935000
1776842937.968,237.968,0.49,0.5,0.5,0.51,0.01,0.01,77857.67,1776842936000
1776842938.379,238.379,0.49,0.5,0.5,0.51,0.01,0.01,77857.67,1776842936000
1776842938.792,238.792,0.49,0.5,0.5,0.51,0.01,0.01,77858.05,1776842937000
1776842939.162,239.162,0.48,0.49,0.51,0.52,0.01,0.01,77865.64,1776842938000
1776842939.498,239.498,0.53,0.54,0.46,0.47,0.01,0.01,77865.64,1776842938000
1776842939.921,239.921,0.53,0.54,0.46,0.47,0.01,0.01,77865.64,1776842938000
1776842940.351,240.351,0.53,0.54,0.46,0.47,0.01,0.01,77865.64,1776842938000
1776842940.728,240.728,0.53,0.54,0.46,0.47,0.01,0.01,77866.61,1776842939000
1776842941.08,241.08,0.48,0.51,0.49,0.51,0.03,0.02,77866.61,1776842939000
1776842941.441,241.441,0.48,0.49,0.51,0.52,0.01,0.01,77866.57,1776842940000
1776842941.859,241.859,0.48,0.49,0.51,0.52,0.01,0.01,77866.57,1776842940000
1776842942.218,242.218,0.48,0.49,0.51,0.52,0.01,0.01,77866.57,1776842940000
1776842942.556,242.556,0.48,0.49,0.51,0.52,0.01,0.01,77866.57,1776842940000
1776842942.896,242.896,0.48,0.49,0.51,0.52,0.01,0.01,77871.55,1776842941000
1776842943.233,243.233,0.45,0.48,0.51,0.54,0.03,0.03,77871.55,1776842941000
1776842943.583,243.583,0.45,0.46,0.54,0.55,0.01,0.01,77867.62,1776842942000
1776842943.931,243.931,0.46,0.47,0.53,0.54,0.01,0.01,77867.62,1776842942000
1776842944.548,244.548,0.46,0.47,0.53,0.54,0.01,0.01,77867.62,1776842943000
1776842944.906,244.906,0.47,0.48,0.52,0.53,0.01,0.01,77867.62,1776842943000
1776842945.292,245.292,0.47,0.48,0.52,0.53,0.01,0.01,77867.62,1776842943000
1776842945.632,245.632,0.47,0.48,0.52,0.53,0.01,0.01,77867.62,1776842943000
1776842945.973,245.973,0.47,0.48,0.52,0.53,0.01,0.01,77867.79,1776842944000
1776842946.306,246.306,0.47,0.48,0.52,0.53,0.01,0.01,77867.79,1776842944000
1776842946.64,246.64,0.47,0.48,0.52,0.53,0.01,0.01,77867.8,1776842945000
1776842946.98,246.98,0.46,0.47,0.53,0.54,0.01,0.01,77867.8,1776842945000
1776842947.319,247.319,0.46,0.47,0.53,0.54,0.01,0.01,77867.8,1776842945000
1776842947.653,247.653,0.46,0.47,0.53,0.54,0.01,0.01,77867.8,1776842945000
1776842948.048,248.048,0.46,0.47,0.53,0.54,0.01,0.01,77867.84,1776842946000
1776842948.531,248.531,0.47,0.48,0.52,0.53,0.01,0.01,77867.86,1776842947000
1776842948.995,248.995,0.47,0.48,0.52,0.53,0.01,0.01,77867.86,1776842947000
1776842949.357,249.357,0.47,0.48,0.52,0.53,0.01,0.01,77867.92,1776842948000
1776842949.691,249.691,0.45,0.48,0.52,0.53,0.03,0.01,77867.92,1776842948000
1776842950.081,250.081,0.43,0.45,0.55,0.56,0.02,0.01,77867.92,1776842948000
1776842950.537,250.537,0.42,0.43,0.57,0.58,0.01,0.01,77867.7,1776842949000
1776842950.881,250.881,0.39,0.43,0.57,0.58,0.04,0.01,77867.7,1776842949000
1776842951.342,251.342,0.38,0.43,0.57,0.62,0.05,0.05,77869.43,1776842950000
1776842951.759,251.759,0.38,0.39,0.61,0.62,0.01,0.01,77869.43,1776842950000
1776842952.291,252.291,0.38,0.39,0.61,0.62,0.01,0.01,77869.43,1776842950000
1776842952.672,252.672,0.38,0.39,0.61,0.62,0.01,0.01,77867.41,1776842951000
1776842953.156,253.156,0.38,0.39,0.61,0.62,0.01,0.01,77867.41,1776842951000
1776842953.498,253.498,0.38,0.39,0.61,0.62,0.01,0.01,77867.09,1776842952000
1776842954.132,254.132,0.38,0.39,0.61,0.62,0.01,0.01,77867.09,1776842952000
1776842954.551,254.551,0.43,0.44,0.56,0.57,0.01,0.01,77867.09,1776842953000
1776842954.934,254.934,0.43,0.44,0.56,0.57,0.01,0.01,77867.09,1776842953000
1776842955.337,255.337,0.43,0.44,0.56,0.57,0.01,0.01,77867.54,1776842954000
1776842955.75,255.75,0.51,0.52,0.48,0.57,0.01,0.09,77867.54,1776842954000
1776842956.098,256.098,0.51,0.52,0.48,0.49,0.01,0.01,77867.54,1776842954000
1776842956.642,256.642,0.49,0.5,0.5,0.51,0.01,0.01,77867.21,1776842955000
1776842957.172,257.172,0.49,0.5,0.5,0.51,0.01,0.01,77867.21,1776842955000
1776842957.541,257.541,0.49,0.5,0.5,0.51,0.01,0.01,77867.39,1776842956000
1776842958.024,258.024,0.49,0.5,0.5,0.51,0.01,0.01,77867.39,1776842956000
1776842958.505,258.505,0.49,0.5,0.5,0.51,0.01,0.01,77868.61,1776842957000
1776842958.92,258.92,0.44,0.47,0.53,0.54,0.03,0.01,77868.61,1776842957000
1776842959.633,259.633,0.43,0.44,0.55,0.57,0.01,0.02,77868.61,1776842958000
1776842960.203,260.203,0.43,0.44,0.56,0.57,0.01,0.01,77868.61,1776842958000
1776842960.655,260.655,0.43,0.44,0.56,0.57,0.01,0.01,77868.62,1776842959000
1776842961.354,261.354,0.43,0.44,0.56,0.57,0.01,0.01,77868.62,1776842959000
1776842961.863,261.863,0.43,0.44,0.56,0.57,0.01,0.01,77868.61,1776842960000
1776842962.272,262.272,0.43,0.44,0.56,0.59,0.01,0.03,77868.61,1776842961000
1776842962.687,262.687,0.41,0.42,0.58,0.59,0.01,0.01,77868.61,1776842961000
1776842963.101,263.101,0.41,0.42,0.58,0.59,0.01,0.01,77868.61,1776842961000
1776842963.809,263.809,0.4,0.41,0.58,0.62,0.01,0.04,77868.64,1776842962000
1776842964.188,264.188,0.36,0.41,0.59,0.6,0.05,0.01,77868.64,1776842962000
1776842964.607,264.607,0.36,0.38,0.61,0.62,0.02,0.01,77868.68,1776842963000
1776842965.023,265.023,0.35,0.36,0.64,0.65,0.01,0.01,77868.68,1776842963000
1776842965.547,265.547,0.35,0.36,0.64,0.65,0.01,0.01,77868.67,1776842964000
1776842966.011,266.011,0.34,0.35,0.64,0.65,0.01,0.01,77868.67,1776842964000
1776842966.444,266.444,0.33,0.34,0.65,0.67,0.01,0.02,77870.37,1776842965000
1776842966.901,266.901,0.32,0.33,0.66,0.68,0.01,0.02,77870.37,1776842965000
1776842967.237,267.237,0.31,0.33,0.67,0.69,0.02,0.02,77867.03,1776842966000
1776842967.706,267.706,0.31,0.32,0.68,0.69,0.01,0.01,77867.03,1776842966000
1776842968.074,268.074,0.3,0.31,0.69,0.7,0.01,0.01,77867.03,1776842966000
1776842968.477,268.477,0.29,0.3,0.69,0.7,0.01,0.01,77867.03,1776842966000
1776842968.972,268.972,0.29,0.3,0.7,0.71,0.01,0.01,77867.04,1776842967000
1776842969.422,269.422,0.29,0.3,0.7,0.71,0.01,0.01,77866.63,1776842968000
1776842969.803,269.803,0.29,0.3,0.7,0.71,0.01,0.01,77866.63,1776842968000
1776842970.426,270.426,0.29,0.3,0.7,0.71,0.01,0.01,77866.28,1776842969000
1776842970.869,270.869,0.28,0.29,0.71,0.72,0.01,0.01,77866.28,1776842970000
1776842971.306,271.306,0.27,0.29,0.71,0.72,0.02,0.01,77866.28,1776842970000
1776842971.663,271.663,0.22,0.23,0.76,0.77,0.01,0.01,77866.28,1776842970000
1776842972.004,272.004,0.2,0.21,0.79,0.8,0.01,0.01,77866.28,1776842971000
1776842972.365,272.365,0.5,0.51,0.49,0.5,0.01,0.01,77866.28,1776842971000
1776842972.819,272.819,0.53,0.54,0.46,0.47,0.01,0.01,77866.28,1776842971000
1776842973.155,273.155,0.52,0.65,0.47,0.48,0.13,0.01,77866.28,1776842971000
1776842973.506,273.506,0.64,0.65,0.35,0.36,0.01,0.01,77864.66,1776842972000
1776842973.844,273.844,0.56,0.65,0.43,0.44,0.09,0.01,77864.66,1776842972000
1776842974.183,274.183,0.63,0.64,0.37,0.4,0.01,0.03,77864.66,1776842972000
1776842974.516,274.516,0.64,0.65,0.35,0.36,0.01,0.01,77859.9,1776842973000
1776842974.85,274.85,0.64,0.65,0.35,0.36,0.01,0.01,77859.9,1776842973000
1776842975.215,275.215,0.64,0.65,0.35,0.36,0.01,0.01,77859.9,1776842973000
1776842975.556,275.556,0.64,0.65,0.35,0.36,0.01,0.01,77859.58,1776842974000
1776842975.893,275.893,0.64,0.65,0.35,0.36,0.01,0.01,77859.58,1776842974000
1776842976.232,276.232,0.53,0.54,0.46,0.47,0.01,0.01,77859.58,1776842974000
1776842976.569,276.569,0.53,0.54,0.46,0.47,0.01,0.01,77858.85,1776842975000
1776842976.936,276.936,0.52,0.53,0.47,0.48,0.01,0.01,77858.85,1776842975000
1776842977.275,277.275,0.52,0.53,0.47,0.48,0.01,0.01,77859.24,1776842976000
1776842977.732,277.732,0.52,0.53,0.47,0.48,0.01,0.01,77859.24,1776842976000
1776842978.134,278.134,0.6,0.61,0.39,0.4,0.01,0.01,77859.24,1776842976000
1776842978.598,278.598,0.61,0.62,0.38,0.39,0.01,0.01,77858.03,1776842977000
1776842978.939,278.939,0.61,0.62,0.38,0.4,0.01,0.02,77858.03,1776842977000
1776842979.379,279.379,0.6,0.61,0.39,0.4,0.01,0.01,77858.35,1776842978000
1776842979.733,279.733,0.6,0.61,0.39,0.4,0.01,0.01,77858.35,1776842978000
1776842980.085,280.085,0.6,0.61,0.39,0.4,0.01,0.01,77858.78,1776842979000
1776842980.434,280.434,0.61,0.62,0.38,0.39,0.01,0.01,77858.78,1776842979000
1776842980.801,280.801,0.61,0.62,0.38,0.39,0.01,0.01,77858.78,1776842979000
1776842981.148,281.148,0.69,0.7,0.3,0.31,0.01,0.01,77858.46,1776842980000
1776842981.487,281.487,0.63,0.64,0.3,0.31,0.01,0.01,77858.46,1776842980000
1776842981.868,281.868,0.65,0.66,0.34,0.35,0.01,0.01,77858.46,1776842980000
1776842982.209,282.209,0.65,0.66,0.34,0.35,0.01,0.01,77855.94,1776842981000
1776842982.614,282.614,0.66,0.67,0.33,0.34,0.01,0.01,77855.94,1776842981000
1776842982.957,282.957,0.66,0.67,0.33,0.34,0.01,0.01,77855.94,1776842981000
1776842983.353,283.353,0.66,0.67,0.33,0.34,0.01,0.01,77855.94,1776842981000
1776842983.741,283.741,0.64,0.65,0.33,0.4,0.01,0.07,77855.94,1776842981000
1776842984.125,284.125,0.63,0.64,0.36,0.37,0.01,0.01,77857.99,1776842982000
1776842984.766,284.766,0.58,0.59,0.39,0.4,0.01,0.01,77858.07,1776842983000
1776842985.127,285.127,0.58,0.59,0.41,0.42,0.01,0.01,77858.07,1776842983000
1776842985.616,285.616,0.58,0.59,0.41,0.42,0.01,0.01,77857.96,1776842984000
1776842986.047,286.047,0.57,0.58,0.42,0.43,0.01,0.01,77857.96,1776842984000
1776842986.381,286.381,0.57,0.58,0.42,0.43,0.01,0.01,77857.96,1776842984000
1776842986.772,286.772,0.57,0.58,0.42,0.43,0.01,0.01,77857.34,1776842985000
1776842987.125,287.125,0.57,0.58,0.42,0.43,0.01,0.01,77856.25,1776842986000
1776842987.53,287.53,0.59,0.6,0.4,0.41,0.01,0.01,77856.25,1776842986000
1776842987.879,287.879,0.6,0.61,0.39,0.41,0.01,0.02,77856.25,1776842986000
1776842988.385,288.385,0.6,0.61,0.39,0.4,0.01,0.01,77855.24,1776842987000
1776842988.769,288.769,0.6,0.62,0.39,0.4,0.02,0.01,77855.24,1776842987000
1776842989.313,289.313,0.6,0.61,0.39,0.4,0.01,0.01,77855.24,1776842987000
1776842989.718,289.718,0.55,0.57,0.43,0.45,0.02,0.02,77855.98,1776842988000
1776842990.346,290.346,0.54,0.55,0.45,0.46,0.01,0.01,77855.98,1776842989000
1776842990.717,290.717,0.64,0.66,0.33,0.35,0.02,0.02,77855.98,1776842989000
1776842991.155,291.155,0.64,0.65,0.35,0.36,0.01,0.01,77855.98,1776842989000
1776842991.55,291.55,0.29,0.3,0.68,0.72,0.01,0.04,77855.8,1776842990000
1776842991.93,291.93,0.22,0.23,0.71,0.79,0.01,0.08,77855.8,1776842990000
1776842992.273,292.273,0.2,0.22,0.78,0.8,0.02,0.02,77855.8,1776842990000
1776842992.619,292.619,0.21,0.22,0.78,0.79,0.01,0.01,77855.62,1776842991000
1776842992.976,292.976,0.2,0.21,0.79,0.8,0.01,0.01,77855.1,1776842992000
1776842993.327,293.327,0.19,0.2,0.8,0.81,0.01,0.01,77855.1,1776842992000
1776842993.702,293.702,0.24,0.3,0.68,0.75,0.06,0.07,77855.1,1776842992000
1776842994.092,294.092,0.18,0.19,0.81,0.82,0.01,0.01,77855.1,1776842992000
1776842994.425,294.425,0.18,0.2,0.81,0.82,0.02,0.01,77854.37,1776842993000
1776842994.763,294.763,0.17,0.18,0.8,0.83,0.01,0.03,77854.37,1776842993000
1776842995.121,295.121,0.17,0.18,0.82,0.83,0.01,0.01,77854.37,1776842993000
1776842995.455,295.455,0.17,0.18,0.82,0.83,0.01,0.01,77854.32,1776842994000
1776842995.821,295.821,0.11,0.12,0.87,0.89,0.01,0.02,77854.32,1776842994000
1776842996.184,296.184,0.15,0.16,0.83,0.85,0.01,0.02,77854.32,1776842994000
1776842996.524,296.524,0.16,0.18,0.82,0.84,0.02,0.02,77853.7,1776842995000
1776842996.938,296.938,0.39,0.4,0.6,0.61,0.01,0.01,77853.7,1776842995000
1776842997.272,297.272,0.61,0.82,0.23,0.39,0.21,0.16,77853.7,1776842995000
1776842997.605,297.605,0.8,0.81,0.19,0.2,0.01,0.01,77852.16,1776842996000
1776842997.939,297.939,0.84,0.85,0.15,0.16,0.01,0.01,77852.16,1776842996000
1776842998.272,298.272,0.78,0.85,0.15,0.22,0.07,0.07,77853.95,1776842997000
1776842998.609,298.609,0.81,0.85,0.15,0.19,0.04,0.04,77853.95,1776842997000
1776842998.943,298.943,0.9,0.92,0.08,0.11,0.02,0.03,77893.43,1776842998000
1776842999.277,299.277,0.94,0.95,0.05,0.06,0.01,0.01,77893.43,1776842998000
1776842999.675,299.675,0.99,0.99,0.01,0.01,0.0,0.0,77893.43,1776842998000
1776843000.233,300.233,0.6,0.99,0.01,0.01,0.39,0.0,77896.45,1776842999000
1776843000.604,300.604,0.75,0.99,0.01,0.27,0.24,0.26,77896.45,1776842999000
1776843000.966,300.966,0.99,0.99,0.01,0.01,0.0,0.0,77896.45,1776842999000
1776843001.506,301.506,0.99,0.99,0.01,0.01,0.0,0.0,77896.33,1776843000000
1776843002.168,302.168,0.99,0.99,0.01,0.01,0.0,0.0,77895.67,1776843001000

# RESULT,winner=Up,slug=btc-updown-5m-1776842700,ticks=694
