timestamp,elapsed_sec,up_bid,up_ask,down_bid,down_ask,up_spread,down_spread,btc_price,btc_oracle_ts
1776608400.515,0.515,0.55,0.56,0.44,0.45,0.01,0.01,75877.27,1776608398000
1776608401.254,1.254,0.53,0.54,0.46,0.47,0.01,0.01,75879.84,1776608399000
1776608401.749,1.749,0.53,0.54,0.46,0.47,0.01,0.01,75880.21,1776608400000
1776608402.504,2.504,0.53,0.54,0.46,0.47,0.01,0.01,75880.21,1776608401000
1776608402.848,2.848,0.5,0.53,0.47,0.5,0.03,0.03,75880.21,1776608401000
1776608403.446,3.446,0.5,0.53,0.47,0.5,0.03,0.03,75884.45,1776608402000
1776608403.84,3.84,0.51,0.53,0.47,0.49,0.02,0.02,75884.45,1776608402000
1776608404.422,4.422,0.51,0.53,0.47,0.49,0.02,0.02,75880.94,1776608403000
1776608404.764,4.764,0.52,0.53,0.47,0.48,0.01,0.01,75880.94,1776608403000
1776608405.217,5.217,0.52,0.53,0.47,0.48,0.01,0.01,75880.94,1776608403000
1776608406.055,6.055,0.52,0.53,0.47,0.48,0.01,0.01,75884.63,1776608405000
1776608406.405,6.405,0.51,0.53,0.47,0.48,0.02,0.01,75884.63,1776608405000
1776608406.809,6.809,0.45,0.46,0.54,0.55,0.01,0.01,75884.63,1776608405000
1776608407.233,7.233,0.44,0.45,0.55,0.56,0.01,0.01,75884.63,1776608405000
1776608407.579,7.579,0.43,0.44,0.55,0.57,0.01,0.02,75884.63,1776608405000
1776608407.993,7.993,0.43,0.44,0.56,0.57,0.01,0.01,75884.42,1776608406000
1776608408.347,8.347,0.43,0.44,0.56,0.57,0.01,0.01,75884.42,1776608406000
1776608408.801,8.801,0.43,0.44,0.56,0.57,0.01,0.01,75875.52,1776608407000
1776608409.188,9.188,0.43,0.44,0.56,0.57,0.01,0.01,75875.52,1776608407000
1776608409.546,9.546,0.43,0.44,0.56,0.57,0.01,0.01,75870,1776608408000
1776608409.946,9.946,0.43,0.44,0.56,0.57,0.01,0.01,75870,1776608408000
1776608410.307,10.307,0.43,0.44,0.56,0.57,0.01,0.01,75870,1776608408000
1776608410.925,10.925,0.43,0.44,0.56,0.57,0.01,0.01,75868.91,1776608409000
1776608411.308,11.308,0.43,0.44,0.56,0.57,0.01,0.01,75867.75,1776608410000
1776608412.197,12.197,0.43,0.44,0.56,0.57,0.01,0.01,75865.57,1776608411000
1776608412.622,12.622,0.41,0.42,0.56,0.59,0.01,0.03,75865.57,1776608411000
1776608413.066,13.066,0.41,0.42,0.58,0.59,0.01,0.01,75865.57,1776608411000
1776608413.434,13.434,0.41,0.42,0.58,0.59,0.01,0.01,75865.63,1776608412000
1776608413.922,13.922,0.41,0.42,0.58,0.59,0.01,0.01,75865.63,1776608412000
1776608414.344,14.344,0.41,0.42,0.58,0.59,0.01,0.01,75865.63,1776608413000
1776608414.719,14.719,0.41,0.42,0.58,0.59,0.01,0.01,75865.63,1776608413000
1776608415.087,15.087,0.41,0.42,0.58,0.59,0.01,0.01,75864.96,1776608414000
1776608415.421,15.421,0.41,0.42,0.58,0.59,0.01,0.01,75864.96,1776608414000
1776608415.759,15.759,0.41,0.42,0.58,0.59,0.01,0.01,75864.96,1776608414000
1776608416.168,16.168,0.41,0.42,0.58,0.59,0.01,0.01,75864.58,1776608415000
1776608416.655,16.655,0.41,0.42,0.58,0.59,0.01,0.01,75864.58,1776608415000
1776608417.099,17.099,0.41,0.42,0.58,0.59,0.01,0.01,75865.94,1776608416000
1776608417.94,17.94,0.41,0.42,0.58,0.59,0.01,0.01,75865.94,1776608416000
1776608418.749,18.749,0.41,0.42,0.58,0.59,0.01,0.01,75866.95,1776608417000
1776608419.136,19.136,0.41,0.42,0.58,0.59,0.01,0.01,75867.24,1776608418000
1776608419.548,19.548,0.41,0.42,0.58,0.59,0.01,0.01,75867.24,1776608418000
1776608419.912,19.912,0.41,0.42,0.58,0.59,0.01,0.01,75867.24,1776608418000
1776608420.547,20.547,0.41,0.42,0.58,0.59,0.01,0.01,75867.24,1776608418000
1776608420.931,20.931,0.41,0.42,0.58,0.59,0.01,0.01,75867.37,1776608419000
1776608421.358,21.358,0.42,0.43,0.57,0.59,0.01,0.02,75867.96,1776608420000
1776608421.702,21.702,0.42,0.44,0.56,0.58,0.02,0.02,75867.96,1776608420000
1776608422.086,22.086,0.43,0.44,0.56,0.57,0.01,0.01,75869.34,1776608421000
1776608422.419,22.419,0.43,0.44,0.56,0.57,0.01,0.01,75869.34,1776608421000
1776608422.812,22.812,0.44,0.45,0.55,0.57,0.01,0.02,75869.34,1776608421000
1776608423.386,23.386,0.44,0.45,0.55,0.56,0.01,0.01,75868.36,1776608422000
1776608423.744,23.744,0.45,0.46,0.54,0.55,0.01,0.01,75868.36,1776608422000
1776608424.096,24.096,0.45,0.46,0.54,0.55,0.01,0.01,75868.7,1776608423000
1776608424.599,24.599,0.45,0.46,0.54,0.55,0.01,0.01,75868.7,1776608423000
1776608425.15,25.15,0.46,0.47,0.53,0.54,0.01,0.01,75871.44,1776608424000
1776608425.618,25.618,0.47,0.48,0.53,0.54,0.01,0.01,75871.44,1776608424000
1776608426.081,26.081,0.47,0.48,0.52,0.53,0.01,0.01,75871.44,1776608424000
1776608426.423,26.423,0.47,0.48,0.52,0.53,0.01,0.01,75877.24,1776608425000
1776608426.814,26.814,0.47,0.48,0.52,0.53,0.01,0.01,75877.24,1776608425000
1776608428.145,28.145,0.47,0.48,0.52,0.53,0.01,0.01,75878.41,1776608427000
1776608428.494,28.494,0.47,0.48,0.52,0.53,0.01,0.01,75878.41,1776608427000
1776608428.839,28.839,0.47,0.48,0.52,0.53,0.01,0.01,75878.41,1776608427000
1776608429.193,29.193,0.46,0.47,0.52,0.54,0.01,0.02,75878.41,1776608427000
1776608429.541,29.541,0.45,0.47,0.53,0.55,0.02,0.02,75878.01,1776608428000
1776608429.916,29.916,0.45,0.46,0.54,0.55,0.01,0.01,75878.01,1776608428000
1776608430.25,30.25,0.45,0.46,0.54,0.55,0.01,0.01,75877.79,1776608429000
1776608430.597,30.597,0.44,0.45,0.54,0.56,0.01,0.02,75877.79,1776608429000
1776608430.95,30.95,0.44,0.45,0.55,0.56,0.01,0.01,75877.79,1776608429000
1776608431.654,31.654,0.44,0.45,0.55,0.56,0.01,0.01,75874.59,1776608430000
1776608431.989,31.989,0.44,0.45,0.55,0.56,0.01,0.01,75874.59,1776608430000
1776608432.369,32.369,0.44,0.45,0.55,0.56,0.01,0.01,75870.05,1776608431000
1776608432.742,32.742,0.44,0.45,0.55,0.56,0.01,0.01,75870.05,1776608431000
1776608433.107,33.107,0.43,0.44,0.56,0.57,0.01,0.01,75870.05,1776608431000
1776608433.57,33.57,0.43,0.44,0.56,0.57,0.01,0.01,75869.33,1776608432000
1776608434.003,34.003,0.43,0.44,0.56,0.57,0.01,0.01,75869.33,1776608432000
1776608434.742,34.742,0.43,0.44,0.56,0.57,0.01,0.01,75869.33,1776608432000
1776608435.304,35.304,0.43,0.44,0.56,0.57,0.01,0.01,75868.7,1776608433000
1776608435.688,35.688,0.43,0.44,0.56,0.57,0.01,0.01,75868.65,1776608434000
1776608436.078,36.078,0.43,0.44,0.56,0.57,0.01,0.01,75868.7,1776608435000
1776608436.456,36.456,0.43,0.44,0.56,0.57,0.01,0.01,75868.7,1776608435000
1776608436.991,36.991,0.43,0.44,0.56,0.57,0.01,0.01,75867.53,1776608436000
1776608437.592,37.592,0.43,0.44,0.56,0.57,0.01,0.01,75867.53,1776608436000
1776608438.082,38.082,0.43,0.44,0.56,0.57,0.01,0.01,75868.82,1776608437000
1776608438.868,38.868,0.43,0.44,0.56,0.57,0.01,0.01,75868.82,1776608437000
1776608439.274,39.274,0.43,0.44,0.56,0.57,0.01,0.01,75868.71,1776608438000
1776608439.61,39.61,0.4,0.41,0.59,0.6,0.01,0.01,75868.71,1776608438000
1776608439.947,39.947,0.35,0.37,0.63,0.65,0.02,0.02,75868.71,1776608438000
1776608440.289,40.289,0.36,0.37,0.63,0.64,0.01,0.01,75869.06,1776608439000
1776608440.654,40.654,0.36,0.37,0.63,0.64,0.01,0.01,75869.06,1776608439000
1776608441.131,41.131,0.36,0.37,0.63,0.64,0.01,0.01,75869.06,1776608439000
1776608441.521,41.521,0.35,0.36,0.64,0.66,0.01,0.02,75861.25,1776608440000
1776608441.893,41.893,0.34,0.35,0.64,0.66,0.01,0.02,75861.25,1776608440000
1776608442.23,42.23,0.34,0.35,0.65,0.66,0.01,0.01,75860.4,1776608441000
1776608442.691,42.691,0.34,0.35,0.65,0.66,0.01,0.01,75860.4,1776608441000
1776608443.044,43.044,0.34,0.35,0.65,0.66,0.01,0.01,75860.4,1776608441000
1776608443.41,43.41,0.34,0.35,0.65,0.66,0.01,0.01,75854.12,1776608442000
1776608443.796,43.796,0.34,0.35,0.65,0.66,0.01,0.01,75854.12,1776608442000
1776608444.149,44.149,0.34,0.35,0.65,0.66,0.01,0.01,75854.12,1776608442000
1776608444.669,44.669,0.33,0.34,0.65,0.67,0.01,0.02,75853.99,1776608443000
1776608445.15,45.15,0.33,0.34,0.66,0.67,0.01,0.01,75853.99,1776608443000
1776608445.511,45.511,0.33,0.34,0.66,0.67,0.01,0.01,75853.99,1776608443000
1776608445.869,45.869,0.32,0.33,0.67,0.68,0.01,0.01,75853.98,1776608444000
1776608446.214,46.214,0.32,0.33,0.67,0.68,0.01,0.01,75853.98,1776608444000
1776608446.593,46.593,0.32,0.33,0.67,0.68,0.01,0.01,75850.76,1776608445000
1776608446.979,46.979,0.32,0.33,0.67,0.68,0.01,0.01,75849.01,1776608446000
1776608447.318,47.318,0.31,0.32,0.68,0.69,0.01,0.01,75849.01,1776608446000
1776608447.79,47.79,0.31,0.32,0.68,0.69,0.01,0.01,75849.01,1776608446000
1776608448.139,48.139,0.31,0.32,0.68,0.69,0.01,0.01,75849.01,1776608446000
1776608448.538,48.538,0.31,0.32,0.68,0.69,0.01,0.01,75849.01,1776608446000
1776608448.934,48.934,0.31,0.32,0.68,0.69,0.01,0.01,75845.38,1776608447000
1776608449.275,49.275,0.3,0.32,0.68,0.7,0.02,0.02,75843.47,1776608448000
1776608449.701,49.701,0.28,0.3,0.69,0.71,0.02,0.02,75843.47,1776608448000
1776608450.065,50.065,0.28,0.29,0.71,0.72,0.01,0.01,75846.63,1776608449000
1776608450.537,50.537,0.28,0.29,0.71,0.72,0.01,0.01,75846.63,1776608449000
1776608451.084,51.084,0.28,0.29,0.71,0.72,0.01,0.01,75842.64,1776608450000
1776608451.516,51.516,0.27,0.28,0.72,0.74,0.01,0.02,75842.64,1776608450000
1776608451.903,51.903,0.25,0.26,0.72,0.75,0.01,0.03,75842.64,1776608450000
1776608452.25,52.25,0.25,0.26,0.74,0.75,0.01,0.01,75837.77,1776608451000
1776608452.587,52.587,0.25,0.26,0.74,0.75,0.01,0.01,75837.77,1776608451000
1776608452.93,52.93,0.25,0.26,0.74,0.75,0.01,0.01,75837.77,1776608451000
1776608453.343,53.343,0.25,0.26,0.74,0.75,0.01,0.01,75838.22,1776608452000
1776608453.737,53.737,0.25,0.26,0.74,0.75,0.01,0.01,75838.22,1776608452000
1776608454.105,54.105,0.25,0.26,0.74,0.75,0.01,0.01,75835.28,1776608453000
1776608454.487,54.487,0.25,0.26,0.74,0.75,0.01,0.01,75835.28,1776608453000
1776608454.893,54.893,0.25,0.27,0.74,0.75,0.02,0.01,75835.28,1776608453000
1776608455.267,55.267,0.26,0.27,0.73,0.74,0.01,0.01,75839.96,1776608454000
1776608455.66,55.66,0.26,0.27,0.73,0.74,0.01,0.01,75839.96,1776608454000
1776608456.01,56.01,0.26,0.27,0.73,0.74,0.01,0.01,75841.48,1776608455000
1776608456.659,56.659,0.26,0.28,0.73,0.74,0.02,0.01,75841.48,1776608455000
1776608457.069,57.069,0.27,0.28,0.72,0.74,0.01,0.02,75840.97,1776608456000
1776608457.455,57.455,0.27,0.28,0.72,0.73,0.01,0.01,75840.97,1776608456000
1776608457.852,57.852,0.27,0.28,0.72,0.73,0.01,0.01,75840.97,1776608456000
1776608458.347,58.347,0.27,0.28,0.72,0.73,0.01,0.01,75842.37,1776608457000
1776608458.822,58.822,0.27,0.28,0.72,0.73,0.01,0.01,75842.37,1776608457000
1776608459.171,59.171,0.28,0.29,0.71,0.72,0.01,0.01,75842.46,1776608458000
1776608459.875,59.875,0.28,0.29,0.71,0.72,0.01,0.01,75842.46,1776608458000
1776608460.274,60.274,0.28,0.29,0.71,0.72,0.01,0.01,75842.32,1776608459000
1776608460.662,60.662,0.28,0.29,0.71,0.72,0.01,0.01,75842.32,1776608459000
1776608461.041,61.041,0.28,0.29,0.71,0.72,0.01,0.01,75842.32,1776608459000
1776608461.429,61.429,0.28,0.29,0.71,0.72,0.01,0.01,75842.32,1776608459000
1776608461.872,61.872,0.28,0.29,0.71,0.72,0.01,0.01,75842.32,1776608459000
1776608462.248,62.248,0.28,0.29,0.71,0.72,0.01,0.01,75842.64,1776608460000
1776608462.656,62.656,0.28,0.29,0.71,0.72,0.01,0.01,75842.67,1776608461000
1776608463.106,63.106,0.28,0.29,0.71,0.72,0.01,0.01,75842.74,1776608462000
1776608463.505,63.505,0.28,0.29,0.71,0.72,0.01,0.01,75842.74,1776608462000
1776608463.841,63.841,0.31,0.33,0.67,0.68,0.02,0.01,75842.74,1776608462000
1776608464.187,64.187,0.33,0.34,0.66,0.67,0.01,0.01,75842.74,1776608462000
1776608464.563,64.563,0.33,0.34,0.66,0.67,0.01,0.01,75842.74,1776608462000
1776608464.914,64.914,0.35,0.36,0.64,0.66,0.01,0.02,75842.74,1776608462000
1776608465.511,65.511,0.35,0.36,0.64,0.65,0.01,0.01,75842.74,1776608462000
1776608466.152,66.152,0.35,0.36,0.64,0.65,0.01,0.01,75842.91,1776608464000
1776608466.582,66.582,0.36,0.37,0.63,0.64,0.01,0.01,75849.27,1776608465000
1776608466.976,66.976,0.37,0.38,0.62,0.63,0.01,0.01,75849.27,1776608465000
1776608467.314,67.314,0.37,0.38,0.62,0.63,0.01,0.01,75852.13,1776608466000
1776608467.696,67.696,0.37,0.38,0.62,0.63,0.01,0.01,75852.13,1776608466000
1776608468.034,68.034,0.37,0.4,0.62,0.63,0.03,0.01,75855.8,1776608467000
1776608468.407,68.407,0.4,0.42,0.58,0.6,0.02,0.02,75855.8,1776608467000
1776608468.741,68.741,0.4,0.41,0.59,0.6,0.01,0.01,75855.8,1776608467000
1776608469.087,69.087,0.42,0.43,0.57,0.58,0.01,0.01,75858.39,1776608468000
1776608469.495,69.495,0.42,0.43,0.57,0.58,0.01,0.01,75858.39,1776608468000
1776608469.992,69.992,0.42,0.43,0.57,0.58,0.01,0.01,75858.39,1776608468000
1776608470.385,70.385,0.42,0.43,0.57,0.58,0.01,0.01,75860.67,1776608469000
1776608470.923,70.923,0.42,0.43,0.57,0.58,0.01,0.01,75860.67,1776608469000
1776608471.406,71.406,0.42,0.43,0.57,0.58,0.01,0.01,75860.67,1776608469000
1776608471.936,71.936,0.42,0.43,0.57,0.58,0.01,0.01,75859.16,1776608470000
1776608472.342,72.342,0.42,0.43,0.57,0.58,0.01,0.01,75859.78,1776608471000
1776608472.675,72.675,0.48,0.49,0.51,0.55,0.01,0.04,75859.78,1776608471000
1776608473.064,73.064,0.52,0.57,0.43,0.48,0.05,0.05,75859.78,1776608471000
1776608473.418,73.418,0.58,0.59,0.41,0.44,0.01,0.03,75864.27,1776608472000
1776608473.772,73.772,0.56,0.57,0.43,0.44,0.01,0.01,75864.27,1776608472000
1776608474.114,74.114,0.57,0.58,0.42,0.44,0.01,0.02,75864.27,1776608472000
1776608474.47,74.47,0.57,0.58,0.42,0.43,0.01,0.01,75868.97,1776608473000
1776608474.806,74.806,0.57,0.58,0.42,0.43,0.01,0.01,75868.97,1776608473000
1776608475.189,75.189,0.57,0.58,0.42,0.43,0.01,0.01,75886.48,1776608474000
1776608475.625,75.625,0.57,0.58,0.42,0.43,0.01,0.01,75886.48,1776608474000
1776608476.111,76.111,0.57,0.58,0.42,0.43,0.01,0.01,75886.48,1776608474000
1776608476.455,76.455,0.59,0.6,0.4,0.41,0.01,0.01,75892.57,1776608475000
1776608476.797,76.797,0.64,0.66,0.34,0.36,0.02,0.02,75892.57,1776608475000
1776608477.137,77.137,0.65,0.67,0.33,0.35,0.02,0.02,75892.57,1776608475000
1776608477.472,77.472,0.66,0.67,0.33,0.34,0.01,0.01,75892.26,1776608476000
1776608477.834,77.834,0.66,0.67,0.33,0.34,0.01,0.01,75892.26,1776608476000
1776608478.261,78.261,0.66,0.67,0.33,0.34,0.01,0.01,75892.26,1776608476000
1776608478.762,78.762,0.66,0.67,0.33,0.34,0.01,0.01,75903.23,1776608477000
1776608479.095,79.095,0.66,0.68,0.32,0.34,0.02,0.02,75904.69,1776608478000
1776608479.463,79.463,0.66,0.67,0.33,0.34,0.01,0.01,75904.69,1776608478000
1776608479.846,79.846,0.67,0.68,0.32,0.33,0.01,0.01,75904.69,1776608478000
1776608480.207,80.207,0.67,0.68,0.32,0.33,0.01,0.01,75904.69,1776608478000
1776608480.691,80.691,0.67,0.68,0.32,0.33,0.01,0.01,75905.33,1776608479000
1776608481.113,81.113,0.67,0.68,0.32,0.33,0.01,0.01,75905.33,1776608479000
1776608481.501,81.501,0.67,0.68,0.32,0.33,0.01,0.01,75911.36,1776608480000
1776608481.909,81.909,0.67,0.68,0.32,0.33,0.01,0.01,75911.36,1776608480000
1776608482.326,82.326,0.67,0.68,0.32,0.33,0.01,0.01,75912.54,1776608481000
1776608482.704,82.704,0.67,0.68,0.32,0.33,0.01,0.01,75912.54,1776608481000
1776608483.04,83.04,0.67,0.68,0.32,0.33,0.01,0.01,75912.54,1776608481000
1776608483.374,83.374,0.67,0.68,0.32,0.33,0.01,0.01,75913.37,1776608482000
1776608483.734,83.734,0.67,0.68,0.32,0.33,0.01,0.01,75913.37,1776608482000
1776608484.167,84.167,0.68,0.69,0.31,0.32,0.01,0.01,75913.37,1776608482000
1776608484.505,84.505,0.68,0.69,0.31,0.32,0.01,0.01,75913.38,1776608483000
1776608484.918,84.918,0.68,0.69,0.31,0.32,0.01,0.01,75913.38,1776608483000
1776608485.269,85.269,0.68,0.69,0.31,0.32,0.01,0.01,75913.89,1776608484000
1776608485.695,85.695,0.68,0.69,0.31,0.32,0.01,0.01,75913.89,1776608484000
1776608486.149,86.149,0.68,0.69,0.31,0.32,0.01,0.01,75913.89,1776608484000
1776608486.626,86.626,0.68,0.69,0.31,0.32,0.01,0.01,75914.21,1776608485000
1776608487.152,87.152,0.68,0.69,0.31,0.32,0.01,0.01,75914.21,1776608485000
1776608487.564,87.564,0.68,0.7,0.31,0.32,0.02,0.01,75914.2,1776608486000
1776608487.966,87.966,0.69,0.7,0.3,0.31,0.01,0.01,75914.2,1776608486000
1776608488.342,88.342,0.69,0.7,0.3,0.31,0.01,0.01,75914.29,1776608487000
1776608488.687,88.687,0.66,0.67,0.3,0.34,0.01,0.04,75914.29,1776608487000
1776608489.024,89.024,0.64,0.66,0.34,0.35,0.02,0.01,75914.63,1776608488000
1776608489.367,89.367,0.64,0.65,0.35,0.36,0.01,0.01,75914.63,1776608488000
1776608489.71,89.71,0.64,0.65,0.35,0.37,0.01,0.02,75914.63,1776608488000
1776608490.049,90.049,0.63,0.65,0.35,0.37,0.02,0.02,75914.63,1776608488000
1776608490.391,90.391,0.62,0.63,0.37,0.38,0.01,0.01,75909.87,1776608489000
1776608490.743,90.743,0.62,0.63,0.37,0.38,0.01,0.01,75909.87,1776608489000
1776608491.082,91.082,0.62,0.63,0.37,0.38,0.01,0.01,75909.87,1776608489000
1776608491.589,91.589,0.63,0.64,0.36,0.37,0.01,0.01,75902.07,1776608490000
1776608491.93,91.93,0.63,0.64,0.36,0.37,0.01,0.01,75902.07,1776608490000
1776608492.317,92.317,0.63,0.64,0.36,0.37,0.01,0.01,75900.12,1776608491000
1776608492.667,92.667,0.63,0.64,0.36,0.37,0.01,0.01,75900.12,1776608491000
1776608493.093,93.093,0.63,0.64,0.36,0.37,0.01,0.01,75900.12,1776608491000
1776608493.43,93.43,0.66,0.67,0.33,0.34,0.01,0.01,75899.95,1776608492000
1776608493.806,93.806,0.66,0.67,0.33,0.34,0.01,0.01,75899.95,1776608492000
1776608494.161,94.161,0.67,0.68,0.32,0.33,0.01,0.01,75900.25,1776608493000
1776608494.511,94.511,0.67,0.68,0.32,0.33,0.01,0.01,75900.25,1776608493000
1776608494.897,94.897,0.67,0.68,0.32,0.33,0.01,0.01,75900.25,1776608493000
1776608495.276,95.276,0.66,0.67,0.33,0.34,0.01,0.01,75900.25,1776608493000
1776608495.647,95.647,0.66,0.67,0.33,0.34,0.01,0.01,75903.94,1776608494000
1776608496.006,96.006,0.61,0.63,0.37,0.39,0.02,0.02,75903.94,1776608494000
1776608496.348,96.348,0.61,0.62,0.38,0.39,0.01,0.01,75906.19,1776608495000
1776608496.872,96.872,0.61,0.62,0.38,0.39,0.01,0.01,75906.19,1776608495000
1776608497.341,97.341,0.61,0.62,0.38,0.39,0.01,0.01,75906.19,1776608495000
1776608497.799,97.799,0.61,0.62,0.38,0.39,0.01,0.01,75900.41,1776608496000
1776608498.158,98.158,0.61,0.62,0.38,0.39,0.01,0.01,75900.41,1776608497000
1776608498.596,98.596,0.61,0.62,0.38,0.39,0.01,0.01,75900.41,1776608497000
1776608498.939,98.939,0.61,0.62,0.38,0.39,0.01,0.01,75900.41,1776608497000
1776608499.454,99.454,0.61,0.62,0.38,0.39,0.01,0.01,75900.41,1776608497000
1776608499.894,99.894,0.61,0.62,0.38,0.39,0.01,0.01,75897.41,1776608498000
1776608500.299,100.299,0.61,0.62,0.38,0.39,0.01,0.01,75897.01,1776608499000
1776608501.169,101.169,0.61,0.62,0.38,0.39,0.01,0.01,75896.82,1776608500000
1776608501.625,101.625,0.61,0.62,0.38,0.39,0.01,0.01,75896.82,1776608500000
1776608502.501,102.501,0.61,0.62,0.38,0.39,0.01,0.01,75898.48,1776608501000
1776608502.977,102.977,0.61,0.62,0.38,0.39,0.01,0.01,75898.48,1776608501000
1776608503.328,103.328,0.61,0.63,0.38,0.39,0.02,0.01,75898.48,1776608502000
1776608503.789,103.789,0.62,0.63,0.37,0.38,0.01,0.01,75898.48,1776608502000
1776608504.154,104.154,0.62,0.63,0.37,0.38,0.01,0.01,75898.48,1776608502000
1776608504.55,104.55,0.62,0.63,0.37,0.38,0.01,0.01,75894.67,1776608503000
1776608504.934,104.934,0.66,0.69,0.33,0.37,0.03,0.04,75894.67,1776608503000
1776608505.296,105.296,0.68,0.69,0.31,0.32,0.01,0.01,75894.67,1776608503000
1776608505.711,105.711,0.68,0.69,0.31,0.32,0.01,0.01,75900.11,1776608504000
1776608506.072,106.072,0.68,0.69,0.31,0.32,0.01,0.01,75904.32,1776608505000
1776608506.408,106.408,0.68,0.69,0.31,0.32,0.01,0.01,75904.32,1776608505000
1776608506.821,106.821,0.68,0.69,0.31,0.32,0.01,0.01,75904.32,1776608505000
1776608507.446,107.446,0.68,0.69,0.31,0.32,0.01,0.01,75904.32,1776608505000
1776608507.847,107.847,0.68,0.69,0.31,0.32,0.01,0.01,75907.4,1776608506000
1776608508.24,108.24,0.68,0.69,0.31,0.32,0.01,0.01,75908.12,1776608507000
1776608508.774,108.774,0.68,0.69,0.31,0.32,0.01,0.01,75908.12,1776608507000
1776608509.357,109.357,0.7,0.71,0.31,0.32,0.01,0.01,75908.12,1776608507000
1776608509.783,109.783,0.7,0.71,0.29,0.3,0.01,0.01,75908.38,1776608508000
1776608510.222,110.222,0.7,0.71,0.29,0.3,0.01,0.01,75905.94,1776608509000
1776608510.693,110.693,0.7,0.71,0.29,0.3,0.01,0.01,75905.94,1776608509000
1776608511.062,111.062,0.7,0.71,0.29,0.3,0.01,0.01,75905.94,1776608509000
1776608511.461,111.461,0.7,0.71,0.29,0.3,0.01,0.01,75911.21,1776608510000
1776608511.846,111.846,0.7,0.71,0.29,0.3,0.01,0.01,75911.21,1776608510000
1776608512.182,112.182,0.7,0.71,0.29,0.3,0.01,0.01,75911.21,1776608510000
1776608512.58,112.58,0.7,0.71,0.29,0.3,0.01,0.01,75907.95,1776608511000
1776608512.963,112.963,0.7,0.71,0.29,0.3,0.01,0.01,75908.19,1776608512000
1776608513.306,113.306,0.7,0.71,0.29,0.3,0.01,0.01,75908.19,1776608512000
1776608513.857,113.857,0.62,0.63,0.37,0.38,0.01,0.01,75908.19,1776608512000
1776608514.244,114.244,0.62,0.63,0.37,0.38,0.01,0.01,75908.19,1776608512000
1776608514.785,114.785,0.62,0.63,0.37,0.38,0.01,0.01,75908.11,1776608513000
1776608515.143,115.143,0.62,0.63,0.37,0.38,0.01,0.01,75908.11,1776608513000
1776608515.506,115.506,0.62,0.63,0.37,0.38,0.01,0.01,75901.66,1776608514000
1776608515.982,115.982,0.62,0.63,0.37,0.38,0.01,0.01,75901.66,1776608514000
1776608516.391,116.391,0.62,0.63,0.37,0.38,0.01,0.01,75901.66,1776608514000
1776608516.842,116.842,0.62,0.63,0.37,0.38,0.01,0.01,75902.79,1776608515000
1776608517.355,117.355,0.62,0.63,0.37,0.38,0.01,0.01,75902.79,1776608516000
1776608517.817,117.817,0.62,0.63,0.37,0.38,0.01,0.01,75902.79,1776608516000
1776608518.15,118.15,0.61,0.63,0.37,0.38,0.02,0.01,75902.79,1776608516000
1776608518.547,118.547,0.61,0.62,0.38,0.39,0.01,0.01,75900.64,1776608517000
1776608519.007,119.007,0.61,0.62,0.38,0.39,0.01,0.01,75900.64,1776608517000
1776608519.515,119.515,0.61,0.62,0.38,0.39,0.01,0.01,75898.7,1776608518000
1776608519.872,119.872,0.61,0.62,0.38,0.39,0.01,0.01,75898.7,1776608518000
1776608520.209,120.209,0.6,0.61,0.39,0.4,0.01,0.01,75898.5,1776608519000
1776608520.659,120.659,0.6,0.61,0.39,0.4,0.01,0.01,75898.5,1776608519000
1776608521.099,121.099,0.6,0.61,0.39,0.4,0.01,0.01,75898.5,1776608519000
1776608521.506,121.506,0.6,0.61,0.39,0.4,0.01,0.01,75898.12,1776608520000
1776608521.956,121.956,0.6,0.61,0.39,0.4,0.01,0.01,75898.12,1776608520000
1776608522.37,122.37,0.6,0.61,0.39,0.4,0.01,0.01,75894.71,1776608521000
1776608522.705,122.705,0.6,0.61,0.39,0.4,0.01,0.01,75894.71,1776608521000
1776608523.065,123.065,0.6,0.61,0.39,0.4,0.01,0.01,75894.71,1776608521000
1776608523.515,123.515,0.6,0.61,0.39,0.4,0.01,0.01,75894.71,1776608521000
1776608523.878,123.878,0.6,0.61,0.39,0.4,0.01,0.01,75891.69,1776608522000
1776608524.393,124.393,0.6,0.61,0.39,0.4,0.01,0.01,75891.69,1776608523000
1776608524.886,124.886,0.6,0.61,0.39,0.4,0.01,0.01,75891.69,1776608523000
1776608525.262,125.262,0.6,0.61,0.39,0.4,0.01,0.01,75891.27,1776608524000
1776608525.601,125.601,0.49,0.54,0.46,0.51,0.05,0.05,75891.27,1776608524000
1776608525.989,125.989,0.52,0.53,0.47,0.48,0.01,0.01,75891.27,1776608524000
1776608526.329,126.329,0.52,0.53,0.47,0.48,0.01,0.01,75891.27,1776608524000
1776608526.669,126.669,0.52,0.53,0.47,0.48,0.01,0.01,75889.62,1776608525000
1776608527.055,127.055,0.52,0.53,0.47,0.48,0.01,0.01,75889.62,1776608525000
1776608527.401,127.401,0.52,0.53,0.47,0.48,0.01,0.01,75885.91,1776608526000
1776608527.737,127.737,0.55,0.56,0.44,0.45,0.01,0.01,75885.91,1776608526000
1776608528.095,128.095,0.55,0.56,0.44,0.45,0.01,0.01,75885.91,1776608526000
1776608528.435,128.435,0.55,0.56,0.44,0.45,0.01,0.01,75884.98,1776608527000
1776608528.831,128.831,0.55,0.56,0.44,0.45,0.01,0.01,75884.98,1776608527000
1776608529.364,129.364,0.55,0.56,0.44,0.45,0.01,0.01,75882.35,1776608528000
1776608530.049,130.049,0.55,0.56,0.44,0.45,0.01,0.01,75882.35,1776608528000
1776608530.453,130.453,0.55,0.57,0.43,0.45,0.02,0.02,75882.62,1776608529000
1776608531.028,131.028,0.56,0.57,0.43,0.47,0.01,0.04,75882.62,1776608529000
1776608531.427,131.427,0.56,0.57,0.43,0.44,0.01,0.01,75883.61,1776608530000
1776608531.801,131.801,0.56,0.57,0.43,0.44,0.01,0.01,75883.61,1776608530000
1776608532.167,132.167,0.55,0.56,0.44,0.45,0.01,0.01,75883.61,1776608530000
1776608532.554,132.554,0.55,0.56,0.44,0.45,0.01,0.01,75885.49,1776608531000
1776608532.908,132.908,0.55,0.56,0.44,0.45,0.01,0.01,75885.49,1776608532000
1776608533.241,133.241,0.57,0.59,0.39,0.43,0.02,0.04,75885.49,1776608532000
1776608533.95,133.95,0.59,0.6,0.41,0.42,0.01,0.01,75885.49,1776608532000
1776608534.347,134.347,0.61,0.62,0.38,0.39,0.01,0.01,75885.5,1776608533000
1776608534.871,134.871,0.62,0.63,0.37,0.39,0.01,0.02,75885.5,1776608533000
1776608535.22,135.22,0.62,0.63,0.37,0.38,0.01,0.01,75889.36,1776608534000
1776608535.575,135.575,0.62,0.63,0.37,0.38,0.01,0.01,75889.36,1776608534000
1776608535.972,135.972,0.62,0.63,0.37,0.38,0.01,0.01,75889.36,1776608534000
1776608536.353,136.353,0.62,0.63,0.37,0.38,0.01,0.01,75889.36,1776608534000
1776608536.743,136.743,0.62,0.63,0.37,0.38,0.01,0.01,75892.94,1776608535000
1776608537.263,137.263,0.62,0.63,0.37,0.38,0.01,0.01,75892.93,1776608536000
1776608537.65,137.65,0.62,0.63,0.37,0.38,0.01,0.01,75892.93,1776608536000
1776608538.034,138.034,0.62,0.63,0.37,0.38,0.01,0.01,75895.61,1776608537000
1776608538.397,138.397,0.62,0.64,0.36,0.38,0.02,0.02,75895.61,1776608537000
1776608538.739,138.739,0.69,0.7,0.3,0.34,0.01,0.04,75895.61,1776608537000
1776608539.086,139.086,0.69,0.7,0.3,0.31,0.01,0.01,75895.61,1776608537000
1776608539.447,139.447,0.69,0.7,0.3,0.31,0.01,0.01,75891.28,1776608538000
1776608539.935,139.935,0.71,0.72,0.28,0.3,0.01,0.02,75891.28,1776608538000
1776608540.365,140.365,0.71,0.72,0.28,0.29,0.01,0.01,75902.72,1776608539000
1776608540.717,140.717,0.71,0.72,0.28,0.29,0.01,0.01,75902.72,1776608539000
1776608541.114,141.114,0.71,0.72,0.28,0.29,0.01,0.01,75905.89,1776608540000
1776608541.462,141.462,0.71,0.72,0.28,0.29,0.01,0.01,75905.89,1776608540000
1776608541.809,141.809,0.71,0.72,0.28,0.29,0.01,0.01,75905.89,1776608540000
1776608542.148,142.148,0.71,0.72,0.28,0.29,0.01,0.01,75905.89,1776608540000
1776608542.507,142.507,0.72,0.73,0.27,0.28,0.01,0.01,75910.37,1776608541000
1776608542.847,142.847,0.72,0.73,0.27,0.28,0.01,0.01,75910.37,1776608541000
1776608543.305,143.305,0.72,0.73,0.27,0.28,0.01,0.01,75915.3,1776608542000
1776608543.647,143.647,0.72,0.73,0.27,0.28,0.01,0.01,75915.3,1776608542000
1776608543.991,143.991,0.72,0.73,0.27,0.28,0.01,0.01,75915.3,1776608542000
1776608544.448,144.448,0.72,0.73,0.27,0.28,0.01,0.01,75909.27,1776608543000
1776608545.013,145.013,0.72,0.73,0.27,0.28,0.01,0.01,75909.31,1776608544000
1776608545.349,145.349,0.72,0.73,0.27,0.28,0.01,0.01,75909.31,1776608544000
1776608545.684,145.684,0.72,0.73,0.27,0.28,0.01,0.01,75909.31,1776608544000
1776608546.05,146.05,0.72,0.73,0.27,0.28,0.01,0.01,75909.3,1776608545000
1776608546.461,146.461,0.72,0.73,0.27,0.28,0.01,0.01,75909.3,1776608545000
1776608546.805,146.805,0.64,0.66,0.34,0.36,0.02,0.02,75909.3,1776608545000
1776608547.159,147.159,0.63,0.65,0.35,0.37,0.02,0.02,75915.2,1776608546000
1776608547.509,147.509,0.61,0.62,0.38,0.41,0.01,0.03,75915.2,1776608546000
1776608547.967,147.967,0.61,0.62,0.38,0.39,0.01,0.01,75915.2,1776608546000
1776608548.379,148.379,0.6,0.61,0.39,0.4,0.01,0.01,75908.8,1776608547000
1776608548.846,148.846,0.6,0.61,0.39,0.4,0.01,0.01,75908.8,1776608547000
1776608549.372,149.372,0.6,0.61,0.39,0.4,0.01,0.01,75896.19,1776608548000
1776608549.852,149.852,0.6,0.61,0.39,0.4,0.01,0.01,75896.19,1776608548000
1776608550.284,150.284,0.6,0.61,0.39,0.4,0.01,0.01,75896.12,1776608549000
1776608550.804,150.804,0.6,0.61,0.39,0.4,0.01,0.01,75896.12,1776608549000
1776608551.314,151.314,0.6,0.61,0.39,0.4,0.01,0.01,75893.18,1776608550000
1776608551.67,151.67,0.6,0.61,0.39,0.4,0.01,0.01,75893.18,1776608550000
1776608552.009,152.009,0.6,0.61,0.39,0.4,0.01,0.01,75893.17,1776608551000
1776608552.445,152.445,0.6,0.61,0.39,0.4,0.01,0.01,75893.17,1776608551000
1776608552.842,152.842,0.6,0.61,0.39,0.4,0.01,0.01,75893.13,1776608552000
1776608553.18,153.18,0.6,0.61,0.39,0.4,0.01,0.01,75893.13,1776608552000
1776608553.654,153.654,0.6,0.61,0.39,0.4,0.01,0.01,75893.13,1776608552000
1776608554.317,154.317,0.6,0.61,0.39,0.4,0.01,0.01,75893.13,1776608552000
1776608554.657,154.657,0.6,0.61,0.39,0.4,0.01,0.01,75893.13,1776608552000
1776608555.286,155.286,0.6,0.61,0.39,0.4,0.01,0.01,75894.47,1776608553000
1776608555.687,155.687,0.6,0.61,0.39,0.4,0.01,0.01,75894.77,1776608554000
1776608556.043,156.043,0.61,0.62,0.38,0.39,0.01,0.01,75894.77,1776608554000
1776608556.537,156.537,0.61,0.62,0.38,0.39,0.01,0.01,75894.59,1776608555000
1776608557.001,157.001,0.61,0.62,0.38,0.39,0.01,0.01,75894.55,1776608556000
1776608557.482,157.482,0.61,0.62,0.38,0.39,0.01,0.01,75894.55,1776608556000
1776608557.958,157.958,0.62,0.63,0.37,0.38,0.01,0.01,75894.55,1776608556000
1776608558.342,158.342,0.62,0.63,0.37,0.38,0.01,0.01,75896.42,1776608557000
1776608559.042,159.042,0.63,0.64,0.37,0.38,0.01,0.01,75896.42,1776608557000
1776608559.529,159.529,0.65,0.66,0.34,0.35,0.01,0.01,75898.23,1776608558000
1776608559.88,159.88,0.67,0.68,0.32,0.34,0.01,0.02,75898.23,1776608558000
1776608560.23,160.23,0.67,0.68,0.32,0.33,0.01,0.01,75897.62,1776608559000
1776608560.599,160.599,0.68,0.7,0.3,0.32,0.02,0.02,75897.62,1776608559000
1776608561.207,161.207,0.7,0.72,0.28,0.3,0.02,0.02,75901.84,1776608560000
1776608561.837,161.837,0.71,0.73,0.28,0.3,0.02,0.02,75901.84,1776608560000
1776608562.187,162.187,0.73,0.75,0.25,0.28,0.02,0.03,75901.84,1776608560000
1776608562.599,162.599,0.75,0.76,0.24,0.26,0.01,0.02,75905.36,1776608561000
1776608562.943,162.943,0.75,0.76,0.24,0.25,0.01,0.01,75905.36,1776608561000
1776608563.44,163.44,0.75,0.76,0.24,0.25,0.01,0.01,75907.29,1776608562000
1776608563.787,163.787,0.75,0.76,0.24,0.25,0.01,0.01,75907.29,1776608562000
1776608564.156,164.156,0.71,0.73,0.27,0.29,0.02,0.02,75907.29,1776608562000
1776608564.538,164.538,0.7,0.71,0.29,0.3,0.01,0.01,75907.29,1776608562000
1776608564.874,164.874,0.7,0.71,0.29,0.3,0.01,0.01,75912.99,1776608563000
1776608565.223,165.223,0.7,0.71,0.29,0.3,0.01,0.01,75912.87,1776608564000
1776608565.631,165.631,0.69,0.7,0.3,0.31,0.01,0.01,75912.87,1776608564000
1776608566.101,166.101,0.69,0.7,0.3,0.31,0.01,0.01,75905.71,1776608565000
1776608566.442,166.442,0.69,0.7,0.3,0.31,0.01,0.01,75905.71,1776608565000
1776608566.812,166.812,0.69,0.7,0.3,0.31,0.01,0.01,75905.71,1776608565000
1776608567.159,167.159,0.67,0.68,0.32,0.33,0.01,0.01,75905.71,1776608565000
1776608567.514,167.514,0.67,0.68,0.32,0.33,0.01,0.01,75906.32,1776608566000
1776608568.057,168.057,0.64,0.65,0.34,0.36,0.01,0.02,75906.32,1776608566000
1776608568.445,168.445,0.65,0.67,0.33,0.35,0.02,0.02,75904.76,1776608567000
1776608568.91,168.91,0.66,0.67,0.33,0.34,0.01,0.01,75904.76,1776608567000
1776608569.263,169.263,0.66,0.67,0.33,0.34,0.01,0.01,75902.51,1776608568000
1776608569.924,169.924,0.67,0.68,0.32,0.33,0.01,0.01,75902.51,1776608568000
1776608570.43,170.43,0.67,0.68,0.32,0.33,0.01,0.01,75900.82,1776608569000
1776608570.766,170.766,0.67,0.68,0.32,0.33,0.01,0.01,75900.82,1776608569000
1776608571.159,171.159,0.67,0.68,0.32,0.33,0.01,0.01,75900.82,1776608569000
1776608571.496,171.496,0.67,0.68,0.32,0.33,0.01,0.01,75900.82,1776608569000
1776608571.89,171.89,0.67,0.68,0.32,0.33,0.01,0.01,75900.82,1776608569000
1776608572.597,172.597,0.68,0.69,0.32,0.33,0.01,0.01,75901.69,1776608571000
1776608572.986,172.986,0.68,0.69,0.31,0.32,0.01,0.01,75901.69,1776608571000
1776608573.424,173.424,0.68,0.69,0.31,0.32,0.01,0.01,75901.69,1776608571000
1776608573.782,173.782,0.68,0.69,0.31,0.32,0.01,0.01,75901.64,1776608572000
1776608574.204,174.204,0.68,0.69,0.31,0.32,0.01,0.01,75901.66,1776608573000
1776608574.778,174.778,0.68,0.69,0.31,0.32,0.01,0.01,75901.66,1776608573000
1776608575.378,175.378,0.68,0.69,0.31,0.32,0.01,0.01,75901.66,1776608573000
1776608575.716,175.716,0.69,0.7,0.3,0.31,0.01,0.01,75901.66,1776608573000
1776608576.104,176.104,0.69,0.7,0.3,0.31,0.01,0.01,75903.47,1776608574000
1776608576.588,176.588,0.69,0.7,0.3,0.31,0.01,0.01,75901.73,1776608575000
1776608577.129,177.129,0.69,0.7,0.3,0.31,0.01,0.01,75901.73,1776608575000
1776608577.596,177.596,0.69,0.71,0.3,0.31,0.02,0.01,75901.73,1776608576000
1776608578.021,178.021,0.7,0.71,0.29,0.3,0.01,0.01,75901.73,1776608576000
1776608578.453,178.453,0.7,0.71,0.29,0.3,0.01,0.01,75901.73,1776608576000
1776608578.83,178.83,0.7,0.71,0.29,0.3,0.01,0.01,75900.09,1776608577000
1776608579.164,179.164,0.7,0.71,0.29,0.3,0.01,0.01,75900.09,1776608577000
1776608579.497,179.497,0.7,0.71,0.29,0.3,0.01,0.01,75902.23,1776608578000
1776608580.023,180.023,0.7,0.71,0.29,0.3,0.01,0.01,75902.23,1776608578000
1776608580.395,180.395,0.7,0.71,0.29,0.3,0.01,0.01,75902.31,1776608579000
1776608580.865,180.865,0.7,0.71,0.29,0.3,0.01,0.01,75902.31,1776608579000
1776608581.224,181.224,0.7,0.71,0.29,0.3,0.01,0.01,75902.31,1776608579000
1776608581.639,181.639,0.7,0.71,0.29,0.3,0.01,0.01,75902.44,1776608580000
1776608582.02,182.02,0.7,0.71,0.29,0.3,0.01,0.01,75902.44,1776608580000
1776608582.459,182.459,0.7,0.71,0.29,0.3,0.01,0.01,75904.65,1776608581000
1776608582.851,182.851,0.7,0.71,0.29,0.3,0.01,0.01,75904.65,1776608581000
1776608583.287,183.287,0.7,0.71,0.29,0.3,0.01,0.01,75904.07,1776608582000
1776608583.917,183.917,0.7,0.71,0.29,0.3,0.01,0.01,75904.07,1776608582000
1776608584.277,184.277,0.7,0.71,0.29,0.3,0.01,0.01,75904.07,1776608582000
1776608584.63,184.63,0.7,0.72,0.28,0.3,0.02,0.02,75904.56,1776608583000
1776608585.068,185.068,0.71,0.72,0.28,0.29,0.01,0.01,75904.56,1776608583000
1776608585.442,185.442,0.71,0.72,0.28,0.29,0.01,0.01,75904.45,1776608584000
1776608585.863,185.863,0.71,0.72,0.28,0.29,0.01,0.01,75904.45,1776608584000
1776608586.387,186.387,0.71,0.72,0.28,0.29,0.01,0.01,75904.45,1776608584000
1776608586.757,186.757,0.71,0.72,0.28,0.29,0.01,0.01,75904.45,1776608584000
1776608587.449,187.449,0.7,0.72,0.28,0.3,0.02,0.02,75902.2,1776608586000
1776608587.81,187.81,0.71,0.72,0.28,0.29,0.01,0.01,75902.2,1776608586000
1776608588.151,188.151,0.71,0.72,0.28,0.29,0.01,0.01,75902.2,1776608586000
1776608588.601,188.601,0.71,0.72,0.28,0.29,0.01,0.01,75902.25,1776608587000
1776608588.954,188.954,0.71,0.72,0.28,0.29,0.01,0.01,75902.25,1776608587000
1776608589.481,189.481,0.71,0.72,0.28,0.29,0.01,0.01,75898.88,1776608588000
1776608589.874,189.874,0.71,0.72,0.28,0.29,0.01,0.01,75898.88,1776608588000
1776608590.216,190.216,0.71,0.72,0.28,0.29,0.01,0.01,75899.38,1776608589000
1776608590.549,190.549,0.72,0.73,0.27,0.28,0.01,0.01,75899.38,1776608589000
1776608591.135,191.135,0.72,0.73,0.27,0.28,0.01,0.01,75899.38,1776608589000
1776608591.473,191.473,0.72,0.73,0.27,0.28,0.01,0.01,75902.61,1776608590000
1776608592.577,192.577,0.72,0.73,0.27,0.28,0.01,0.01,75904.68,1776608591000
1776608592.94,192.94,0.72,0.73,0.27,0.28,0.01,0.01,75904.68,1776608591000
1776608593.356,193.356,0.72,0.73,0.27,0.28,0.01,0.01,75902.43,1776608592000
1776608594.309,194.309,0.72,0.73,0.27,0.28,0.01,0.01,75902.43,1776608592000
1776608594.658,194.658,0.72,0.73,0.27,0.28,0.01,0.01,75902.45,1776608593000
1776608595.109,195.109,0.72,0.73,0.27,0.28,0.01,0.01,75902.45,1776608594000
1776608595.555,195.555,0.72,0.73,0.27,0.28,0.01,0.01,75902.45,1776608594000
1776608596.048,196.048,0.72,0.73,0.27,0.28,0.01,0.01,75902.47,1776608595000
1776608596.984,196.984,0.72,0.75,0.27,0.28,0.03,0.01,75902.47,1776608595000
1776608597.698,197.698,0.73,0.77,0.24,0.27,0.04,0.03,75901.71,1776608596000
1776608598.034,198.034,0.79,0.8,0.2,0.21,0.01,0.01,75901.71,1776608596000
1776608598.371,198.371,0.79,0.81,0.19,0.21,0.02,0.02,75911.64,1776608597000
1776608598.716,198.716,0.79,0.83,0.17,0.21,0.04,0.04,75911.64,1776608597000
1776608599.1,199.1,0.82,0.85,0.15,0.18,0.03,0.03,75911.64,1776608597000
1776608599.478,199.478,0.85,0.86,0.14,0.15,0.01,0.01,75916.11,1776608598000
1776608599.816,199.816,0.82,0.86,0.14,0.15,0.04,0.01,75916.11,1776608598000
1776608600.161,200.161,0.85,0.86,0.14,0.15,0.01,0.01,75916.11,1776608598000
1776608600.542,200.542,0.85,0.86,0.14,0.15,0.01,0.01,75926.68,1776608599000
1776608601.186,201.186,0.85,0.86,0.14,0.15,0.01,0.01,75924.07,1776608600000
1776608601.533,201.533,0.85,0.86,0.14,0.15,0.01,0.01,75924.07,1776608600000
1776608601.998,201.998,0.85,0.86,0.14,0.15,0.01,0.01,75924.07,1776608600000
1776608602.73,202.73,0.85,0.86,0.14,0.15,0.01,0.01,75926.94,1776608601000
1776608603.103,203.103,0.85,0.86,0.14,0.15,0.01,0.01,75926.94,1776608601000
1776608603.453,203.453,0.85,0.86,0.14,0.15,0.01,0.01,75926.94,1776608601000
1776608603.981,203.981,0.85,0.87,0.13,0.15,0.02,0.02,75930.11,1776608602000
1776608604.389,204.389,0.85,0.87,0.13,0.15,0.02,0.02,75930.11,1776608602000
1776608604.866,204.866,0.85,0.87,0.13,0.15,0.02,0.02,75931.54,1776608603000
1776608605.216,205.216,0.85,0.87,0.13,0.15,0.02,0.02,75931.54,1776608603000
1776608605.591,205.591,0.85,0.87,0.13,0.15,0.02,0.02,75936.33,1776608604000
1776608605.952,205.952,0.86,0.87,0.13,0.15,0.01,0.02,75936.33,1776608604000
1776608606.285,206.285,0.86,0.87,0.13,0.14,0.01,0.01,75936.33,1776608604000
1776608606.636,206.636,0.86,0.89,0.12,0.14,0.03,0.02,75939.23,1776608605000
1776608607.018,207.018,0.87,0.88,0.12,0.13,0.01,0.01,75936.17,1776608606000
1776608607.355,207.355,0.88,0.89,0.11,0.12,0.01,0.01,75936.17,1776608606000
1776608607.688,207.688,0.89,0.9,0.1,0.11,0.01,0.01,75936.17,1776608606000
1776608608.025,208.025,0.89,0.9,0.1,0.11,0.01,0.01,75936.17,1776608606000
1776608608.388,208.388,0.89,0.9,0.1,0.11,0.01,0.01,75936.32,1776608607000
1776608609.196,209.196,0.89,0.9,0.1,0.11,0.01,0.01,75936.32,1776608607000
1776608609.695,209.695,0.89,0.9,0.1,0.11,0.01,0.01,75938.34,1776608608000
1776608610.4,210.4,0.89,0.9,0.1,0.11,0.01,0.01,75935.36,1776608609000
1776608610.984,210.984,0.89,0.9,0.1,0.11,0.01,0.01,75933.97,1776608610000
1776608611.333,211.333,0.89,0.9,0.1,0.11,0.01,0.01,75933.97,1776608610000
1776608612.51,212.51,0.89,0.9,0.1,0.11,0.01,0.01,75930.55,1776608611000
1776608612.995,212.995,0.89,0.9,0.1,0.11,0.01,0.01,75930.55,1776608611000
1776608613.361,213.361,0.89,0.9,0.1,0.11,0.01,0.01,75930.45,1776608612000
1776608613.711,213.711,0.89,0.9,0.1,0.11,0.01,0.01,75930.45,1776608612000
1776608614.053,214.053,0.89,0.9,0.1,0.11,0.01,0.01,75930.45,1776608612000
1776608614.393,214.393,0.89,0.9,0.1,0.11,0.01,0.01,75929.83,1776608613000
1776608614.726,214.726,0.89,0.9,0.1,0.11,0.01,0.01,75929.83,1776608613000
1776608615.059,215.059,0.89,0.9,0.1,0.11,0.01,0.01,75929.83,1776608613000
1776608615.409,215.409,0.87,0.88,0.12,0.13,0.01,0.01,75927.89,1776608614000
1776608615.783,215.783,0.87,0.88,0.12,0.13,0.01,0.01,75927.89,1776608614000
1776608616.145,216.145,0.87,0.88,0.12,0.13,0.01,0.01,75927.89,1776608614000
1776608616.502,216.502,0.87,0.88,0.12,0.13,0.01,0.01,75927.78,1776608615000
1776608616.979,216.979,0.87,0.88,0.12,0.13,0.01,0.01,75927.78,1776608615000
1776608617.357,217.357,0.87,0.88,0.12,0.13,0.01,0.01,75927.78,1776608616000
1776608617.949,217.949,0.87,0.88,0.12,0.13,0.01,0.01,75927.78,1776608616000
1776608618.34,218.34,0.87,0.88,0.12,0.13,0.01,0.01,75927.39,1776608617000
1776608618.682,218.682,0.87,0.88,0.12,0.13,0.01,0.01,75927.39,1776608617000
1776608619.566,219.566,0.87,0.88,0.12,0.13,0.01,0.01,75927.39,1776608617000
1776608620.309,220.309,0.87,0.88,0.12,0.13,0.01,0.01,75927.61,1776608618000
1776608621.201,221.201,0.87,0.88,0.12,0.13,0.01,0.01,75927.61,1776608618000
1776608621.591,221.591,0.87,0.88,0.12,0.13,0.01,0.01,75927.83,1776608619000
1776608621.983,221.983,0.87,0.88,0.12,0.13,0.01,0.01,75927.95,1776608620000
1776608622.33,222.33,0.87,0.88,0.12,0.13,0.01,0.01,75927.95,1776608620000
1776608622.671,222.671,0.87,0.88,0.12,0.13,0.01,0.01,75927.95,1776608620000
1776608623.236,223.236,0.87,0.88,0.12,0.13,0.01,0.01,75927.95,1776608621000
1776608623.599,223.599,0.87,0.88,0.12,0.13,0.01,0.01,75927.8,1776608622000
1776608623.973,223.973,0.87,0.88,0.12,0.13,0.01,0.01,75927.8,1776608622000
1776608624.626,224.626,0.87,0.88,0.12,0.13,0.01,0.01,75927.47,1776608623000
1776608625.199,225.199,0.87,0.88,0.12,0.13,0.01,0.01,75927.47,1776608623000
1776608625.613,225.613,0.87,0.88,0.12,0.13,0.01,0.01,75927.47,1776608623000
1776608625.952,225.952,0.87,0.88,0.12,0.13,0.01,0.01,75927.09,1776608624000
1776608626.324,226.324,0.87,0.88,0.12,0.13,0.01,0.01,75927.09,1776608624000
1776608627.06,227.06,0.87,0.88,0.12,0.13,0.01,0.01,75926.82,1776608626000
1776608627.798,227.798,0.87,0.88,0.12,0.13,0.01,0.01,75926.82,1776608626000
1776608628.585,228.585,0.87,0.88,0.12,0.13,0.01,0.01,75927.52,1776608627000
1776608628.953,228.953,0.87,0.88,0.12,0.13,0.01,0.01,75927.52,1776608627000
1776608629.336,229.336,0.87,0.88,0.12,0.13,0.01,0.01,75925.69,1776608628000
1776608629.801,229.801,0.87,0.88,0.12,0.13,0.01,0.01,75925.69,1776608628000
1776608630.169,230.169,0.87,0.88,0.12,0.13,0.01,0.01,75925.88,1776608629000
1776608631.604,231.604,0.87,0.88,0.12,0.13,0.01,0.01,75923.79,1776608630000
1776608632.207,232.207,0.87,0.88,0.12,0.13,0.01,0.01,75923.79,1776608630000
1776608632.607,232.607,0.87,0.88,0.12,0.13,0.01,0.01,75924.58,1776608631000
1776608633.045,233.045,0.87,0.88,0.12,0.13,0.01,0.01,75924.58,1776608631000
1776608633.406,233.406,0.87,0.89,0.11,0.13,0.02,0.02,75924.58,1776608632000
1776608633.759,233.759,0.88,0.89,0.11,0.12,0.01,0.01,75924.58,1776608632000
1776608634.369,234.369,0.89,0.9,0.1,0.12,0.01,0.02,75924.58,1776608632000
1776608634.77,234.77,0.89,0.9,0.1,0.11,0.01,0.01,75924.85,1776608633000
1776608635.202,235.202,0.89,0.9,0.1,0.11,0.01,0.01,75925.03,1776608634000
1776608635.829,235.829,0.89,0.9,0.1,0.11,0.01,0.01,75925.03,1776608634000
1776608636.498,236.498,0.89,0.9,0.1,0.11,0.01,0.01,75925.03,1776608634000
1776608636.852,236.852,0.87,0.9,0.1,0.13,0.03,0.03,75924.99,1776608635000
1776608637.432,237.432,0.87,0.9,0.1,0.13,0.03,0.03,75921.62,1776608636000
1776608637.983,237.983,0.85,0.9,0.1,0.15,0.05,0.05,75921.62,1776608636000
1776608638.375,238.375,0.83,0.88,0.12,0.16,0.05,0.04,75911.92,1776608637000
1776608638.798,238.798,0.8,0.84,0.16,0.2,0.04,0.04,75911.92,1776608637000
1776608639.156,239.156,0.8,0.84,0.16,0.2,0.04,0.04,75911.92,1776608637000
1776608639.49,239.49,0.8,0.81,0.19,0.2,0.01,0.01,75904.82,1776608638000
1776608640.059,240.059,0.78,0.81,0.19,0.2,0.03,0.01,75904.82,1776608638000
1776608640.405,240.405,0.78,0.81,0.19,0.22,0.03,0.03,75904.82,1776608638000
1776608640.755,240.755,0.77,0.81,0.19,0.23,0.04,0.04,75901.61,1776608639000
1776608641.576,241.576,0.8,0.81,0.19,0.2,0.01,0.01,75901.61,1776608640000
1776608641.915,241.915,0.79,0.81,0.19,0.21,0.02,0.02,75901.61,1776608640000
1776608642.248,242.248,0.77,0.81,0.19,0.23,0.04,0.04,75901.09,1776608641000
1776608642.586,242.586,0.75,0.76,0.2,0.26,0.01,0.06,75901.09,1776608641000
1776608642.927,242.927,0.71,0.72,0.28,0.29,0.01,0.01,75901.09,1776608641000
1776608643.272,243.272,0.71,0.72,0.28,0.29,0.01,0.01,75901.09,1776608641000
1776608643.61,243.61,0.71,0.72,0.28,0.29,0.01,0.01,75900.84,1776608642000
1776608643.963,243.963,0.69,0.72,0.28,0.29,0.03,0.01,75900.84,1776608642000
1776608644.313,244.313,0.69,0.72,0.28,0.29,0.03,0.01,75897.41,1776608643000
1776608644.648,244.648,0.69,0.7,0.3,0.31,0.01,0.01,75897.41,1776608643000
1776608645.173,245.173,0.69,0.7,0.3,0.31,0.01,0.01,75897.41,1776608643000
1776608645.569,245.569,0.69,0.7,0.3,0.31,0.01,0.01,75894.43,1776608644000
1776608645.975,245.975,0.67,0.68,0.32,0.33,0.01,0.01,75894.43,1776608644000
1776608646.309,246.309,0.67,0.68,0.32,0.33,0.01,0.01,75894.43,1776608644000
1776608646.65,246.65,0.67,0.68,0.32,0.33,0.01,0.01,75894.43,1776608644000
1776608647.321,247.321,0.67,0.68,0.32,0.33,0.01,0.01,75894.14,1776608645000
1776608647.746,247.746,0.67,0.68,0.32,0.33,0.01,0.01,75894.14,1776608646000
1776608648.244,248.244,0.67,0.68,0.32,0.33,0.01,0.01,75894.14,1776608646000
1776608648.579,248.579,0.68,0.69,0.31,0.32,0.01,0.01,75894.14,1776608646000
1776608648.982,248.982,0.68,0.7,0.31,0.32,0.02,0.01,75894.65,1776608647000
1776608649.445,249.445,0.68,0.7,0.3,0.32,0.02,0.02,75894.32,1776608648000
1776608650.267,250.267,0.7,0.72,0.29,0.31,0.02,0.02,75894.32,1776608648000
1776608650.652,250.652,0.76,0.82,0.18,0.21,0.06,0.03,75894.32,1776608648000
1776608650.993,250.993,0.8,0.81,0.19,0.2,0.01,0.01,75902.4,1776608649000
1776608651.384,251.384,0.8,0.81,0.19,0.2,0.01,0.01,75902.4,1776608649000
1776608651.873,251.873,0.8,0.81,0.19,0.2,0.01,0.01,75903.42,1776608650000
1776608652.384,252.384,0.8,0.81,0.19,0.2,0.01,0.01,75903.67,1776608651000
1776608652.984,252.984,0.8,0.81,0.19,0.2,0.01,0.01,75903.67,1776608651000
1776608653.476,253.476,0.8,0.81,0.19,0.2,0.01,0.01,75907.18,1776608652000
1776608653.87,253.87,0.8,0.81,0.19,0.2,0.01,0.01,75907.18,1776608652000
1776608654.318,254.318,0.8,0.81,0.19,0.2,0.01,0.01,75907.18,1776608652000
1776608654.76,254.76,0.8,0.82,0.18,0.2,0.02,0.02,75907.17,1776608653000
1776608655.101,255.101,0.81,0.82,0.18,0.19,0.01,0.01,75907.17,1776608653000
1776608655.918,255.918,0.82,0.83,0.17,0.19,0.01,0.02,75907.17,1776608654000
1776608656.293,256.293,0.82,0.83,0.17,0.18,0.01,0.01,75907.17,1776608655000
1776608656.731,256.731,0.82,0.83,0.17,0.18,0.01,0.01,75907.17,1776608655000
1776608657.256,257.256,0.83,0.84,0.16,0.17,0.01,0.01,75907.17,1776608656000
1776608657.659,257.659,0.83,0.84,0.16,0.17,0.01,0.01,75907.17,1776608656000
1776608658.09,258.09,0.83,0.84,0.16,0.17,0.01,0.01,75907.17,1776608656000
1776608658.597,258.597,0.83,0.84,0.16,0.17,0.01,0.01,75907.17,1776608657000
1776608659.102,259.102,0.83,0.84,0.16,0.17,0.01,0.01,75907.17,1776608657000
1776608659.692,259.692,0.83,0.85,0.16,0.17,0.02,0.01,75907.17,1776608658000
1776608660.16,260.16,0.84,0.85,0.15,0.16,0.01,0.01,75907.17,1776608658000
1776608660.508,260.508,0.84,0.85,0.15,0.16,0.01,0.01,75909.17,1776608659000
1776608660.86,260.86,0.87,0.88,0.12,0.13,0.01,0.01,75909.17,1776608659000
1776608661.204,261.204,0.87,0.88,0.12,0.13,0.01,0.01,75908.37,1776608660000
1776608661.776,261.776,0.87,0.88,0.12,0.13,0.01,0.01,75908.37,1776608660000
1776608662.114,262.114,0.89,0.9,0.1,0.11,0.01,0.01,75908.18,1776608661000
1776608662.619,262.619,0.89,0.9,0.1,0.11,0.01,0.01,75908.18,1776608661000
1776608663.04,263.04,0.89,0.9,0.1,0.11,0.01,0.01,75911.87,1776608662000
1776608663.48,263.48,0.89,0.9,0.1,0.11,0.01,0.01,75911.87,1776608662000
1776608663.816,263.816,0.9,0.91,0.09,0.1,0.01,0.01,75911.87,1776608662000
1776608664.271,264.271,0.9,0.91,0.09,0.1,0.01,0.01,75914.55,1776608663000
1776608664.671,264.671,0.91,0.92,0.08,0.09,0.01,0.01,75914.55,1776608663000
1776608665.2,265.2,0.91,0.92,0.08,0.09,0.01,0.01,75914.55,1776608663000
1776608665.593,265.593,0.91,0.92,0.08,0.09,0.01,0.01,75918.26,1776608664000
1776608665.998,265.998,0.91,0.92,0.08,0.09,0.01,0.01,75918.26,1776608664000
1776608666.652,266.652,0.91,0.92,0.08,0.09,0.01,0.01,75918.26,1776608665000
1776608667.018,267.018,0.91,0.92,0.08,0.09,0.01,0.01,75918.26,1776608665000
1776608667.424,267.424,0.91,0.93,0.08,0.09,0.02,0.01,75920.29,1776608666000
1776608667.766,267.766,0.92,0.93,0.07,0.08,0.01,0.01,75920.29,1776608666000
1776608668.365,268.365,0.92,0.94,0.06,0.08,0.02,0.02,75920.32,1776608667000
1776608668.766,268.766,0.93,0.94,0.06,0.07,0.01,0.01,75920.32,1776608667000
1776608669.182,269.182,0.93,0.94,0.06,0.07,0.01,0.01,75920.32,1776608667000
1776608669.553,269.553,0.93,0.94,0.06,0.07,0.01,0.01,75920.32,1776608667000
1776608669.937,269.937,0.93,0.94,0.06,0.07,0.01,0.01,75920.32,1776608667000
1776608670.444,270.444,0.94,0.95,0.05,0.07,0.01,0.02,75918.19,1776608668000
1776608670.78,270.78,0.94,0.95,0.05,0.06,0.01,0.01,75918.19,1776608668000
1776608671.173,271.173,0.94,0.95,0.05,0.06,0.01,0.01,75920.32,1776608669000
1776608671.566,271.566,0.94,0.95,0.05,0.06,0.01,0.01,75920.33,1776608670000
1776608671.999,271.999,0.94,0.95,0.05,0.06,0.01,0.01,75920.33,1776608670000
1776608672.386,272.386,0.94,0.95,0.05,0.06,0.01,0.01,75918.64,1776608671000
1776608672.761,272.761,0.95,0.96,0.04,0.05,0.01,0.01,75918.64,1776608671000
1776608673.125,273.125,0.95,0.96,0.04,0.05,0.01,0.01,75918.64,1776608671000
1776608673.469,273.469,0.95,0.96,0.04,0.05,0.01,0.01,75919.32,1776608672000
1776608673.823,273.823,0.95,0.96,0.04,0.05,0.01,0.01,75919.32,1776608672000
1776608674.167,274.167,0.95,0.96,0.04,0.05,0.01,0.01,75919.32,1776608672000
1776608674.714,274.714,0.95,0.96,0.04,0.05,0.01,0.01,75919.63,1776608673000
1776608675.071,275.071,0.95,0.96,0.04,0.05,0.01,0.01,75919.63,1776608673000
1776608675.479,275.479,0.95,0.96,0.04,0.05,0.01,0.01,75922.39,1776608674000
1776608676.02,276.02,0.95,0.96,0.04,0.05,0.01,0.01,75922.56,1776608675000
1776608676.42,276.42,0.95,0.96,0.04,0.05,0.01,0.01,75922.56,1776608675000
1776608677.172,277.172,0.95,0.96,0.04,0.05,0.01,0.01,75922.56,1776608676000
1776608677.506,277.506,0.95,0.96,0.04,0.05,0.01,0.01,75922.56,1776608676000
1776608677.863,277.863,0.95,0.96,0.04,0.05,0.01,0.01,75922.56,1776608676000
1776608678.342,278.342,0.95,0.96,0.04,0.05,0.01,0.01,75922.56,1776608676000
1776608678.739,278.739,0.95,0.96,0.04,0.05,0.01,0.01,75922.19,1776608677000
1776608679.089,279.089,0.95,0.96,0.04,0.05,0.01,0.01,75921.37,1776608678000
1776608679.48,279.48,0.96,0.97,0.03,0.04,0.01,0.01,75921.37,1776608678000
1776608679.904,279.904,0.96,0.97,0.03,0.04,0.01,0.01,75921.37,1776608678000
1776608680.356,280.356,0.96,0.97,0.03,0.04,0.01,0.01,75920.86,1776608679000
1776608680.744,280.744,0.96,0.97,0.03,0.04,0.01,0.01,75920.86,1776608679000
1776608681.292,281.292,0.96,0.97,0.03,0.04,0.01,0.01,75920.82,1776608680000
1776608681.652,281.652,0.96,0.97,0.03,0.04,0.01,0.01,75920.82,1776608680000
1776608682.274,282.274,0.96,0.97,0.03,0.04,0.01,0.01,75920.82,1776608680000
1776608682.666,282.666,0.96,0.97,0.03,0.04,0.01,0.01,75920.52,1776608681000
1776608683.143,283.143,0.96,0.97,0.03,0.04,0.01,0.01,75920.52,1776608682000
1776608683.558,283.558,0.96,0.97,0.03,0.04,0.01,0.01,75920.52,1776608682000
1776608683.986,283.986,0.96,0.97,0.03,0.04,0.01,0.01,75920.52,1776608682000
1776608684.328,284.328,0.96,0.97,0.03,0.04,0.01,0.01,75916.42,1776608683000
1776608684.93,284.93,0.96,0.97,0.03,0.04,0.01,0.01,75916.42,1776608683000
1776608685.35,285.35,0.96,0.97,0.03,0.04,0.01,0.01,75916.49,1776608684000
1776608685.689,285.689,0.97,0.98,0.02,0.03,0.01,0.01,75916.49,1776608684000
1776608686.024,286.024,0.97,0.98,0.02,0.03,0.01,0.01,75916.49,1776608684000
1776608686.448,286.448,0.97,0.98,0.02,0.03,0.01,0.01,75921.5,1776608685000
1776608686.827,286.827,0.97,0.98,0.02,0.03,0.01,0.01,75921.5,1776608685000
1776608687.329,287.329,0.97,0.98,0.02,0.03,0.01,0.01,75920.89,1776608686000
1776608687.946,287.946,0.97,0.98,0.02,0.03,0.01,0.01,75920.89,1776608686000
1776608688.285,288.285,0.97,0.98,0.02,0.03,0.01,0.01,75920.9,1776608687000
1776608688.723,288.723,0.97,0.98,0.02,0.03,0.01,0.01,75920.9,1776608687000
1776608689.316,289.316,0.97,0.98,0.02,0.03,0.01,0.01,75920.9,1776608687000
1776608690.404,290.404,0.97,0.98,0.02,0.03,0.01,0.01,75920.95,1776608689000
1776608690.835,290.835,0.97,0.98,0.02,0.03,0.01,0.01,75920.95,1776608689000
1776608691.184,291.184,0.97,0.98,0.02,0.03,0.01,0.01,75920.95,1776608689000
1776608691.522,291.522,0.97,0.98,0.02,0.03,0.01,0.01,75918.42,1776608690000
1776608691.856,291.856,0.97,0.98,0.02,0.03,0.01,0.01,75918.42,1776608690000
1776608692.316,292.316,0.98,0.99,0.01,0.03,0.01,0.02,75918.42,1776608690000
1776608692.662,292.662,0.98,0.99,0.01,0.02,0.01,0.01,75920.94,1776608691000
1776608693.008,293.008,0.98,0.99,0.01,0.02,0.01,0.01,75920.94,1776608691000
1776608693.38,293.38,0.98,0.99,0.01,0.02,0.01,0.01,75916.88,1776608692000
1776608693.846,293.846,0.98,0.99,0.01,0.02,0.01,0.01,75916.88,1776608692000
1776608694.242,294.242,0.98,0.99,0.01,0.02,0.01,0.01,75916.88,1776608692000
1776608694.585,294.585,0.98,0.99,0.01,0.02,0.01,0.01,75920.93,1776608693000
1776608694.928,294.928,0.98,0.99,0.01,0.02,0.01,0.01,75920.93,1776608693000
1776608695.312,295.312,0.98,0.99,0.01,0.02,0.01,0.01,75920.93,1776608694000
1776608695.714,295.714,0.98,0.99,0.01,0.02,0.01,0.01,75920.93,1776608694000
1776608696.063,296.063,0.98,0.99,0.01,0.02,0.01,0.01,75920.93,1776608694000
1776608696.666,296.666,0.99,0.99,0.01,0.02,0.0,0.01,75920.93,1776608695000
1776608697.012,297.012,0.99,0.99,0.01,0.01,0.0,0.0,75920.93,1776608695000
1776608697.455,297.455,0.99,0.99,0.01,0.01,0.0,0.0,75918.05,1776608696000
1776608697.919,297.919,0.99,0.99,0.01,0.01,0.0,0.0,75918.05,1776608696000
1776608698.82,298.82,0.99,0.99,0.01,0.01,0.0,0.0,75918.2,1776608697000
1776608699.694,299.694,0.99,0.99,0.01,0.01,0.0,0.0,75920.52,1776608698000
1776608700.13,300.13,0.99,0.99,0.01,0.01,0.0,0.0,75920.52,1776608698000
1776608700.722,300.722,0.99,0.99,0.01,0.01,0.0,0.0,75920.52,1776608698000

# RESULT,winner=Up,slug=btc-updown-5m-1776608400,ticks=688
