timestamp,elapsed_sec,up_bid,up_ask,down_bid,down_ask,up_spread,down_spread,btc_price,btc_oracle_ts
1776976800.532,0.532,0.47,0.48,0.52,0.53,0.01,0.01,78003.8,1776976799000
1776976800.956,0.956,0.47,0.48,0.52,0.53,0.01,0.01,77998.14,1776976800000
1776976801.611,1.611,0.47,0.48,0.52,0.53,0.01,0.01,77998.14,1776976800000
1776976802.096,2.096,0.47,0.48,0.52,0.53,0.01,0.01,77998.14,1776976800000
1776976802.891,2.891,0.47,0.48,0.52,0.53,0.01,0.01,77998.07,1776976801000
1776976803.265,3.265,0.47,0.49,0.51,0.53,0.02,0.02,77997.73,1776976802000
1776976803.626,3.626,0.47,0.48,0.52,0.53,0.01,0.01,77997.73,1776976802000
1776976804.351,4.351,0.47,0.48,0.52,0.53,0.01,0.01,78003.41,1776976803000
1776976804.684,4.684,0.47,0.49,0.52,0.53,0.02,0.01,78003.41,1776976803000
1776976805.062,5.062,0.47,0.49,0.51,0.53,0.02,0.02,78003.41,1776976803000
1776976805.399,5.399,0.49,0.5,0.5,0.53,0.01,0.03,78003.41,1776976803000
1776976805.913,5.913,0.52,0.53,0.47,0.48,0.01,0.01,78017.19,1776976804000
1776976806.265,6.265,0.48,0.49,0.51,0.52,0.01,0.01,78017.38,1776976805000
1776976806.614,6.614,0.48,0.55,0.5,0.52,0.07,0.02,78017.38,1776976805000
1776976807.019,7.019,0.49,0.54,0.5,0.51,0.05,0.01,78017.38,1776976805000
1776976807.382,7.382,0.49,0.52,0.48,0.51,0.03,0.03,78007.0,1776976806000
1776976807.853,7.853,0.51,0.52,0.48,0.49,0.01,0.01,78007.0,1776976806000
1776976808.198,8.198,0.51,0.52,0.48,0.49,0.01,0.01,78007.0,1776976806000
1776976808.595,8.595,0.52,0.53,0.47,0.48,0.01,0.01,78003.75,1776976807000
1776976809.014,9.014,0.54,0.55,0.45,0.46,0.01,0.01,78003.75,1776976807000
1776976809.575,9.575,0.54,0.55,0.45,0.46,0.01,0.01,78003.75,1776976807000
1776976809.974,9.974,0.54,0.55,0.45,0.46,0.01,0.01,78003.43,1776976808000
1776976810.406,10.406,0.54,0.55,0.45,0.46,0.01,0.01,78003.43,1776976808000
1776976810.842,10.842,0.54,0.55,0.45,0.46,0.01,0.01,78003.96,1776976810000
1776976811.202,11.202,0.54,0.55,0.45,0.46,0.01,0.01,78003.96,1776976810000
1776976811.815,11.815,0.54,0.55,0.45,0.46,0.01,0.01,78005.05,1776976811000
1776976812.54,12.54,0.55,0.56,0.44,0.45,0.01,0.01,78005.05,1776976811000
1776976813.232,13.232,0.54,0.56,0.44,0.46,0.02,0.02,78003.18,1776976812000
1776976813.576,13.576,0.55,0.56,0.44,0.45,0.01,0.01,78003.18,1776976812000
1776976813.94,13.94,0.55,0.56,0.44,0.45,0.01,0.01,78003.18,1776976812000
1776976814.379,14.379,0.55,0.56,0.44,0.45,0.01,0.01,78003.18,1776976812000
1776976814.837,14.837,0.55,0.56,0.44,0.45,0.01,0.01,78003.18,1776976813000
1776976815.294,15.294,0.55,0.56,0.44,0.45,0.01,0.01,78003.18,1776976813000
1776976815.677,15.677,0.55,0.56,0.44,0.45,0.01,0.01,78005.48,1776976814000
1776976816.117,16.117,0.55,0.56,0.44,0.45,0.01,0.01,78005.48,1776976815000
1776976816.5,16.5,0.55,0.56,0.44,0.45,0.01,0.01,78005.48,1776976815000
1776976816.994,16.994,0.55,0.56,0.44,0.45,0.01,0.01,78005.48,1776976815000
1776976817.373,17.373,0.55,0.56,0.44,0.45,0.01,0.01,78003.32,1776976816000
1776976817.726,17.726,0.54,0.56,0.44,0.45,0.02,0.01,78003.32,1776976816000
1776976818.085,18.085,0.53,0.54,0.45,0.47,0.01,0.02,78003.32,1776976816000
1776976818.611,18.611,0.53,0.54,0.46,0.47,0.01,0.01,78003.46,1776976817000
1776976819.707,19.707,0.53,0.54,0.46,0.47,0.01,0.01,78003.46,1776976818000
1776976820.373,20.373,0.53,0.54,0.46,0.47,0.01,0.01,78003.46,1776976819000
1776976821.035,21.035,0.53,0.54,0.46,0.47,0.01,0.01,78003.7,1776976820000
1776976821.596,21.596,0.53,0.54,0.46,0.47,0.01,0.01,78003.7,1776976820000
1776976821.953,21.953,0.53,0.54,0.46,0.47,0.01,0.01,78003.7,1776976820000
1776976822.457,22.457,0.53,0.54,0.46,0.47,0.01,0.01,78004.97,1776976821000
1776976822.801,22.801,0.53,0.54,0.46,0.47,0.01,0.01,78004.97,1776976821000
1776976823.179,23.179,0.53,0.54,0.46,0.47,0.01,0.01,78004.97,1776976821000
1776976823.519,23.519,0.53,0.54,0.46,0.47,0.01,0.01,77998.05,1776976822000
1776976823.865,23.865,0.47,0.49,0.51,0.53,0.02,0.02,77998.05,1776976822000
1776976824.208,24.208,0.45,0.49,0.5,0.55,0.04,0.05,77993.04,1776976823000
1776976824.637,24.637,0.45,0.47,0.53,0.58,0.02,0.05,77993.04,1776976823000
1776976824.991,24.991,0.46,0.47,0.53,0.57,0.01,0.04,77993.04,1776976823000
1776976825.366,25.366,0.46,0.47,0.53,0.54,0.01,0.01,77990.19,1776976824000
1776976825.745,25.745,0.45,0.47,0.53,0.54,0.02,0.01,77990.19,1776976824000
1776976826.129,26.129,0.45,0.46,0.54,0.55,0.01,0.01,77990.21,1776976825000
1776976826.509,26.509,0.45,0.46,0.54,0.55,0.01,0.01,77990.21,1776976825000
1776976826.853,26.853,0.45,0.46,0.54,0.55,0.01,0.01,77990.21,1776976825000
1776976827.307,27.307,0.44,0.45,0.55,0.56,0.01,0.01,77990.21,1776976826000
1776976828.034,28.034,0.44,0.45,0.55,0.56,0.01,0.01,77990.21,1776976826000
1776976828.433,28.433,0.42,0.43,0.57,0.58,0.01,0.01,77990.22,1776976827000
1776976828.818,28.818,0.42,0.43,0.57,0.58,0.01,0.01,77990.22,1776976827000
1776976829.205,29.205,0.42,0.43,0.57,0.58,0.01,0.01,77990.22,1776976828000
1776976829.579,29.579,0.42,0.43,0.57,0.58,0.01,0.01,77990.22,1776976828000
1776976829.992,29.992,0.4,0.41,0.59,0.6,0.01,0.01,77990.22,1776976828000
1776976830.328,30.328,0.4,0.41,0.59,0.6,0.01,0.01,77990.22,1776976828000
1776976830.962,30.962,0.4,0.41,0.59,0.6,0.01,0.01,77989.02,1776976829000
1776976831.371,31.371,0.41,0.42,0.58,0.59,0.01,0.01,77988.94,1776976830000
1776976831.726,31.726,0.41,0.42,0.58,0.59,0.01,0.01,77988.94,1776976830000
1776976832.143,32.143,0.41,0.42,0.58,0.59,0.01,0.01,77988.57,1776976831000
1776976832.482,32.482,0.4,0.41,0.59,0.6,0.01,0.01,77988.57,1776976831000
1776976832.904,32.904,0.38,0.39,0.61,0.62,0.01,0.01,77988.57,1776976831000
1776976833.275,33.275,0.37,0.38,0.62,0.63,0.01,0.01,77988.64,1776976832000
1776976833.62,33.62,0.36,0.38,0.62,0.64,0.02,0.02,77988.64,1776976832000
1776976833.971,33.971,0.36,0.37,0.63,0.64,0.01,0.01,77984.55,1776976833000
1776976834.373,34.373,0.36,0.37,0.63,0.64,0.01,0.01,77984.55,1776976833000
1776976834.753,34.753,0.34,0.35,0.64,0.66,0.01,0.02,77984.55,1776976833000
1776976835.647,35.647,0.34,0.35,0.65,0.66,0.01,0.01,77976.72,1776976834000
1776976836.278,36.278,0.34,0.35,0.65,0.66,0.01,0.01,77975.12,1776976835000
1776976837.034,37.034,0.34,0.35,0.65,0.66,0.01,0.01,77974.62,1776976836000
1776976838.002,38.002,0.34,0.35,0.65,0.66,0.01,0.01,77974.62,1776976836000
1776976838.678,38.678,0.34,0.36,0.64,0.66,0.02,0.02,77974.72,1776976837000
1776976839.119,39.119,0.35,0.36,0.62,0.66,0.01,0.04,77974.72,1776976837000
1776976839.472,39.472,0.35,0.36,0.64,0.65,0.01,0.01,77974.88,1776976838000
1776976839.805,39.805,0.35,0.36,0.64,0.65,0.01,0.01,77974.88,1776976838000
1776976840.278,40.278,0.36,0.37,0.63,0.64,0.01,0.01,77974.88,1776976838000
1776976840.618,40.618,0.37,0.38,0.62,0.63,0.01,0.01,77975.08,1776976839000
1776976840.978,40.978,0.37,0.38,0.62,0.63,0.01,0.01,77975.08,1776976840000
1776976841.415,41.415,0.37,0.38,0.62,0.63,0.01,0.01,77975.08,1776976840000
1776976842.003,42.003,0.37,0.38,0.62,0.63,0.01,0.01,77976.0,1776976841000
1776976842.43,42.43,0.37,0.38,0.62,0.63,0.01,0.01,77976.0,1776976841000
1776976842.909,42.909,0.37,0.38,0.62,0.63,0.01,0.01,77976.0,1776976841000
1776976843.409,43.409,0.37,0.38,0.62,0.63,0.01,0.01,77977.06,1776976842000
1776976843.756,43.756,0.37,0.38,0.62,0.63,0.01,0.01,77977.06,1776976842000
1776976844.111,44.111,0.37,0.38,0.62,0.63,0.01,0.01,77977.17,1776976843000
1776976844.449,44.449,0.37,0.38,0.62,0.63,0.01,0.01,77977.17,1776976843000
1776976844.973,44.973,0.38,0.42,0.59,0.62,0.04,0.03,77977.17,1776976843000
1776976846.114,46.114,0.38,0.42,0.58,0.62,0.04,0.04,77980.55,1776976845000
1776976846.454,46.454,0.38,0.42,0.58,0.62,0.04,0.04,77980.55,1776976845000
1776976846.858,46.858,0.41,0.42,0.58,0.62,0.01,0.04,77980.55,1776976845000
1776976847.257,47.257,0.43,0.45,0.55,0.57,0.02,0.02,77990.29,1776976846000
1776976847.603,47.603,0.5,0.52,0.48,0.5,0.02,0.02,77990.29,1776976846000
1776976847.993,47.993,0.42,0.43,0.57,0.58,0.01,0.01,77990.29,1776976846000
1776976848.344,48.344,0.42,0.5,0.56,0.58,0.08,0.02,77997.06,1776976847000
1776976848.77,48.77,0.43,0.44,0.5,0.57,0.01,0.07,77997.06,1776976847000
1776976849.174,49.174,0.43,0.44,0.56,0.57,0.01,0.01,77997.06,1776976847000
1776976849.577,49.577,0.43,0.48,0.52,0.57,0.05,0.05,77991.75,1776976848000
1776976849.911,49.911,0.52,0.53,0.47,0.48,0.01,0.01,77991.75,1776976848000
1776976850.249,50.249,0.52,0.53,0.47,0.48,0.01,0.01,78002.93,1776976849000
1776976850.583,50.583,0.53,0.54,0.46,0.47,0.01,0.01,78002.93,1776976849000
1776976850.93,50.93,0.53,0.54,0.46,0.47,0.01,0.01,78002.93,1776976849000
1776976851.271,51.271,0.53,0.55,0.45,0.47,0.02,0.02,78008.18,1776976850000
1776976851.609,51.609,0.54,0.55,0.45,0.46,0.01,0.01,78008.18,1776976850000
1776976852.001,52.001,0.56,0.57,0.43,0.44,0.01,0.01,78008.18,1776976850000
1776976852.423,52.423,0.58,0.59,0.41,0.42,0.01,0.01,78009.44,1776976851000
1776976852.803,52.803,0.59,0.6,0.4,0.41,0.01,0.01,78009.44,1776976851000
1776976853.136,53.136,0.59,0.6,0.4,0.41,0.01,0.01,78009.44,1776976851000
1776976853.629,53.629,0.59,0.6,0.4,0.41,0.01,0.01,78012.91,1776976852000
1776976854.185,54.185,0.59,0.6,0.4,0.41,0.01,0.01,78012.47,1776976853000
1776976854.765,54.765,0.59,0.6,0.4,0.41,0.01,0.01,78012.47,1776976853000
1776976855.175,55.175,0.59,0.6,0.4,0.41,0.01,0.01,78016.15,1776976854000
1776976855.943,55.943,0.59,0.6,0.4,0.41,0.01,0.01,78016.15,1776976854000
1776976856.476,56.476,0.6,0.61,0.39,0.4,0.01,0.01,78015.96,1776976855000
1776976856.94,56.94,0.6,0.61,0.39,0.4,0.01,0.01,78015.96,1776976855000
1776976857.295,57.295,0.6,0.61,0.39,0.4,0.01,0.01,78015.72,1776976856000
1776976857.937,57.937,0.6,0.61,0.39,0.4,0.01,0.01,78015.72,1776976856000
1776976858.307,58.307,0.6,0.61,0.39,0.4,0.01,0.01,78015.96,1776976857000
1776976858.754,58.754,0.6,0.61,0.39,0.4,0.01,0.01,78015.96,1776976857000
1776976859.111,59.111,0.6,0.61,0.39,0.4,0.01,0.01,78016.22,1776976858000
1776976859.458,59.458,0.6,0.61,0.39,0.4,0.01,0.01,78016.22,1776976858000
1776976859.873,59.873,0.6,0.61,0.39,0.4,0.01,0.01,78016.22,1776976858000
1776976860.302,60.302,0.6,0.61,0.39,0.4,0.01,0.01,78015.9,1776976859000
1776976861.086,61.086,0.6,0.61,0.39,0.4,0.01,0.01,78015.88,1776976860000
1776976861.627,61.627,0.6,0.61,0.39,0.4,0.01,0.01,78015.88,1776976860000
1776976862.187,62.187,0.6,0.61,0.39,0.4,0.01,0.01,78014.95,1776976861000
1776976863.136,63.136,0.6,0.61,0.39,0.4,0.01,0.01,78003.84,1776976862000
1776976864.12,64.12,0.59,0.61,0.39,0.4,0.02,0.01,78003.84,1776976862000
1776976864.467,64.467,0.58,0.61,0.39,0.41,0.03,0.02,78005.0,1776976863000
1776976864.826,64.826,0.56,0.61,0.39,0.44,0.05,0.05,78005.0,1776976863000
1776976865.267,65.267,0.56,0.59,0.41,0.44,0.03,0.03,78009.39,1776976864000
1776976865.612,65.612,0.54,0.55,0.45,0.46,0.01,0.01,78009.39,1776976864000
1776976865.952,65.952,0.5,0.51,0.49,0.5,0.01,0.01,78009.39,1776976864000
1776976866.353,66.353,0.49,0.51,0.49,0.51,0.02,0.02,78009.39,1776976864000
1776976866.693,66.693,0.48,0.51,0.49,0.52,0.03,0.03,78013.93,1776976865000
1776976867.048,67.048,0.56,0.57,0.43,0.48,0.01,0.05,78013.93,1776976865000
1776976867.43,67.43,0.54,0.58,0.43,0.47,0.04,0.04,78012.73,1776976866000
1776976867.797,67.797,0.55,0.56,0.43,0.46,0.01,0.03,78012.73,1776976866000
1776976868.168,68.168,0.56,0.57,0.43,0.44,0.01,0.01,78012.73,1776976866000
1776976868.66,68.66,0.56,0.57,0.43,0.44,0.01,0.01,78012.73,1776976866000
1776976869.258,69.258,0.56,0.57,0.43,0.44,0.01,0.01,78013.19,1776976868000
1776976869.719,69.719,0.56,0.57,0.43,0.44,0.01,0.01,78013.19,1776976868000
1776976870.315,70.315,0.56,0.57,0.43,0.44,0.01,0.01,78013.19,1776976868000
1776976870.724,70.724,0.56,0.57,0.43,0.44,0.01,0.01,78013.19,1776976868000
1776976871.155,71.155,0.56,0.57,0.43,0.44,0.01,0.01,78012.97,1776976870000
1776976871.824,71.824,0.56,0.58,0.43,0.44,0.02,0.01,78012.97,1776976870000
1776976872.206,72.206,0.57,0.58,0.42,0.44,0.01,0.02,78012.97,1776976870000
1776976872.698,72.698,0.57,0.6,0.41,0.43,0.03,0.02,78013.96,1776976871000
1776976873.087,73.087,0.58,0.59,0.41,0.42,0.01,0.01,78013.96,1776976871000
1776976873.443,73.443,0.58,0.59,0.41,0.42,0.01,0.01,78013.96,1776976871000
1776976873.795,73.795,0.58,0.59,0.41,0.42,0.01,0.01,78014.82,1776976872000
1776976874.156,74.156,0.58,0.59,0.41,0.42,0.01,0.01,78015.09,1776976873000
1776976875.06,75.06,0.58,0.59,0.41,0.42,0.01,0.01,78015.09,1776976873000
1776976875.451,75.451,0.59,0.6,0.4,0.41,0.01,0.01,78015.69,1776976874000
1776976875.841,75.841,0.59,0.6,0.4,0.41,0.01,0.01,78015.69,1776976874000
1776976876.51,76.51,0.59,0.6,0.4,0.41,0.01,0.01,78015.69,1776976874000
1776976876.868,76.868,0.58,0.6,0.4,0.41,0.02,0.01,78015.85,1776976875000
1776976877.332,77.332,0.58,0.61,0.41,0.42,0.03,0.01,78015.66,1776976876000
1776976877.736,77.736,0.6,0.61,0.39,0.4,0.01,0.01,78015.66,1776976876000
1776976878.41,78.41,0.6,0.61,0.39,0.4,0.01,0.01,78015.56,1776976877000
1776976878.816,78.816,0.6,0.61,0.39,0.4,0.01,0.01,78015.56,1776976877000
1776976879.154,79.154,0.6,0.61,0.39,0.4,0.01,0.01,78015.64,1776976878000
1776976879.505,79.505,0.6,0.61,0.39,0.4,0.01,0.01,78015.64,1776976878000
1776976880.044,80.044,0.61,0.62,0.38,0.39,0.01,0.01,78015.64,1776976878000
1776976880.562,80.562,0.61,0.62,0.38,0.39,0.01,0.01,78016.3,1776976879000
1776976881.423,81.423,0.61,0.63,0.37,0.39,0.02,0.02,78016.5,1776976880000
1776976882.202,82.202,0.61,0.62,0.37,0.39,0.01,0.02,78016.5,1776976880000
1776976882.558,82.558,0.61,0.63,0.38,0.39,0.02,0.01,78019.65,1776976881000
1776976882.918,82.918,0.65,0.67,0.33,0.35,0.02,0.02,78019.65,1776976881000
1776976883.429,83.429,0.65,0.67,0.33,0.35,0.02,0.02,78022.76,1776976882000
1776976883.806,83.806,0.65,0.66,0.32,0.36,0.01,0.04,78022.76,1776976882000
1776976884.245,84.245,0.65,0.66,0.34,0.35,0.01,0.01,78022.87,1776976883000
1776976884.579,84.579,0.65,0.66,0.34,0.35,0.01,0.01,78022.87,1776976883000
1776976884.998,84.998,0.65,0.66,0.34,0.35,0.01,0.01,78022.87,1776976883000
1776976885.478,85.478,0.65,0.66,0.34,0.35,0.01,0.01,78023.33,1776976884000
1776976885.951,85.951,0.65,0.66,0.34,0.35,0.01,0.01,78023.33,1776976884000
1776976886.337,86.337,0.65,0.66,0.34,0.35,0.01,0.01,78023.61,1776976885000
1776976886.722,86.722,0.65,0.66,0.34,0.35,0.01,0.01,78023.61,1776976885000
1776976887.227,87.227,0.65,0.66,0.34,0.35,0.01,0.01,78023.61,1776976885000
1776976887.726,87.726,0.65,0.66,0.34,0.35,0.01,0.01,78023.54,1776976886000
1776976888.103,88.103,0.65,0.66,0.34,0.35,0.01,0.01,78023.6,1776976887000
1776976888.601,88.601,0.65,0.66,0.34,0.35,0.01,0.01,78023.6,1776976887000
1776976889.063,89.063,0.65,0.66,0.34,0.35,0.01,0.01,78023.37,1776976888000
1776976889.397,89.397,0.65,0.66,0.34,0.35,0.01,0.01,78023.37,1776976888000
1776976889.92,89.92,0.65,0.66,0.34,0.35,0.01,0.01,78023.37,1776976888000
1776976890.317,90.317,0.65,0.66,0.34,0.35,0.01,0.01,78023.37,1776976889000
1776976890.702,90.702,0.64,0.65,0.34,0.36,0.01,0.02,78023.37,1776976889000
1776976891.04,91.04,0.64,0.65,0.35,0.36,0.01,0.01,78023.37,1776976889000
1776976891.407,91.407,0.64,0.65,0.35,0.36,0.01,0.01,78023.5,1776976890000
1776976891.798,91.798,0.64,0.65,0.35,0.36,0.01,0.01,78023.5,1776976890000
1776976892.298,92.298,0.64,0.65,0.35,0.36,0.01,0.01,78023.5,1776976890000
1776976892.856,92.856,0.64,0.65,0.35,0.36,0.01,0.01,78022.44,1776976892000
1776976893.345,93.345,0.64,0.65,0.35,0.36,0.01,0.01,78022.44,1776976892000
1776976893.682,93.682,0.65,0.66,0.34,0.35,0.01,0.01,78022.44,1776976892000
1776976894.027,94.027,0.65,0.66,0.34,0.35,0.01,0.01,78023.13,1776976893000
1776976894.44,94.44,0.65,0.66,0.34,0.35,0.01,0.01,78023.13,1776976893000
1776976894.918,94.918,0.65,0.66,0.34,0.35,0.01,0.01,78023.13,1776976893000
1776976895.251,95.251,0.65,0.66,0.34,0.35,0.01,0.01,78023.13,1776976893000
1776976895.754,95.754,0.65,0.66,0.34,0.35,0.01,0.01,78023.06,1776976894000
1776976896.388,96.388,0.65,0.66,0.34,0.35,0.01,0.01,78022.33,1776976895000
1776976897.282,97.282,0.64,0.65,0.35,0.36,0.01,0.01,78022.43,1776976896000
1776976898.253,98.253,0.64,0.65,0.35,0.36,0.01,0.01,78022.43,1776976896000
1776976898.601,98.601,0.61,0.65,0.35,0.39,0.04,0.04,78022.43,1776976897000
1776976898.992,98.992,0.64,0.65,0.35,0.39,0.01,0.04,78022.43,1776976897000
1776976899.487,99.487,0.61,0.64,0.36,0.39,0.03,0.03,78022.42,1776976898000
1776976900.188,100.188,0.61,0.65,0.35,0.39,0.04,0.04,78021.8,1776976899000
1776976900.523,100.523,0.62,0.65,0.35,0.38,0.03,0.03,78021.8,1776976899000
1776976901.228,101.228,0.62,0.63,0.37,0.38,0.01,0.01,78021.8,1776976899000
1776976901.567,101.567,0.62,0.63,0.37,0.38,0.01,0.01,78021.74,1776976900000
1776976901.987,101.987,0.62,0.63,0.37,0.38,0.01,0.01,78021.74,1776976900000
1776976902.324,102.324,0.64,0.65,0.35,0.36,0.01,0.01,78021.53,1776976901000
1776976902.731,102.731,0.62,0.63,0.35,0.38,0.01,0.03,78021.53,1776976901000
1776976903.068,103.068,0.62,0.63,0.37,0.38,0.01,0.01,78021.28,1776976902000
1776976903.403,103.403,0.62,0.63,0.37,0.38,0.01,0.01,78021.28,1776976902000
1776976903.804,103.804,0.62,0.63,0.37,0.38,0.01,0.01,78021.28,1776976902000
1776976905.056,105.056,0.62,0.63,0.37,0.38,0.01,0.01,78021.76,1776976904000
1776976906.069,106.069,0.62,0.63,0.37,0.38,0.01,0.01,78021.84,1776976905000
1776976906.544,106.544,0.62,0.63,0.37,0.38,0.01,0.01,78021.84,1776976905000
1776976906.965,106.965,0.62,0.63,0.37,0.38,0.01,0.01,78021.56,1776976906000
1776976907.44,107.44,0.62,0.63,0.37,0.38,0.01,0.01,78021.56,1776976906000
1776976908.063,108.063,0.62,0.63,0.37,0.38,0.01,0.01,78021.56,1776976906000
1776976908.734,108.734,0.62,0.63,0.37,0.38,0.01,0.01,78020.09,1776976907000
1776976909.099,109.099,0.62,0.63,0.37,0.38,0.01,0.01,78020.09,1776976907000
1776976909.556,109.556,0.56,0.58,0.41,0.44,0.02,0.03,78018.88,1776976908000
1776976909.952,109.952,0.56,0.57,0.43,0.44,0.01,0.01,78018.87,1776976909000
1776976910.359,110.359,0.57,0.58,0.42,0.43,0.01,0.01,78018.87,1776976909000
1776976910.97,110.97,0.57,0.58,0.42,0.43,0.01,0.01,78018.87,1776976909000
1776976911.589,111.589,0.58,0.59,0.41,0.42,0.01,0.01,78016.81,1776976910000
1776976912.138,112.138,0.58,0.59,0.41,0.42,0.01,0.01,78016.81,1776976910000
1776976912.527,112.527,0.58,0.59,0.41,0.42,0.01,0.01,78016.38,1776976911000
1776976913.064,113.064,0.58,0.59,0.41,0.42,0.01,0.01,78016.38,1776976911000
1776976913.672,113.672,0.58,0.59,0.41,0.42,0.01,0.01,78016.12,1776976912000
1776976914.21,114.21,0.6,0.61,0.39,0.41,0.01,0.02,78016.12,1776976912000
1776976914.677,114.677,0.6,0.61,0.39,0.4,0.01,0.01,78016.62,1776976913000
1776976915.043,115.043,0.6,0.61,0.39,0.4,0.01,0.01,78016.62,1776976913000
1776976915.815,115.815,0.6,0.61,0.39,0.4,0.01,0.01,78016.19,1776976914000
1776976916.322,116.322,0.6,0.61,0.39,0.4,0.01,0.01,78017.07,1776976915000
1776976916.809,116.809,0.6,0.61,0.39,0.4,0.01,0.01,78017.07,1776976915000
1776976917.194,117.194,0.6,0.61,0.39,0.4,0.01,0.01,78017.07,1776976915000
1776976917.991,117.991,0.6,0.61,0.39,0.4,0.01,0.01,78016.22,1776976916000
1776976918.352,118.352,0.6,0.61,0.39,0.4,0.01,0.01,78016.22,1776976916000
1776976918.772,118.772,0.6,0.61,0.39,0.4,0.01,0.01,78016.94,1776976917000
1776976919.118,119.118,0.6,0.61,0.39,0.4,0.01,0.01,78016.94,1776976917000
1776976919.941,119.941,0.6,0.61,0.39,0.4,0.01,0.01,78017.29,1776976918000
1776976920.445,120.445,0.6,0.61,0.39,0.4,0.01,0.01,78017.29,1776976918000
1776976920.788,120.788,0.6,0.62,0.39,0.4,0.02,0.01,78017.29,1776976919000
1776976921.14,121.14,0.64,0.65,0.35,0.36,0.01,0.01,78017.29,1776976919000
1776976921.475,121.475,0.64,0.65,0.35,0.36,0.01,0.01,78016.99,1776976920000
1776976922.01,122.01,0.64,0.65,0.35,0.36,0.01,0.01,78017.11,1776976921000
1776976923.498,123.498,0.64,0.65,0.35,0.36,0.01,0.01,78019.79,1776976922000
1776976923.923,123.923,0.64,0.66,0.34,0.36,0.02,0.02,78019.79,1776976922000
1776976924.379,124.379,0.66,0.67,0.33,0.36,0.01,0.03,78024.71,1776976923000
1776976925.094,125.094,0.65,0.66,0.34,0.35,0.01,0.01,78024.71,1776976923000
1776976925.737,125.737,0.67,0.68,0.33,0.34,0.01,0.01,78024.71,1776976923000
1776976926.696,126.696,0.67,0.68,0.32,0.33,0.01,0.01,78028.6,1776976925000
1776976927.347,127.347,0.67,0.68,0.32,0.33,0.01,0.01,78028.6,1776976925000
1776976927.955,127.955,0.67,0.68,0.32,0.33,0.01,0.01,78029.49,1776976926000
1776976928.56,128.56,0.68,0.69,0.31,0.33,0.01,0.02,78029.48,1776976927000
1776976928.935,128.935,0.68,0.69,0.31,0.32,0.01,0.01,78029.48,1776976927000
1776976929.346,129.346,0.68,0.69,0.31,0.32,0.01,0.01,78029.48,1776976927000
1776976930.161,130.161,0.68,0.69,0.31,0.32,0.01,0.01,78028.73,1776976929000
1776976930.503,130.503,0.68,0.69,0.31,0.32,0.01,0.01,78028.73,1776976929000
1776976931.274,131.274,0.68,0.69,0.31,0.32,0.01,0.01,78028.73,1776976929000
1776976932.259,132.259,0.68,0.69,0.31,0.32,0.01,0.01,78029.68,1776976930000
1776976932.675,132.675,0.69,0.7,0.28,0.32,0.01,0.04,78029.68,1776976931000
1776976933.293,133.293,0.69,0.7,0.3,0.31,0.01,0.01,78029.68,1776976931000
1776976933.651,133.651,0.69,0.7,0.3,0.31,0.01,0.01,78029.68,1776976931000
1776976934.115,134.115,0.69,0.7,0.3,0.31,0.01,0.01,78029.68,1776976932000
1776976934.578,134.578,0.69,0.7,0.3,0.31,0.01,0.01,78030.28,1776976933000
1776976934.912,134.912,0.69,0.7,0.3,0.31,0.01,0.01,78030.28,1776976933000
1776976935.26,135.26,0.69,0.7,0.3,0.31,0.01,0.01,78030.28,1776976933000
1776976935.638,135.638,0.69,0.7,0.3,0.31,0.01,0.01,78030.72,1776976934000
1776976936.147,136.147,0.69,0.7,0.3,0.31,0.01,0.01,78030.72,1776976934000
1776976936.7,136.7,0.69,0.7,0.3,0.31,0.01,0.01,78030.73,1776976935000
1776976937.036,137.036,0.69,0.7,0.3,0.31,0.01,0.01,78030.73,1776976935000
1776976937.426,137.426,0.69,0.7,0.3,0.31,0.01,0.01,78030.71,1776976936000
1776976937.848,137.848,0.69,0.7,0.3,0.31,0.01,0.01,78030.71,1776976936000
1776976938.237,138.237,0.69,0.7,0.3,0.31,0.01,0.01,78030.71,1776976937000
1776976939.292,139.292,0.69,0.7,0.3,0.31,0.01,0.01,78030.71,1776976937000
1776976939.645,139.645,0.68,0.69,0.31,0.32,0.01,0.01,78029.64,1776976938000
1776976940.459,140.459,0.67,0.68,0.32,0.33,0.01,0.01,78029.64,1776976938000
1776976940.819,140.819,0.67,0.68,0.32,0.33,0.01,0.01,78029.59,1776976939000
1776976941.445,141.445,0.67,0.68,0.32,0.33,0.01,0.01,78029.01,1776976940000
1776976941.798,141.798,0.64,0.69,0.31,0.36,0.05,0.05,78029.01,1776976940000
1776976942.177,142.177,0.67,0.68,0.31,0.33,0.01,0.02,78029.01,1776976940000
1776976942.531,142.531,0.67,0.68,0.32,0.33,0.01,0.01,78027.47,1776976941000
1776976943.094,143.094,0.67,0.68,0.32,0.33,0.01,0.01,78027.47,1776976941000
1776976943.464,143.464,0.58,0.59,0.41,0.42,0.01,0.01,78024.93,1776976942000
1776976943.824,143.824,0.58,0.59,0.41,0.42,0.01,0.01,78024.93,1776976942000
1776976944.236,144.236,0.58,0.6,0.4,0.42,0.02,0.02,78017.63,1776976943000
1776976944.736,144.736,0.58,0.59,0.41,0.42,0.01,0.01,78017.63,1776976943000
1776976945.158,145.158,0.58,0.59,0.41,0.42,0.01,0.01,78017.63,1776976943000
1776976945.524,145.524,0.58,0.59,0.41,0.42,0.01,0.01,78016.12,1776976944000
1776976945.891,145.891,0.58,0.59,0.41,0.42,0.01,0.01,78016.12,1776976944000
1776976946.316,146.316,0.58,0.59,0.41,0.42,0.01,0.01,78016.12,1776976944000
1776976946.945,146.945,0.58,0.59,0.41,0.42,0.01,0.01,78016.2,1776976946000
1776976947.309,147.309,0.58,0.59,0.41,0.42,0.01,0.01,78016.2,1776976946000
1776976947.711,147.711,0.58,0.59,0.41,0.42,0.01,0.01,78016.2,1776976946000
1776976948.125,148.125,0.58,0.59,0.41,0.42,0.01,0.01,78016.19,1776976947000
1776976948.53,148.53,0.58,0.59,0.41,0.42,0.01,0.01,78016.19,1776976947000
1776976949.148,149.148,0.58,0.59,0.41,0.42,0.01,0.01,78016.2,1776976948000
1776976949.618,149.618,0.58,0.59,0.41,0.42,0.01,0.01,78016.2,1776976948000
1776976949.97,149.97,0.58,0.59,0.41,0.42,0.01,0.01,78016.2,1776976948000
1776976950.375,150.375,0.58,0.59,0.41,0.42,0.01,0.01,78016.18,1776976949000
1776976950.743,150.743,0.58,0.59,0.41,0.42,0.01,0.01,78016.18,1776976949000
1776976951.284,151.284,0.58,0.59,0.41,0.42,0.01,0.01,78016.18,1776976949000
1776976951.647,151.647,0.58,0.59,0.41,0.42,0.01,0.01,78016.18,1776976950000
1776976952.609,152.609,0.58,0.59,0.41,0.42,0.01,0.01,78016.18,1776976951000
1776976952.99,152.99,0.68,0.69,0.31,0.32,0.01,0.01,78016.18,1776976951000
1776976953.356,153.356,0.69,0.71,0.29,0.32,0.02,0.03,78016.2,1776976952000
1776976953.716,153.716,0.71,0.72,0.28,0.3,0.01,0.02,78016.2,1776976952000
1776976954.063,154.063,0.71,0.72,0.28,0.29,0.01,0.01,78016.2,1776976952000
1776976954.494,154.494,0.71,0.72,0.28,0.29,0.01,0.01,78022.87,1776976953000
1776976954.847,154.847,0.71,0.72,0.28,0.29,0.01,0.01,78022.87,1776976953000
1776976955.246,155.246,0.71,0.72,0.28,0.29,0.01,0.01,78031.31,1776976954000
1776976955.581,155.581,0.72,0.73,0.27,0.28,0.01,0.01,78031.31,1776976954000
1776976956.051,156.051,0.72,0.73,0.27,0.28,0.01,0.01,78031.31,1776976954000
1776976956.385,156.385,0.72,0.74,0.27,0.28,0.02,0.01,78031.31,1776976954000
1776976957.327,157.327,0.74,0.75,0.25,0.26,0.01,0.01,78033.52,1776976956000
1776976957.909,157.909,0.74,0.75,0.25,0.26,0.01,0.01,78033.52,1776976956000
1776976958.331,158.331,0.73,0.75,0.25,0.26,0.02,0.01,78033.56,1776976957000
1776976958.904,158.904,0.74,0.75,0.25,0.27,0.01,0.02,78033.56,1776976957000
1776976959.25,159.25,0.73,0.74,0.26,0.27,0.01,0.01,78035.54,1776976958000
1776976959.684,159.684,0.73,0.74,0.26,0.27,0.01,0.01,78035.54,1776976958000
1776976960.215,160.215,0.73,0.74,0.26,0.27,0.01,0.01,78034.24,1776976959000
1776976960.606,160.606,0.73,0.74,0.26,0.27,0.01,0.01,78034.24,1776976959000
1776976960.998,160.998,0.73,0.74,0.26,0.27,0.01,0.01,78034.24,1776976959000
1776976961.587,161.587,0.73,0.74,0.26,0.27,0.01,0.01,78033.09,1776976960000
1776976961.921,161.921,0.77,0.79,0.21,0.23,0.02,0.02,78033.09,1776976960000
1776976962.276,162.276,0.84,0.88,0.12,0.16,0.04,0.04,78033.09,1776976960000
1776976962.771,162.771,0.85,0.87,0.13,0.15,0.02,0.02,78033.09,1776976961000
1776976963.119,163.119,0.86,0.87,0.13,0.14,0.01,0.01,78033.8,1776976962000
1776976963.516,163.516,0.85,0.86,0.14,0.15,0.01,0.01,78033.8,1776976962000
1776976963.849,163.849,0.83,0.84,0.16,0.17,0.01,0.01,78033.8,1776976962000
1776976964.186,164.186,0.82,0.83,0.17,0.18,0.01,0.01,78059.64,1776976963000
1776976964.594,164.594,0.82,0.83,0.17,0.18,0.01,0.01,78059.64,1776976963000
1776976964.985,164.985,0.8,0.81,0.19,0.2,0.01,0.01,78066.42,1776976964000
1776976965.429,165.429,0.8,0.81,0.19,0.2,0.01,0.01,78066.42,1776976964000
1776976965.848,165.848,0.8,0.81,0.19,0.2,0.01,0.01,78066.42,1776976964000
1776976966.342,166.342,0.8,0.81,0.19,0.2,0.01,0.01,78064.11,1776976965000
1776976966.706,166.706,0.8,0.81,0.19,0.2,0.01,0.01,78064.11,1776976965000
1776976967.103,167.103,0.8,0.81,0.19,0.2,0.01,0.01,78064.11,1776976965000
1776976967.5,167.5,0.8,0.81,0.19,0.2,0.01,0.01,78059.82,1776976966000
1776976968.182,168.182,0.8,0.81,0.19,0.2,0.01,0.01,78057.68,1776976967000
1776976968.523,168.523,0.81,0.82,0.18,0.19,0.01,0.01,78057.68,1776976967000
1776976968.888,168.888,0.81,0.82,0.18,0.19,0.01,0.01,78057.68,1776976967000
1776976969.37,169.37,0.81,0.82,0.18,0.19,0.01,0.01,78055.7,1776976968000
1776976969.742,169.742,0.81,0.82,0.18,0.19,0.01,0.01,78055.7,1776976968000
1776976970.103,170.103,0.81,0.82,0.18,0.19,0.01,0.01,78055.7,1776976968000
1776976970.551,170.551,0.81,0.82,0.18,0.19,0.01,0.01,78056.84,1776976969000
1776976970.973,170.973,0.76,0.77,0.23,0.24,0.01,0.01,78056.84,1776976969000
1776976971.387,171.387,0.76,0.77,0.23,0.24,0.01,0.01,78056.84,1776976969000
1776976971.747,171.747,0.76,0.77,0.23,0.24,0.01,0.01,78055.2,1776976970000
1776976972.206,172.206,0.75,0.76,0.24,0.25,0.01,0.01,78051.67,1776976971000
1776976972.632,172.632,0.75,0.76,0.24,0.25,0.01,0.01,78051.67,1776976971000
1776976973.248,173.248,0.75,0.76,0.24,0.25,0.01,0.01,78051.67,1776976971000
1776976973.665,173.665,0.75,0.76,0.24,0.25,0.01,0.01,78044.87,1776976972000
1776976974.0,174.0,0.74,0.75,0.25,0.26,0.01,0.01,78044.54,1776976973000
1776976974.361,174.361,0.72,0.75,0.25,0.26,0.03,0.01,78044.54,1776976973000
1776976974.712,174.712,0.74,0.75,0.25,0.26,0.01,0.01,78044.54,1776976973000
1776976975.068,175.068,0.75,0.76,0.23,0.25,0.01,0.02,78044.54,1776976973000
1776976975.513,175.513,0.75,0.76,0.24,0.25,0.01,0.01,78041.8,1776976974000
1776976975.883,175.883,0.75,0.76,0.24,0.25,0.01,0.01,78041.8,1776976974000
1776976976.404,176.404,0.77,0.78,0.22,0.23,0.01,0.01,78041.8,1776976974000
1776976976.781,176.781,0.77,0.78,0.22,0.23,0.01,0.01,78041.1,1776976975000
1776976977.142,177.142,0.77,0.78,0.22,0.23,0.01,0.01,78041.11,1776976976000
1776976977.505,177.505,0.77,0.78,0.22,0.23,0.01,0.01,78041.11,1776976976000
1776976977.89,177.89,0.77,0.78,0.22,0.23,0.01,0.01,78041.11,1776976976000
1776976978.269,178.269,0.77,0.78,0.22,0.23,0.01,0.01,78041.11,1776976976000
1776976978.914,178.914,0.77,0.78,0.22,0.23,0.01,0.01,78042.73,1776976977000
1776976979.32,179.32,0.77,0.8,0.22,0.23,0.03,0.01,78042.73,1776976977000
1776976979.742,179.742,0.8,0.81,0.19,0.2,0.01,0.01,78042.57,1776976978000
1776976980.152,180.152,0.81,0.82,0.18,0.2,0.01,0.02,78042.59,1776976979000
1776976980.533,180.533,0.81,0.82,0.18,0.19,0.01,0.01,78042.59,1776976979000
1776976980.866,180.866,0.81,0.82,0.17,0.19,0.01,0.02,78042.59,1776976979000
1776976981.458,181.458,0.81,0.82,0.18,0.19,0.01,0.01,78043.68,1776976980000
1776976982.346,182.346,0.81,0.82,0.18,0.19,0.01,0.01,78044.46,1776976981000
1776976982.897,182.897,0.81,0.82,0.18,0.19,0.01,0.01,78047.46,1776976982000
1776976983.316,183.316,0.81,0.82,0.18,0.19,0.01,0.01,78047.46,1776976982000
1776976984.239,184.239,0.81,0.82,0.18,0.19,0.01,0.01,78048.34,1776976983000
1776976984.581,184.581,0.81,0.82,0.18,0.19,0.01,0.01,78048.34,1776976983000
1776976985.202,185.202,0.8,0.81,0.19,0.2,0.01,0.01,78048.34,1776976983000
1776976985.617,185.617,0.8,0.81,0.19,0.2,0.01,0.01,78047.21,1776976984000
1776976986.228,186.228,0.8,0.81,0.19,0.2,0.01,0.01,78047.21,1776976984000
1776976986.646,186.646,0.8,0.81,0.19,0.2,0.01,0.01,78047.21,1776976984000
1776976987.019,187.019,0.79,0.81,0.19,0.21,0.02,0.02,78046.51,1776976985000
1776976987.436,187.436,0.79,0.8,0.2,0.21,0.01,0.01,78046.51,1776976985000
1776976987.823,187.823,0.78,0.79,0.21,0.22,0.01,0.01,78046.58,1776976986000
1776976988.191,188.191,0.8,0.81,0.19,0.21,0.01,0.02,78046.58,1776976986000
1776976988.678,188.678,0.8,0.81,0.19,0.2,0.01,0.01,78045.57,1776976987000
1776976989.174,189.174,0.8,0.81,0.19,0.2,0.01,0.01,78045.57,1776976987000
1776976989.638,189.638,0.8,0.81,0.19,0.2,0.01,0.01,78045.57,1776976987000
1776976990.019,190.019,0.8,0.81,0.19,0.2,0.01,0.01,78046.64,1776976988000
1776976991.301,191.301,0.8,0.81,0.19,0.2,0.01,0.01,78046.6,1776976989000
1776976991.638,191.638,0.8,0.81,0.19,0.2,0.01,0.01,78045.4,1776976990000
1776976992.052,192.052,0.8,0.81,0.19,0.2,0.01,0.01,78045.4,1776976990000
1776976992.474,192.474,0.81,0.82,0.18,0.19,0.01,0.01,78045.24,1776976991000
1776976993.154,193.154,0.81,0.82,0.18,0.19,0.01,0.01,78045.24,1776976991000
1776976993.628,193.628,0.82,0.83,0.17,0.19,0.01,0.02,78046.61,1776976992000
1776976994.006,194.006,0.82,0.83,0.17,0.18,0.01,0.01,78046.61,1776976992000
1776976994.348,194.348,0.82,0.83,0.17,0.18,0.01,0.01,78046.61,1776976992000
1776976994.689,194.689,0.82,0.83,0.17,0.18,0.01,0.01,78044.83,1776976993000
1776976995.286,195.286,0.82,0.83,0.17,0.18,0.01,0.01,78046.8,1776976994000
1776976995.685,195.685,0.8,0.81,0.19,0.2,0.01,0.01,78046.8,1776976994000
1776976996.035,196.035,0.8,0.81,0.19,0.2,0.01,0.01,78046.8,1776976994000
1776976996.677,196.677,0.8,0.81,0.19,0.2,0.01,0.01,78044.86,1776976995000
1776976997.249,197.249,0.8,0.81,0.19,0.2,0.01,0.01,78044.86,1776976996000
1776976998.039,198.039,0.81,0.82,0.19,0.2,0.01,0.01,78044.86,1776976996000
1776976998.406,198.406,0.81,0.82,0.18,0.19,0.01,0.01,78045.74,1776976997000
1776976998.808,198.808,0.81,0.82,0.18,0.19,0.01,0.01,78045.74,1776976997000
1776976999.254,199.254,0.81,0.82,0.18,0.19,0.01,0.01,78045.74,1776976998000
1776976999.625,199.625,0.81,0.82,0.18,0.19,0.01,0.01,78045.74,1776976998000
1776977000.067,200.067,0.81,0.82,0.18,0.19,0.01,0.01,78044.79,1776976999000
1776977000.483,200.483,0.81,0.82,0.18,0.19,0.01,0.01,78044.79,1776976999000
1776977001.209,201.209,0.81,0.82,0.18,0.19,0.01,0.01,78044.8,1776977000000
1776977001.548,201.548,0.8,0.82,0.18,0.19,0.02,0.01,78044.8,1776977000000
1776977001.957,201.957,0.78,0.8,0.2,0.22,0.02,0.02,78044.8,1776977000000
1776977002.567,202.567,0.77,0.78,0.22,0.23,0.01,0.01,78045.18,1776977001000
1776977003.253,203.253,0.77,0.78,0.22,0.23,0.01,0.01,78039.61,1776977002000
1776977003.754,203.754,0.82,0.83,0.17,0.18,0.01,0.01,78039.61,1776977002000
1776977004.104,204.104,0.84,0.85,0.15,0.17,0.01,0.02,78039.61,1776977002000
1776977004.502,204.502,0.84,0.85,0.15,0.16,0.01,0.01,78038.55,1776977003000
1776977004.843,204.843,0.84,0.85,0.15,0.16,0.01,0.01,78038.55,1776977003000
1776977005.245,205.245,0.84,0.85,0.15,0.16,0.01,0.01,78038.55,1776977003000
1776977005.608,205.608,0.84,0.85,0.15,0.16,0.01,0.01,78047.02,1776977004000
1776977005.97,205.97,0.84,0.85,0.15,0.16,0.01,0.01,78047.02,1776977004000
1776977006.601,206.601,0.85,0.86,0.14,0.15,0.01,0.01,78053.87,1776977005000
1776977006.958,206.958,0.85,0.86,0.14,0.15,0.01,0.01,78053.87,1776977005000
1776977007.309,207.309,0.85,0.86,0.14,0.15,0.01,0.01,78054.55,1776977006000
1776977007.799,207.799,0.86,0.87,0.13,0.14,0.01,0.01,78054.55,1776977006000
1776977008.217,208.217,0.86,0.87,0.13,0.14,0.01,0.01,78055.63,1776977007000
1776977008.568,208.568,0.86,0.87,0.13,0.14,0.01,0.01,78055.63,1776977007000
1776977008.921,208.921,0.86,0.87,0.13,0.14,0.01,0.01,78055.63,1776977007000
1776977009.289,209.289,0.86,0.87,0.13,0.14,0.01,0.01,78056,1776977008000
1776977009.647,209.647,0.86,0.87,0.13,0.14,0.01,0.01,78056,1776977008000
1776977010.389,210.389,0.86,0.87,0.13,0.14,0.01,0.01,78055.55,1776977009000
1776977010.791,210.791,0.87,0.88,0.12,0.14,0.01,0.02,78055.55,1776977009000
1776977011.159,211.159,0.87,0.88,0.12,0.13,0.01,0.01,78056.54,1776977010000
1776977011.506,211.506,0.87,0.88,0.12,0.13,0.01,0.01,78056.54,1776977010000
1776977011.977,211.977,0.87,0.88,0.12,0.13,0.01,0.01,78056.54,1776977010000
1776977012.421,212.421,0.87,0.89,0.12,0.13,0.02,0.01,78057.51,1776977011000
1776977013.007,213.007,0.88,0.89,0.11,0.12,0.01,0.01,78057.51,1776977011000
1776977013.568,213.568,0.88,0.89,0.11,0.12,0.01,0.01,78059.77,1776977012000
1776977014.231,214.231,0.88,0.89,0.11,0.12,0.01,0.01,78059.77,1776977012000
1776977014.772,214.772,0.88,0.89,0.11,0.12,0.01,0.01,78061.13,1776977013000
1776977015.237,215.237,0.88,0.89,0.11,0.12,0.01,0.01,78060.54,1776977014000
1776977016.671,216.671,0.88,0.89,0.11,0.12,0.01,0.01,78061.21,1776977015000
1776977017.335,217.335,0.88,0.89,0.11,0.12,0.01,0.01,78066.93,1776977016000
1776977017.732,217.732,0.88,0.89,0.11,0.12,0.01,0.01,78066.93,1776977016000
1776977018.078,218.078,0.88,0.9,0.1,0.12,0.02,0.02,78066.93,1776977017000
1776977018.428,218.428,0.88,0.89,0.11,0.12,0.01,0.01,78066.93,1776977017000
1776977018.871,218.871,0.89,0.91,0.09,0.12,0.02,0.03,78066.93,1776977017000
1776977019.244,219.244,0.89,0.9,0.1,0.11,0.01,0.01,78067.3,1776977018000
1776977019.597,219.597,0.91,0.92,0.08,0.09,0.01,0.01,78067.3,1776977018000
1776977020.023,220.023,0.91,0.92,0.08,0.09,0.01,0.01,78067.3,1776977018000
1776977020.36,220.36,0.9,0.92,0.09,0.1,0.02,0.01,78067.13,1776977019000
1776977020.782,220.782,0.9,0.91,0.09,0.1,0.01,0.01,78067.13,1776977019000
1776977021.156,221.156,0.9,0.91,0.09,0.1,0.01,0.01,78067.13,1776977019000
1776977021.491,221.491,0.9,0.91,0.09,0.1,0.01,0.01,78066.98,1776977020000
1776977021.825,221.825,0.91,0.92,0.08,0.09,0.01,0.01,78066.98,1776977020000
1776977022.297,222.297,0.91,0.92,0.08,0.09,0.01,0.01,78066.2,1776977021000
1776977022.63,222.63,0.91,0.92,0.08,0.09,0.01,0.01,78066.2,1776977021000
1776977022.97,222.97,0.83,0.9,0.1,0.14,0.07,0.04,78066.2,1776977021000
1776977023.502,223.502,0.82,0.86,0.14,0.18,0.04,0.04,78066.2,1776977021000
1776977023.861,223.861,0.82,0.84,0.16,0.18,0.02,0.02,78064.46,1776977022000
1776977024.343,224.343,0.82,0.83,0.17,0.18,0.01,0.01,78063.99,1776977023000
1776977024.944,224.944,0.82,0.83,0.17,0.18,0.01,0.01,78063.99,1776977023000
1776977025.325,225.325,0.82,0.83,0.17,0.18,0.01,0.01,78048.5,1776977024000
1776977025.87,225.87,0.82,0.83,0.17,0.18,0.01,0.01,78048.5,1776977024000
1776977026.204,226.204,0.82,0.83,0.17,0.18,0.01,0.01,78043.58,1776977025000
1776977026.662,226.662,0.82,0.83,0.17,0.18,0.01,0.01,78043.58,1776977025000
1776977027.387,227.387,0.82,0.83,0.17,0.18,0.01,0.01,78042.93,1776977026000
1776977027.724,227.724,0.75,0.8,0.2,0.24,0.05,0.04,78042.93,1776977026000
1776977028.082,228.082,0.74,0.77,0.22,0.26,0.03,0.04,78042.93,1776977026000
1776977028.435,228.435,0.74,0.75,0.25,0.26,0.01,0.01,78038.16,1776977027000
1776977028.786,228.786,0.74,0.75,0.25,0.26,0.01,0.01,78038.16,1776977027000
1776977029.12,229.12,0.74,0.75,0.25,0.26,0.01,0.01,78033.38,1776977028000
1776977029.651,229.651,0.74,0.75,0.25,0.26,0.01,0.01,78033.38,1776977028000
1776977030.001,230.001,0.74,0.75,0.25,0.26,0.01,0.01,78033.38,1776977028000
1776977030.348,230.348,0.74,0.75,0.25,0.26,0.01,0.01,78029.16,1776977029000
1776977030.758,230.758,0.74,0.75,0.25,0.26,0.01,0.01,78029.16,1776977029000
1776977031.113,231.113,0.74,0.75,0.25,0.26,0.01,0.01,78029.16,1776977029000
1776977031.47,231.47,0.75,0.76,0.24,0.26,0.01,0.02,78027.97,1776977030000
1776977031.813,231.813,0.75,0.76,0.24,0.25,0.01,0.01,78027.97,1776977030000
1776977032.148,232.148,0.75,0.76,0.24,0.25,0.01,0.01,78027.97,1776977030000
1776977032.584,232.584,0.75,0.76,0.24,0.25,0.01,0.01,78027.22,1776977031000
1776977032.994,232.994,0.75,0.76,0.24,0.25,0.01,0.01,78026.6,1776977032000
1776977034.063,234.063,0.75,0.76,0.24,0.25,0.01,0.01,78026.6,1776977032000
1776977034.463,234.463,0.75,0.76,0.24,0.25,0.01,0.01,78025.87,1776977033000
1776977034.947,234.947,0.75,0.77,0.23,0.25,0.02,0.02,78025.87,1776977033000
1776977035.309,235.309,0.75,0.77,0.23,0.25,0.02,0.02,78025.87,1776977033000
1776977035.665,235.665,0.75,0.76,0.24,0.25,0.01,0.01,78026.28,1776977034000
1776977036.08,236.08,0.75,0.77,0.23,0.25,0.02,0.02,78026.28,1776977034000
1776977036.855,236.855,0.76,0.77,0.23,0.24,0.01,0.01,78026.16,1776977035000
1776977037.235,237.235,0.76,0.77,0.23,0.24,0.01,0.01,78026.62,1776977036000
1776977037.615,237.615,0.73,0.74,0.26,0.27,0.01,0.01,78026.62,1776977036000
1776977037.974,237.974,0.73,0.74,0.26,0.27,0.01,0.01,78026.64,1776977037000
1776977038.347,238.347,0.73,0.74,0.26,0.27,0.01,0.01,78026.64,1776977037000
1776977038.716,238.716,0.73,0.74,0.26,0.27,0.01,0.01,78026.64,1776977037000
1776977039.066,239.066,0.73,0.74,0.26,0.27,0.01,0.01,78022.84,1776977038000
1776977040.28,240.28,0.73,0.74,0.26,0.27,0.01,0.01,78022.81,1776977039000
1776977040.815,240.815,0.73,0.74,0.26,0.27,0.01,0.01,78022.81,1776977039000
1776977041.342,241.342,0.73,0.74,0.26,0.27,0.01,0.01,78022.96,1776977040000
1776977042.025,242.025,0.72,0.73,0.26,0.27,0.01,0.01,78022.96,1776977040000
1776977042.364,242.364,0.72,0.73,0.27,0.28,0.01,0.01,78022.96,1776977040000
1776977042.776,242.776,0.72,0.73,0.27,0.29,0.01,0.02,78021.24,1776977041000
1776977043.11,243.11,0.72,0.73,0.27,0.28,0.01,0.01,78017.88,1776977042000
1776977043.576,243.576,0.71,0.73,0.27,0.28,0.02,0.01,78017.88,1776977042000
1776977043.989,243.989,0.67,0.68,0.32,0.33,0.01,0.01,78017.88,1776977042000
1776977044.421,244.421,0.68,0.69,0.32,0.33,0.01,0.01,78017.71,1776977043000
1776977044.857,244.857,0.68,0.69,0.31,0.32,0.01,0.01,78017.71,1776977043000
1776977045.213,245.213,0.68,0.69,0.31,0.32,0.01,0.01,78017.71,1776977043000
1776977045.557,245.557,0.68,0.69,0.31,0.32,0.01,0.01,78017.71,1776977043000
1776977046.169,246.169,0.68,0.69,0.31,0.32,0.01,0.01,78018.09,1776977044000
1776977046.553,246.553,0.68,0.73,0.31,0.32,0.05,0.01,78017.99,1776977045000
1776977047.28,247.28,0.68,0.71,0.31,0.32,0.03,0.01,78017.99,1776977045000
1776977047.834,247.834,0.7,0.71,0.29,0.32,0.01,0.03,78017.79,1776977046000
1776977048.173,248.173,0.54,0.55,0.45,0.46,0.01,0.01,78017.79,1776977046000
1776977048.508,248.508,0.5,0.58,0.42,0.49,0.08,0.07,78017.91,1776977047000
1776977048.846,248.846,0.49,0.55,0.42,0.51,0.06,0.09,78017.91,1776977047000
1776977049.376,249.376,0.53,0.55,0.45,0.47,0.02,0.02,78017.48,1776977048000
1776977049.744,249.744,0.53,0.55,0.45,0.47,0.02,0.02,78017.48,1776977048000
1776977050.248,250.248,0.53,0.54,0.46,0.47,0.01,0.01,78006.92,1776977049000
1776977050.584,250.584,0.53,0.54,0.46,0.47,0.01,0.01,78006.92,1776977049000
1776977050.997,250.997,0.53,0.54,0.46,0.47,0.01,0.01,78005.41,1776977050000
1776977051.36,251.36,0.53,0.54,0.46,0.47,0.01,0.01,78005.41,1776977050000
1776977051.827,251.827,0.53,0.54,0.46,0.47,0.01,0.01,78005.41,1776977050000
1776977052.242,252.242,0.53,0.54,0.46,0.47,0.01,0.01,78004.06,1776977051000
1776977052.609,252.609,0.53,0.54,0.46,0.47,0.01,0.01,78004.06,1776977051000
1776977052.966,252.966,0.52,0.53,0.47,0.48,0.01,0.01,78004.05,1776977052000
1776977053.302,253.302,0.51,0.53,0.47,0.49,0.02,0.02,78004.05,1776977052000
1776977053.946,253.946,0.52,0.53,0.46,0.49,0.01,0.03,78004.05,1776977052000
1776977054.355,254.355,0.52,0.54,0.46,0.48,0.02,0.02,78001.36,1776977053000
1776977054.699,254.699,0.52,0.53,0.47,0.49,0.01,0.02,78001.36,1776977053000
1776977055.045,255.045,0.52,0.53,0.47,0.48,0.01,0.01,78000.93,1776977054000
1776977055.493,255.493,0.52,0.53,0.47,0.48,0.01,0.01,78000.93,1776977054000
1776977055.861,255.861,0.51,0.52,0.48,0.49,0.01,0.01,78000.93,1776977054000
1776977056.241,256.241,0.51,0.52,0.48,0.49,0.01,0.01,78000.87,1776977055000
1776977056.634,256.634,0.47,0.49,0.51,0.52,0.02,0.01,78000.87,1776977055000
1776977057.023,257.023,0.46,0.47,0.52,0.54,0.01,0.02,78000.87,1776977055000
1776977057.394,257.394,0.45,0.47,0.53,0.54,0.02,0.01,78000.58,1776977056000
1776977057.852,257.852,0.45,0.46,0.54,0.55,0.01,0.01,78000.58,1776977056000
1776977058.258,258.258,0.39,0.4,0.6,0.61,0.01,0.01,78000.58,1776977056000
1776977058.701,258.701,0.35,0.36,0.61,0.65,0.01,0.04,78000.79,1776977057000
1776977059.089,259.089,0.35,0.36,0.64,0.65,0.01,0.01,78000.79,1776977057000
1776977059.429,259.429,0.35,0.36,0.64,0.65,0.01,0.01,77996.72,1776977058000
1776977059.815,259.815,0.35,0.36,0.64,0.65,0.01,0.01,77996.72,1776977058000
1776977060.238,260.238,0.35,0.36,0.64,0.65,0.01,0.01,77995.54,1776977059000
1776977060.802,260.802,0.34,0.35,0.65,0.66,0.01,0.01,77995.54,1776977059000
1776977061.144,261.144,0.29,0.3,0.65,0.71,0.01,0.06,77995.04,1776977060000
1776977061.483,261.483,0.29,0.3,0.7,0.71,0.01,0.01,77995.04,1776977060000
1776977061.875,261.875,0.29,0.3,0.7,0.71,0.01,0.01,77995.04,1776977060000
1776977062.257,262.257,0.29,0.3,0.7,0.71,0.01,0.01,77988.74,1776977061000
1776977062.652,262.652,0.29,0.3,0.7,0.71,0.01,0.01,77988.74,1776977061000
1776977063.074,263.074,0.25,0.26,0.72,0.75,0.01,0.03,77988.74,1776977061000
1776977063.411,263.411,0.25,0.26,0.74,0.75,0.01,0.01,77988.74,1776977061000
1776977063.956,263.956,0.25,0.26,0.74,0.75,0.01,0.01,77986.94,1776977063000
1776977064.364,264.364,0.25,0.26,0.74,0.75,0.01,0.01,77986.94,1776977063000
1776977064.737,264.737,0.25,0.26,0.74,0.75,0.01,0.01,77986.94,1776977063000
1776977065.07,265.07,0.26,0.27,0.73,0.74,0.01,0.01,77986.94,1776977063000
1776977065.466,265.466,0.26,0.27,0.73,0.74,0.01,0.01,77985.81,1776977064000
1776977065.808,265.808,0.29,0.3,0.7,0.71,0.01,0.01,77985.81,1776977064000
1776977066.181,266.181,0.29,0.3,0.7,0.71,0.01,0.01,77986.14,1776977065000
1776977066.82,266.82,0.28,0.29,0.7,0.71,0.01,0.01,77986.14,1776977065000
1776977067.209,267.209,0.28,0.29,0.71,0.72,0.01,0.01,77986.14,1776977065000
1776977067.543,267.543,0.28,0.29,0.71,0.72,0.01,0.01,77986.35,1776977066000
1776977067.946,267.946,0.19,0.2,0.8,0.81,0.01,0.01,77986.35,1776977066000
1776977068.303,268.303,0.17,0.18,0.82,0.83,0.01,0.01,77986.35,1776977066000
1776977068.686,268.686,0.16,0.17,0.82,0.84,0.01,0.02,77986.4,1776977067000
1776977069.094,269.094,0.16,0.17,0.83,0.84,0.01,0.01,77985.95,1776977068000
1776977069.772,269.772,0.16,0.17,0.83,0.84,0.01,0.01,77985.95,1776977068000
1776977070.203,270.203,0.16,0.17,0.83,0.84,0.01,0.01,77980.63,1776977069000
1776977070.687,270.687,0.16,0.17,0.83,0.84,0.01,0.01,77980.63,1776977069000
1776977071.069,271.069,0.15,0.16,0.84,0.85,0.01,0.01,77980.27,1776977070000
1776977071.434,271.434,0.15,0.17,0.84,0.85,0.02,0.01,77980.27,1776977070000
1776977072.145,272.145,0.15,0.16,0.84,0.85,0.01,0.01,77980.27,1776977070000
1776977072.69,272.69,0.15,0.16,0.84,0.85,0.01,0.01,77977.69,1776977071000
1776977073.317,273.317,0.12,0.14,0.84,0.87,0.02,0.03,77976.54,1776977072000
1776977073.691,273.691,0.12,0.13,0.87,0.88,0.01,0.01,77976.54,1776977072000
1776977074.038,274.038,0.17,0.2,0.8,0.83,0.03,0.03,77976.54,1776977072000
1776977074.415,274.415,0.29,0.3,0.7,0.71,0.01,0.01,77976.51,1776977073000
1776977074.752,274.752,0.28,0.29,0.71,0.72,0.01,0.01,77976.51,1776977073000
1776977075.187,275.187,0.28,0.29,0.71,0.72,0.01,0.01,77976.51,1776977073000
1776977075.52,275.52,0.28,0.3,0.7,0.72,0.02,0.02,77976.51,1776977073000
1776977075.857,275.857,0.27,0.29,0.71,0.73,0.02,0.02,77976.51,1776977073000
1776977076.202,276.202,0.23,0.24,0.76,0.77,0.01,0.01,77976.32,1776977074000
1776977076.578,276.578,0.21,0.22,0.78,0.79,0.01,0.01,77979.79,1776977075000
1776977076.917,276.917,0.21,0.22,0.78,0.79,0.01,0.01,77979.79,1776977075000
1776977077.251,277.251,0.23,0.25,0.75,0.77,0.02,0.02,77979.79,1776977075000
1776977077.618,277.618,0.23,0.24,0.76,0.77,0.01,0.01,77982.61,1776977076000
1776977077.964,277.964,0.15,0.16,0.83,0.85,0.01,0.02,77982.61,1776977076000
1776977078.315,278.315,0.2,0.23,0.79,0.83,0.03,0.04,77982.61,1776977076000
1776977078.652,278.652,0.23,0.24,0.77,0.78,0.01,0.01,77983.92,1776977077000
1776977079.023,279.023,0.26,0.27,0.73,0.74,0.01,0.01,77983.92,1776977077000
1776977079.767,279.767,0.26,0.27,0.73,0.74,0.01,0.01,77983.64,1776977078000
1776977080.119,280.119,0.26,0.27,0.73,0.74,0.01,0.01,77983.64,1776977078000
1776977080.47,280.47,0.25,0.26,0.73,0.74,0.01,0.01,77982.07,1776977079000
1776977080.822,280.822,0.25,0.26,0.74,0.75,0.01,0.01,77982.07,1776977079000
1776977081.325,281.325,0.17,0.2,0.77,0.78,0.03,0.01,77982.07,1776977079000
1776977081.675,281.675,0.18,0.19,0.8,0.83,0.01,0.03,77981.81,1776977080000
1776977082.126,282.126,0.18,0.19,0.81,0.82,0.01,0.01,77982.36,1776977081000
1776977082.518,282.518,0.17,0.18,0.82,0.83,0.01,0.01,77982.36,1776977081000
1776977082.983,282.983,0.17,0.18,0.82,0.83,0.01,0.01,77982.36,1776977081000
1776977083.32,283.32,0.17,0.18,0.82,0.83,0.01,0.01,77982.36,1776977081000
1776977083.667,283.667,0.17,0.18,0.82,0.83,0.01,0.01,77982.9,1776977082000
1776977084.065,284.065,0.17,0.18,0.82,0.83,0.01,0.01,77982.9,1776977082000
1776977084.584,284.584,0.17,0.18,0.82,0.83,0.01,0.01,77982.71,1776977083000
1776977084.951,284.951,0.17,0.18,0.82,0.83,0.01,0.01,77982.71,1776977083000
1776977085.339,285.339,0.17,0.18,0.82,0.83,0.01,0.01,77982.71,1776977083000
1776977085.735,285.735,0.17,0.18,0.82,0.83,0.01,0.01,77981.81,1776977084000
1776977086.091,286.091,0.17,0.18,0.82,0.83,0.01,0.01,77981.81,1776977084000
1776977086.461,286.461,0.17,0.18,0.82,0.83,0.01,0.01,77981.57,1776977085000
1776977086.811,286.811,0.17,0.18,0.82,0.83,0.01,0.01,77981.57,1776977085000
1776977087.22,287.22,0.17,0.18,0.82,0.83,0.01,0.01,77981.62,1776977086000
1776977087.562,287.562,0.46,0.57,0.43,0.63,0.11,0.2,77981.62,1776977086000
1776977087.905,287.905,0.59,0.6,0.4,0.41,0.01,0.01,77981.62,1776977086000
1776977088.243,288.243,0.59,0.6,0.4,0.41,0.01,0.01,77981.6,1776977087000
1776977088.577,288.577,0.56,0.6,0.4,0.42,0.04,0.02,77981.6,1776977087000
1776977088.947,288.947,0.55,0.56,0.44,0.45,0.01,0.01,77981.6,1776977087000
1776977089.293,289.293,0.55,0.56,0.44,0.45,0.01,0.01,77981.6,1776977087000
1776977089.629,289.629,0.58,0.59,0.41,0.42,0.01,0.01,77986.24,1776977088000
1776977089.985,289.985,0.53,0.56,0.41,0.49,0.03,0.08,77986.24,1776977088000
1776977090.344,290.344,0.54,0.56,0.44,0.47,0.02,0.03,77986.24,1776977088000
1776977090.75,290.75,0.56,0.57,0.43,0.45,0.01,0.02,77992.76,1776977089000
1776977091.116,291.116,0.56,0.57,0.43,0.44,0.01,0.01,77998.24,1776977090000
1776977091.737,291.737,0.56,0.57,0.43,0.44,0.01,0.01,77998.24,1776977090000
1776977092.119,292.119,0.54,0.55,0.45,0.46,0.01,0.01,78000.45,1776977091000
1776977092.479,292.479,0.54,0.55,0.45,0.46,0.01,0.01,78000.45,1776977091000
1776977092.873,292.873,0.54,0.55,0.45,0.46,0.01,0.01,78000.45,1776977091000
1776977093.321,293.321,0.54,0.55,0.45,0.46,0.01,0.01,78001.12,1776977092000
1776977094.01,294.01,0.57,0.58,0.45,0.46,0.01,0.01,78001.12,1776977092000
1776977094.374,294.374,0.57,0.58,0.42,0.43,0.01,0.01,78001.24,1776977093000
1776977094.922,294.922,0.6,0.61,0.42,0.46,0.01,0.04,78001.24,1776977093000
1776977095.279,295.279,0.85,0.86,0.14,0.16,0.01,0.02,78001.24,1776977093000
1776977095.651,295.651,0.88,0.89,0.11,0.13,0.01,0.02,78001.12,1776977094000
1776977096.029,296.029,0.88,0.89,0.11,0.12,0.01,0.01,78001.12,1776977094000
1776977096.362,296.362,0.87,0.88,0.12,0.13,0.01,0.01,78001.12,1776977094000
1776977096.722,296.722,0.87,0.88,0.12,0.13,0.01,0.01,78001.12,1776977095000
1776977097.062,297.062,0.88,0.89,0.11,0.12,0.01,0.01,78001.12,1776977095000
1776977097.401,297.401,0.92,0.94,0.06,0.11,0.02,0.05,78001.7,1776977096000
1776977097.741,297.741,0.92,0.93,0.07,0.08,0.01,0.01,78001.7,1776977096000
1776977098.079,298.079,0.92,0.94,0.06,0.08,0.02,0.02,78001.7,1776977096000
1776977098.421,298.421,0.92,0.95,0.07,0.08,0.03,0.01,78006.6,1776977097000
1776977098.756,298.756,0.95,0.96,0.04,0.05,0.01,0.01,78006.6,1776977097000
1776977099.092,299.092,0.96,0.97,0.03,0.04,0.01,0.01,78006.6,1776977097000
1776977099.448,299.448,0.99,0.99,0.01,0.02,0.0,0.01,78003.1,1776977098000
1776977099.792,299.792,0.99,0.99,0.01,0.01,0.0,0.0,78003.1,1776977098000
1776977100.183,300.183,0.99,0.99,0.01,0.01,0.0,0.0,78003.1,1776977098000
1776977100.724,300.724,0.99,0.99,0.01,0.01,0.0,0.0,78003.1,1776977099000

# RESULT,winner=Up,slug=btc-updown-5m-1776976800,ticks=659
