timestamp,elapsed_sec,up_bid,up_ask,down_bid,down_ask,up_spread,down_spread,btc_price,btc_oracle_ts
1777048800.592,0.592,0.5,0.51,0.5,0.51,0.01,0.01,77793.82,1777048799000
1777048801.023,1.023,0.5,0.51,0.49,0.5,0.01,0.01,77793.82,1777048799000
1777048801.382,1.382,0.5,0.52,0.47,0.5,0.02,0.03,77793.82,1777048799000
1777048801.856,1.856,0.53,0.54,0.47,0.49,0.01,0.02,77796.78,1777048800000
1777048802.204,2.204,0.57,0.58,0.42,0.44,0.01,0.02,77798.1,1777048801000
1777048802.783,2.783,0.58,0.59,0.41,0.42,0.01,0.01,77798.1,1777048801000
1777048803.168,3.168,0.58,0.59,0.41,0.42,0.01,0.01,77798.1,1777048801000
1777048803.535,3.535,0.57,0.58,0.44,0.45,0.01,0.01,77803.45,1777048802000
1777048803.872,3.872,0.57,0.58,0.42,0.43,0.01,0.01,77803.45,1777048802000
1777048804.539,4.539,0.57,0.58,0.42,0.43,0.01,0.01,77811.3,1777048803000
1777048805.121,5.121,0.57,0.58,0.42,0.43,0.01,0.01,77811.3,1777048803000
1777048805.609,5.609,0.57,0.58,0.42,0.43,0.01,0.01,77811.3,1777048803000
1777048806.226,6.226,0.57,0.58,0.42,0.43,0.01,0.01,77810.51,1777048805000
1777048806.79,6.79,0.56,0.57,0.42,0.44,0.01,0.02,77810.51,1777048805000
1777048807.349,7.349,0.56,0.57,0.43,0.44,0.01,0.01,77810.51,1777048805000
1777048807.7,7.7,0.5,0.51,0.49,0.5,0.01,0.01,77810.12,1777048806000
1777048808.174,8.174,0.51,0.55,0.48,0.49,0.04,0.01,77810.12,1777048806000
1777048808.615,8.615,0.54,0.55,0.45,0.46,0.01,0.01,77809.85,1777048807000
1777048809.112,9.112,0.54,0.55,0.45,0.46,0.01,0.01,77805.98,1777048808000
1777048809.617,9.617,0.54,0.55,0.45,0.46,0.01,0.01,77805.98,1777048808000
1777048810.06,10.06,0.54,0.55,0.44,0.46,0.01,0.02,77805.98,1777048808000
1777048810.425,10.425,0.54,0.56,0.45,0.46,0.02,0.01,77805.98,1777048808000
1777048810.852,10.852,0.55,0.56,0.44,0.46,0.01,0.02,77803.65,1777048809000
1777048811.238,11.238,0.55,0.56,0.44,0.45,0.01,0.01,77803.78,1777048810000
1777048811.828,11.828,0.55,0.56,0.44,0.45,0.01,0.01,77803.78,1777048810000
1777048812.337,12.337,0.54,0.55,0.44,0.46,0.01,0.02,77803.78,1777048810000
1777048812.676,12.676,0.54,0.57,0.45,0.46,0.03,0.01,77804.22,1777048811000
1777048813.014,13.014,0.54,0.55,0.45,0.46,0.01,0.01,77804.22,1777048811000
1777048813.516,13.516,0.54,0.55,0.45,0.46,0.01,0.01,77804.22,1777048811000
1777048813.956,13.956,0.54,0.55,0.45,0.46,0.01,0.01,77804.38,1777048812000
1777048814.536,14.536,0.54,0.55,0.45,0.46,0.01,0.01,77804.38,1777048812000
1777048814.894,14.894,0.54,0.55,0.45,0.46,0.01,0.01,77804.38,1777048812000
1777048815.248,15.248,0.54,0.55,0.45,0.46,0.01,0.01,77804.45,1777048813000
1777048815.71,15.71,0.54,0.55,0.45,0.46,0.01,0.01,77804.21,1777048814000
1777048816.136,16.136,0.53,0.55,0.45,0.46,0.02,0.01,77804.21,1777048814000
1777048816.493,16.493,0.5,0.51,0.49,0.5,0.01,0.01,77804.2,1777048815000
1777048817.002,17.002,0.5,0.51,0.49,0.5,0.01,0.01,77804.2,1777048815000
1777048817.521,17.521,0.5,0.51,0.49,0.5,0.01,0.01,77804.03,1777048816000
1777048818.039,18.039,0.51,0.52,0.48,0.49,0.01,0.01,77803.4,1777048817000
1777048818.618,18.618,0.51,0.52,0.48,0.49,0.01,0.01,77803.4,1777048817000
1777048819.411,19.411,0.51,0.52,0.48,0.49,0.01,0.01,77801.58,1777048818000
1777048819.753,19.753,0.5,0.51,0.48,0.5,0.01,0.02,77801.58,1777048818000
1777048820.213,20.213,0.49,0.5,0.49,0.51,0.01,0.02,77801.58,1777048818000
1777048820.551,20.551,0.49,0.5,0.5,0.51,0.01,0.01,77801.58,1777048819000
1777048820.908,20.908,0.42,0.43,0.54,0.58,0.01,0.04,77801.58,1777048819000
1777048821.365,21.365,0.42,0.43,0.57,0.58,0.01,0.01,77801.58,1777048819000
1777048821.759,21.759,0.41,0.42,0.58,0.59,0.01,0.01,77801.58,1777048819000
1777048822.175,22.175,0.41,0.42,0.58,0.59,0.01,0.01,77797.72,1777048820000
1777048822.615,22.615,0.41,0.42,0.58,0.59,0.01,0.01,77787.66,1777048821000
1777048823.018,23.018,0.41,0.42,0.58,0.59,0.01,0.01,77787.66,1777048821000
1777048823.381,23.381,0.4,0.41,0.59,0.6,0.01,0.01,77784.84,1777048822000
1777048824.075,24.075,0.4,0.41,0.59,0.6,0.01,0.01,77784.84,1777048822000
1777048824.872,24.872,0.4,0.41,0.59,0.6,0.01,0.01,77782.26,1777048823000
1777048825.225,25.225,0.4,0.41,0.59,0.6,0.01,0.01,77782.26,1777048823000
1777048825.586,25.586,0.4,0.41,0.59,0.6,0.01,0.01,77782.26,1777048823000
1777048826.029,26.029,0.4,0.41,0.59,0.6,0.01,0.01,77781.83,1777048824000
1777048826.442,26.442,0.38,0.41,0.59,0.64,0.03,0.05,77781.83,1777048824000
1777048826.78,26.78,0.35,0.37,0.63,0.65,0.02,0.02,77777.85,1777048825000
1777048827.193,27.193,0.34,0.35,0.64,0.65,0.01,0.01,77777.85,1777048825000
1777048827.527,27.527,0.33,0.34,0.66,0.67,0.01,0.01,77772.47,1777048826000
1777048827.909,27.909,0.33,0.34,0.66,0.67,0.01,0.01,77772.47,1777048826000
1777048828.315,28.315,0.31,0.32,0.66,0.69,0.01,0.03,77772.47,1777048826000
1777048828.874,28.874,0.31,0.32,0.68,0.69,0.01,0.01,77768.34,1777048827000
1777048829.366,29.366,0.31,0.32,0.68,0.69,0.01,0.01,77768.34,1777048827000
1777048829.709,29.709,0.31,0.32,0.68,0.69,0.01,0.01,77764.59,1777048828000
1777048830.061,30.061,0.31,0.32,0.68,0.69,0.01,0.01,77764.59,1777048828000
1777048831.125,31.125,0.31,0.32,0.68,0.69,0.01,0.01,77762.18,1777048829000
1777048831.847,31.847,0.31,0.32,0.68,0.69,0.01,0.01,77762.18,1777048829000
1777048832.283,32.283,0.28,0.29,0.71,0.72,0.01,0.01,77760.25,1777048830000
1777048832.631,32.631,0.28,0.29,0.71,0.72,0.01,0.01,77760.13,1777048831000
1777048833.059,33.059,0.28,0.29,0.71,0.72,0.01,0.01,77760.13,1777048831000
1777048833.475,33.475,0.27,0.28,0.72,0.73,0.01,0.01,77760.13,1777048831000
1777048833.847,33.847,0.27,0.28,0.72,0.73,0.01,0.01,77754.93,1777048832000
1777048834.219,34.219,0.27,0.28,0.72,0.73,0.01,0.01,77755.06,1777048833000
1777048834.603,34.603,0.26,0.27,0.72,0.74,0.01,0.02,77755.06,1777048833000
1777048834.951,34.951,0.26,0.27,0.73,0.74,0.01,0.01,77755.06,1777048833000
1777048835.339,35.339,0.21,0.25,0.75,0.76,0.04,0.01,77755.06,1777048834000
1777048835.755,35.755,0.22,0.24,0.76,0.78,0.02,0.02,77755.06,1777048834000
1777048836.13,36.13,0.2,0.22,0.78,0.8,0.02,0.02,77755.06,1777048834000
1777048836.508,36.508,0.21,0.22,0.78,0.79,0.01,0.01,77752.46,1777048835000
1777048836.856,36.856,0.2,0.22,0.78,0.79,0.02,0.01,77752.46,1777048835000
1777048838.02,38.02,0.21,0.22,0.78,0.79,0.01,0.01,77744.89,1777048836000
1777048838.364,38.364,0.19,0.21,0.78,0.81,0.02,0.03,77739.96,1777048837000
1777048838.728,38.728,0.2,0.21,0.79,0.81,0.01,0.02,77739.96,1777048837000
1777048839.117,39.117,0.2,0.21,0.79,0.8,0.01,0.01,77739.96,1777048837000
1777048839.56,39.56,0.19,0.2,0.79,0.81,0.01,0.02,77737.34,1777048838000
1777048839.953,39.953,0.19,0.2,0.8,0.81,0.01,0.01,77737.34,1777048838000
1777048840.321,40.321,0.19,0.2,0.8,0.81,0.01,0.01,77737.34,1777048838000
1777048840.776,40.776,0.19,0.2,0.8,0.81,0.01,0.01,77733.57,1777048839000
1777048841.177,41.177,0.19,0.2,0.8,0.81,0.01,0.01,77733.57,1777048839000
1777048841.53,41.53,0.18,0.19,0.81,0.82,0.01,0.01,77734.0,1777048840000
1777048841.913,41.913,0.17,0.19,0.81,0.82,0.02,0.01,77734.0,1777048840000
1777048842.4,42.4,0.18,0.19,0.81,0.82,0.01,0.01,77733.85,1777048841000
1777048842.738,42.738,0.17,0.18,0.82,0.83,0.01,0.01,77733.85,1777048841000
1777048843.107,43.107,0.17,0.18,0.82,0.83,0.01,0.01,77733.85,1777048841000
1777048843.509,43.509,0.16,0.17,0.82,0.83,0.01,0.01,77731.9,1777048842000
1777048844.217,44.217,0.16,0.17,0.83,0.84,0.01,0.01,77728.14,1777048843000
1777048845.011,45.011,0.16,0.17,0.83,0.84,0.01,0.01,77728.14,1777048843000
1777048845.429,45.429,0.16,0.17,0.83,0.84,0.01,0.01,77724.27,1777048844000
1777048845.803,45.803,0.16,0.17,0.83,0.84,0.01,0.01,77724.27,1777048844000
1777048846.249,46.249,0.16,0.17,0.83,0.84,0.01,0.01,77724.27,1777048844000
1777048846.77,46.77,0.15,0.16,0.84,0.85,0.01,0.01,77722.06,1777048845000
1777048847.131,47.131,0.15,0.16,0.84,0.85,0.01,0.01,77722.06,1777048845000
1777048847.542,47.542,0.15,0.16,0.84,0.85,0.01,0.01,77722.63,1777048846000
1777048847.875,47.875,0.15,0.16,0.84,0.85,0.01,0.01,77722.63,1777048846000
1777048848.301,48.301,0.14,0.15,0.85,0.86,0.01,0.01,77722.63,1777048846000
1777048848.722,48.722,0.13,0.15,0.85,0.86,0.02,0.01,77722.03,1777048847000
1777048849.132,49.132,0.13,0.14,0.86,0.87,0.01,0.01,77722.03,1777048847000
1777048849.542,49.542,0.13,0.14,0.86,0.87,0.01,0.01,77722.03,1777048847000
1777048849.919,49.919,0.13,0.14,0.85,0.87,0.01,0.02,77719.89,1777048848000
1777048850.581,50.581,0.13,0.14,0.85,0.87,0.01,0.02,77717.33,1777048849000
1777048851.031,51.031,0.13,0.14,0.86,0.87,0.01,0.01,77717.33,1777048849000
1777048851.508,51.508,0.13,0.14,0.85,0.87,0.01,0.02,77714.08,1777048850000
1777048851.913,51.913,0.13,0.14,0.85,0.87,0.01,0.02,77714.08,1777048850000
1777048852.328,52.328,0.14,0.15,0.85,0.86,0.01,0.01,77710.09,1777048851000
1777048852.77,52.77,0.13,0.14,0.85,0.87,0.01,0.02,77710.09,1777048851000
1777048853.249,53.249,0.13,0.14,0.86,0.87,0.01,0.01,77708.85,1777048852000
1777048853.94,53.94,0.13,0.14,0.86,0.87,0.01,0.01,77708.85,1777048852000
1777048854.292,54.292,0.12,0.13,0.87,0.88,0.01,0.01,77708.85,1777048852000
1777048854.802,54.802,0.12,0.13,0.87,0.88,0.01,0.01,77706.89,1777048853000
1777048855.185,55.185,0.12,0.13,0.87,0.88,0.01,0.01,77706.89,1777048853000
1777048855.572,55.572,0.11,0.14,0.88,0.89,0.03,0.01,77706.44,1777048854000
1777048855.963,55.963,0.11,0.14,0.86,0.89,0.03,0.03,77706.44,1777048855000
1777048856.489,56.489,0.11,0.12,0.86,0.89,0.01,0.03,77706.44,1777048855000
1777048857.128,57.128,0.11,0.12,0.88,0.89,0.01,0.01,77702.44,1777048856000
1777048857.501,57.501,0.11,0.12,0.88,0.89,0.01,0.01,77702.44,1777048856000
1777048857.86,57.86,0.11,0.12,0.88,0.89,0.01,0.01,77702.44,1777048856000
1777048858.285,58.285,0.1,0.11,0.89,0.9,0.01,0.01,77698.11,1777048857000
1777048858.716,58.716,0.1,0.11,0.89,0.9,0.01,0.01,77698.11,1777048857000
1777048859.06,59.06,0.09,0.11,0.89,0.9,0.02,0.01,77698.11,1777048857000
1777048859.474,59.474,0.09,0.1,0.9,0.91,0.01,0.01,77695.71,1777048858000
1777048859.828,59.828,0.09,0.1,0.9,0.91,0.01,0.01,77695.71,1777048858000
1777048860.244,60.244,0.09,0.1,0.9,0.91,0.01,0.01,77695.71,1777048858000
1777048860.601,60.601,0.09,0.1,0.9,0.91,0.01,0.01,77695.71,1777048858000
1777048860.945,60.945,0.09,0.1,0.9,0.91,0.01,0.01,77694.55,1777048859000
1777048861.289,61.289,0.09,0.1,0.9,0.91,0.01,0.01,77694.55,1777048859000
1777048861.708,61.708,0.09,0.1,0.9,0.91,0.01,0.01,77690.33,1777048860000
1777048862.149,62.149,0.08,0.09,0.91,0.92,0.01,0.01,77689.95,1777048861000
1777048863.147,63.147,0.08,0.09,0.91,0.92,0.01,0.01,77689.95,1777048861000
1777048864.052,64.052,0.08,0.09,0.91,0.92,0.01,0.01,77689.16,1777048862000
1777048864.387,64.387,0.08,0.09,0.91,0.92,0.01,0.01,77689.16,1777048862000
1777048864.73,64.73,0.08,0.09,0.91,0.92,0.01,0.01,77678.05,1777048863000
1777048865.113,65.113,0.07,0.09,0.91,0.93,0.02,0.02,77678.05,1777048863000
1777048865.477,65.477,0.08,0.09,0.91,0.92,0.01,0.01,77673.82,1777048864000
1777048865.922,65.922,0.08,0.09,0.91,0.92,0.01,0.01,77673.82,1777048864000
1777048866.298,66.298,0.08,0.09,0.91,0.92,0.01,0.01,77668.88,1777048865000
1777048866.754,66.754,0.07,0.08,0.91,0.93,0.01,0.02,77668.88,1777048865000
1777048867.097,67.097,0.07,0.08,0.92,0.93,0.01,0.01,77668.94,1777048866000
1777048867.517,67.517,0.07,0.08,0.92,0.93,0.01,0.01,77668.94,1777048866000
1777048867.957,67.957,0.06,0.07,0.93,0.94,0.01,0.01,77668.94,1777048866000
1777048868.5,68.5,0.06,0.07,0.93,0.94,0.01,0.01,77668.17,1777048867000
1777048869.408,69.408,0.06,0.07,0.93,0.94,0.01,0.01,77668.17,1777048867000
1777048869.994,69.994,0.06,0.07,0.93,0.94,0.01,0.01,77666.39,1777048868000
1777048870.471,70.471,0.06,0.07,0.93,0.94,0.01,0.01,77661.53,1777048869000
1777048870.984,70.984,0.06,0.07,0.93,0.94,0.01,0.01,77661.53,1777048869000
1777048871.362,71.362,0.06,0.07,0.93,0.94,0.01,0.01,77660.07,1777048870000
1777048871.699,71.699,0.06,0.07,0.93,0.94,0.01,0.01,77660.07,1777048870000
1777048872.053,72.053,0.06,0.07,0.93,0.94,0.01,0.01,77660.07,1777048870000
1777048872.432,72.432,0.05,0.06,0.94,0.95,0.01,0.01,77648.56,1777048871000
1777048872.83,72.83,0.05,0.06,0.94,0.95,0.01,0.01,77648.56,1777048871000
1777048873.191,73.191,0.05,0.06,0.94,0.95,0.01,0.01,77648.56,1777048871000
1777048873.55,73.55,0.05,0.06,0.94,0.95,0.01,0.01,77648.56,1777048871000
1777048873.895,73.895,0.05,0.06,0.94,0.95,0.01,0.01,77648.11,1777048872000
1777048874.25,74.25,0.05,0.06,0.94,0.95,0.01,0.01,77648.11,1777048873000
1777048874.702,74.702,0.05,0.06,0.94,0.95,0.01,0.01,77648.11,1777048873000
1777048875.222,75.222,0.05,0.06,0.94,0.95,0.01,0.01,77648.11,1777048873000
1777048875.742,75.742,0.05,0.06,0.94,0.95,0.01,0.01,77642.08,1777048874000
1777048876.494,76.494,0.05,0.06,0.94,0.95,0.01,0.01,77642.08,1777048874000
1777048876.9,76.9,0.05,0.06,0.94,0.95,0.01,0.01,77642.37,1777048875000
1777048877.271,77.271,0.05,0.06,0.94,0.95,0.01,0.01,77643.11,1777048876000
1777048877.642,77.642,0.05,0.06,0.94,0.95,0.01,0.01,77643.11,1777048876000
1777048877.986,77.986,0.05,0.06,0.94,0.95,0.01,0.01,77643.11,1777048876000
1777048879.051,79.051,0.05,0.06,0.94,0.95,0.01,0.01,77644.12,1777048877000
1777048879.549,79.549,0.05,0.06,0.94,0.95,0.01,0.01,77646.02,1777048878000
1777048880.231,80.231,0.05,0.06,0.94,0.95,0.01,0.01,77646.02,1777048878000
1777048880.782,80.782,0.05,0.06,0.94,0.95,0.01,0.01,77646.08,1777048879000
1777048881.216,81.216,0.05,0.06,0.94,0.95,0.01,0.01,77646.08,1777048879000
1777048881.736,81.736,0.05,0.06,0.94,0.95,0.01,0.01,77646.07,1777048880000
1777048882.241,82.241,0.05,0.06,0.94,0.95,0.01,0.01,77648.2,1777048881000
1777048882.614,82.614,0.05,0.06,0.94,0.95,0.01,0.01,77648.2,1777048881000
1777048883.167,83.167,0.06,0.07,0.93,0.94,0.01,0.01,77652.84,1777048882000
1777048883.564,83.564,0.06,0.07,0.93,0.94,0.01,0.01,77652.84,1777048882000
1777048883.951,83.951,0.06,0.07,0.93,0.94,0.01,0.01,77652.84,1777048882000
1777048884.341,84.341,0.04,0.07,0.93,0.94,0.03,0.01,77652.91,1777048883000
1777048884.73,84.73,0.06,0.07,0.93,0.94,0.01,0.01,77652.91,1777048883000
1777048885.08,85.08,0.04,0.05,0.95,0.96,0.01,0.01,77652.91,1777048883000
1777048885.426,85.426,0.04,0.05,0.95,0.96,0.01,0.01,77646.59,1777048884000
1777048885.801,85.801,0.04,0.05,0.95,0.96,0.01,0.01,77646.59,1777048884000
1777048886.153,86.153,0.04,0.05,0.95,0.96,0.01,0.01,77646.59,1777048884000
1777048886.521,86.521,0.04,0.05,0.95,0.96,0.01,0.01,77645.61,1777048885000
1777048886.888,86.888,0.04,0.05,0.95,0.96,0.01,0.01,77645.61,1777048885000
1777048887.352,87.352,0.04,0.07,0.95,0.96,0.03,0.01,77645.26,1777048886000
1777048887.751,87.751,0.04,0.05,0.95,0.96,0.01,0.01,77645.26,1777048886000
1777048888.167,88.167,0.04,0.05,0.95,0.96,0.01,0.01,77645.26,1777048886000
1777048888.582,88.582,0.04,0.05,0.95,0.96,0.01,0.01,77644.28,1777048887000
1777048888.96,88.96,0.04,0.05,0.95,0.96,0.01,0.01,77644.28,1777048887000
1777048889.314,89.314,0.04,0.05,0.95,0.96,0.01,0.01,77641.15,1777048888000
1777048889.654,89.654,0.04,0.05,0.94,0.96,0.01,0.02,77641.15,1777048888000
1777048890.103,90.103,0.04,0.05,0.95,0.96,0.01,0.01,77641.15,1777048888000
1777048890.475,90.475,0.04,0.05,0.95,0.96,0.01,0.01,77641.15,1777048888000
1777048890.827,90.827,0.05,0.06,0.94,0.96,0.01,0.02,77641.15,1777048888000
1777048891.428,91.428,0.06,0.07,0.93,0.95,0.01,0.02,77640.98,1777048889000
1777048892.027,92.027,0.05,0.06,0.94,0.95,0.01,0.01,77641.25,1777048890000
1777048892.473,92.473,0.05,0.06,0.94,0.95,0.01,0.01,77640.04,1777048891000
1777048892.835,92.835,0.05,0.06,0.94,0.95,0.01,0.01,77640.04,1777048891000
1777048893.178,93.178,0.05,0.06,0.94,0.95,0.01,0.01,77640.04,1777048891000
1777048893.576,93.576,0.05,0.06,0.94,0.95,0.01,0.01,77639.53,1777048892000
1777048893.99,93.99,0.05,0.06,0.94,0.95,0.01,0.01,77639.53,1777048892000
1777048894.345,94.345,0.05,0.06,0.94,0.95,0.01,0.01,77639.53,1777048892000
1777048894.681,94.681,0.04,0.05,0.94,0.96,0.01,0.02,77639.45,1777048893000
1777048895.074,95.074,0.04,0.05,0.95,0.96,0.01,0.01,77642.55,1777048894000
1777048895.548,95.548,0.04,0.05,0.95,0.96,0.01,0.01,77642.55,1777048894000
1777048896.273,96.273,0.04,0.05,0.95,0.96,0.01,0.01,77641.79,1777048895000
1777048896.678,96.678,0.04,0.05,0.95,0.96,0.01,0.01,77641.79,1777048895000
1777048897.02,97.02,0.04,0.05,0.95,0.96,0.01,0.01,77641.79,1777048895000
1777048897.386,97.386,0.05,0.06,0.94,0.95,0.01,0.01,77633.28,1777048896000
1777048897.729,97.729,0.05,0.06,0.94,0.95,0.01,0.01,77633.28,1777048896000
1777048898.206,98.206,0.05,0.06,0.94,0.95,0.01,0.01,77633.28,1777048896000
1777048898.552,98.552,0.05,0.06,0.94,0.95,0.01,0.01,77630.79,1777048897000
1777048898.97,98.97,0.04,0.05,0.94,0.96,0.01,0.02,77630.79,1777048897000
1777048899.318,99.318,0.04,0.05,0.95,0.96,0.01,0.01,77630.85,1777048898000
1777048899.739,99.739,0.04,0.05,0.95,0.96,0.01,0.01,77630.85,1777048898000
1777048900.175,100.175,0.04,0.05,0.95,0.96,0.01,0.01,77630.85,1777048898000
1777048900.695,100.695,0.04,0.05,0.95,0.96,0.01,0.01,77630.96,1777048899000
1777048901.081,101.081,0.04,0.05,0.95,0.96,0.01,0.01,77630.96,1777048899000
1777048901.475,101.475,0.03,0.04,0.95,0.97,0.01,0.02,77630.77,1777048900000
1777048901.826,101.826,0.03,0.04,0.96,0.97,0.01,0.01,77630.77,1777048900000
1777048902.356,102.356,0.03,0.04,0.96,0.97,0.01,0.01,77630.77,1777048900000
1777048902.727,102.727,0.03,0.04,0.96,0.97,0.01,0.01,77628.29,1777048901000
1777048903.152,103.152,0.03,0.04,0.96,0.97,0.01,0.01,77628.29,1777048901000
1777048903.601,103.601,0.03,0.04,0.96,0.97,0.01,0.01,77627.82,1777048902000
1777048903.997,103.997,0.03,0.04,0.96,0.97,0.01,0.01,77627.82,1777048902000
1777048904.338,104.338,0.03,0.04,0.96,0.97,0.01,0.01,77627.82,1777048902000
1777048904.729,104.729,0.05,0.06,0.94,0.95,0.01,0.01,77627.75,1777048903000
1777048905.107,105.107,0.05,0.06,0.94,0.95,0.01,0.01,77627.75,1777048903000
1777048905.533,105.533,0.05,0.06,0.94,0.95,0.01,0.01,77627.75,1777048903000
1777048905.95,105.95,0.05,0.06,0.94,0.95,0.01,0.01,77627.75,1777048903000
1777048906.536,106.536,0.04,0.06,0.94,0.95,0.02,0.01,77631.76,1777048904000
1777048907.076,107.076,0.04,0.05,0.94,0.96,0.01,0.02,77633.92,1777048905000
1777048907.494,107.494,0.04,0.05,0.95,0.96,0.01,0.01,77635.89,1777048906000
1777048908.069,108.069,0.04,0.05,0.95,0.96,0.01,0.01,77635.89,1777048906000
1777048908.431,108.431,0.04,0.05,0.95,0.96,0.01,0.01,77642.04,1777048907000
1777048908.827,108.827,0.04,0.06,0.95,0.96,0.02,0.01,77642.04,1777048907000
1777048909.399,109.399,0.04,0.05,0.95,0.96,0.01,0.01,77642.04,1777048908000
1777048909.876,109.876,0.04,0.05,0.95,0.96,0.01,0.01,77642.04,1777048908000
1777048910.283,110.283,0.04,0.05,0.95,0.96,0.01,0.01,77643.23,1777048909000
1777048910.734,110.734,0.04,0.05,0.95,0.96,0.01,0.01,77643.23,1777048909000
1777048911.235,111.235,0.04,0.05,0.95,0.96,0.01,0.01,77643.23,1777048909000
1777048911.695,111.695,0.05,0.06,0.94,0.96,0.01,0.02,77637.51,1777048910000
1777048912.039,112.039,0.04,0.05,0.95,0.96,0.01,0.01,77637.51,1777048910000
1777048912.431,112.431,0.04,0.05,0.95,0.96,0.01,0.01,77636.57,1777048911000
1777048912.796,112.796,0.04,0.05,0.95,0.96,0.01,0.01,77636.57,1777048911000
1777048913.384,113.384,0.03,0.05,0.96,0.97,0.02,0.01,77636.35,1777048912000
1777048914.083,114.083,0.03,0.04,0.96,0.97,0.01,0.01,77636.35,1777048912000
1777048914.552,114.552,0.03,0.04,0.96,0.97,0.01,0.01,77633.6,1777048913000
1777048914.964,114.964,0.03,0.04,0.96,0.97,0.01,0.01,77633.6,1777048913000
1777048915.381,115.381,0.03,0.04,0.96,0.97,0.01,0.01,77633.6,1777048913000
1777048915.729,115.729,0.04,0.05,0.95,0.96,0.01,0.01,77630.48,1777048914000
1777048916.09,116.09,0.04,0.05,0.95,0.96,0.01,0.01,77629.55,1777048915000
1777048916.605,116.605,0.04,0.05,0.95,0.96,0.01,0.01,77629.55,1777048915000
1777048917.126,117.126,0.03,0.04,0.95,0.97,0.01,0.02,77629.55,1777048915000
1777048917.482,117.482,0.03,0.04,0.96,0.97,0.01,0.01,77628.55,1777048916000
1777048917.885,117.885,0.03,0.04,0.96,0.97,0.01,0.01,77628.55,1777048916000
1777048918.233,118.233,0.03,0.04,0.96,0.97,0.01,0.01,77628.55,1777048916000
1777048918.643,118.643,0.03,0.04,0.96,0.97,0.01,0.01,77628.46,1777048917000
1777048918.99,118.99,0.03,0.04,0.96,0.97,0.01,0.01,77628.46,1777048917000
1777048919.335,119.335,0.02,0.03,0.97,0.98,0.01,0.01,77622.21,1777048918000
1777048919.716,119.716,0.02,0.03,0.97,0.98,0.01,0.01,77622.21,1777048918000
1777048920.087,120.087,0.02,0.03,0.97,0.98,0.01,0.01,77622.21,1777048918000
1777048920.456,120.456,0.02,0.03,0.97,0.98,0.01,0.01,77618.6,1777048919000
1777048920.802,120.802,0.02,0.03,0.97,0.98,0.01,0.01,77618.6,1777048919000
1777048921.137,121.137,0.02,0.03,0.97,0.98,0.01,0.01,77616.19,1777048920000
1777048921.533,121.533,0.01,0.02,0.98,0.99,0.01,0.01,77616.19,1777048920000
1777048921.947,121.947,0.01,0.02,0.98,0.99,0.01,0.01,77616.19,1777048920000
1777048922.576,122.576,0.01,0.02,0.98,0.99,0.01,0.01,77616.19,1777048920000
1777048922.914,122.914,0.01,0.02,0.98,0.99,0.01,0.01,77611.96,1777048921000
1777048923.298,123.298,0.01,0.02,0.98,0.99,0.01,0.01,77611.96,1777048921000
1777048923.633,123.633,0.01,0.02,0.98,0.99,0.01,0.01,77607.53,1777048922000
1777048923.992,123.992,0.01,0.02,0.98,0.99,0.01,0.01,77607.53,1777048922000
1777048924.409,124.409,0.01,0.02,0.98,0.99,0.01,0.01,77607.53,1777048922000
1777048924.794,124.794,0.01,0.02,0.98,0.99,0.01,0.01,77608.28,1777048923000
1777048925.23,125.23,0.01,0.02,0.98,0.99,0.01,0.01,77608.28,1777048923000
1777048925.624,125.624,0.02,0.03,0.97,0.98,0.01,0.01,77609.59,1777048924000
1777048925.959,125.959,0.02,0.03,0.97,0.98,0.01,0.01,77609.59,1777048924000
1777048926.416,126.416,0.02,0.03,0.97,0.98,0.01,0.01,77609.59,1777048924000
1777048926.939,126.939,0.02,0.03,0.97,0.98,0.01,0.01,77611.1,1777048925000
1777048927.392,127.392,0.02,0.03,0.97,0.98,0.01,0.01,77617.58,1777048926000
1777048927.819,127.819,0.02,0.03,0.97,0.98,0.01,0.01,77617.58,1777048926000
1777048928.153,128.153,0.02,0.03,0.97,0.98,0.01,0.01,77617.58,1777048926000
1777048928.494,128.494,0.02,0.03,0.97,0.98,0.01,0.01,77630.98,1777048927000
1777048928.944,128.944,0.03,0.04,0.96,0.97,0.01,0.01,77630.98,1777048927000
1777048929.423,129.423,0.04,0.05,0.95,0.96,0.01,0.01,77631.75,1777048928000
1777048929.756,129.756,0.04,0.05,0.95,0.96,0.01,0.01,77631.75,1777048928000
1777048930.13,130.13,0.04,0.05,0.95,0.96,0.01,0.01,77631.75,1777048928000
1777048930.633,130.633,0.04,0.05,0.95,0.96,0.01,0.01,77632.0,1777048929000
1777048931.203,131.203,0.04,0.05,0.95,0.96,0.01,0.01,77632.0,1777048929000
1777048931.563,131.563,0.04,0.05,0.95,0.96,0.01,0.01,77642.45,1777048930000
1777048931.936,131.936,0.04,0.05,0.95,0.96,0.01,0.01,77642.45,1777048930000
1777048932.477,132.477,0.04,0.05,0.95,0.96,0.01,0.01,77642.45,1777048930000
1777048932.93,132.93,0.04,0.05,0.95,0.96,0.01,0.01,77647.38,1777048931000
1777048933.285,133.285,0.04,0.05,0.95,0.96,0.01,0.01,77647.38,1777048931000
1777048934.025,134.025,0.04,0.05,0.95,0.96,0.01,0.01,77647.48,1777048932000
1777048934.363,134.363,0.03,0.04,0.96,0.97,0.01,0.01,77647.48,1777048932000
1777048935.185,135.185,0.03,0.04,0.96,0.97,0.01,0.01,77654.71,1777048933000
1777048935.564,135.564,0.03,0.04,0.96,0.97,0.01,0.01,77654.71,1777048933000
1777048936.223,136.223,0.03,0.04,0.96,0.97,0.01,0.01,77654.43,1777048935000
1777048937.07,137.07,0.03,0.04,0.96,0.97,0.01,0.01,77654.43,1777048935000
1777048937.602,137.602,0.03,0.04,0.96,0.97,0.01,0.01,77650.11,1777048936000
1777048937.944,137.944,0.03,0.04,0.96,0.97,0.01,0.01,77650.11,1777048936000
1777048938.412,138.412,0.03,0.04,0.96,0.97,0.01,0.01,77650.6,1777048937000
1777048939.252,139.252,0.03,0.04,0.96,0.97,0.01,0.01,77650.6,1777048937000
1777048939.661,139.661,0.03,0.04,0.96,0.97,0.01,0.01,77651.71,1777048938000
1777048940.118,140.118,0.03,0.04,0.96,0.97,0.01,0.01,77652.67,1777048939000
1777048940.472,140.472,0.03,0.04,0.96,0.97,0.01,0.01,77652.67,1777048939000
1777048940.807,140.807,0.03,0.04,0.96,0.97,0.01,0.01,77652.67,1777048939000
1777048941.334,141.334,0.03,0.04,0.96,0.97,0.01,0.01,77657.29,1777048940000
1777048942.236,142.236,0.03,0.04,0.96,0.97,0.01,0.01,77657.99,1777048941000
1777048942.646,142.646,0.03,0.04,0.96,0.97,0.01,0.01,77657.99,1777048941000
1777048943.236,143.236,0.03,0.04,0.96,0.97,0.01,0.01,77655.61,1777048942000
1777048943.83,143.83,0.02,0.04,0.96,0.97,0.02,0.01,77655.61,1777048942000
1777048944.248,144.248,0.02,0.06,0.97,0.98,0.04,0.01,77655.61,1777048942000
1777048944.954,144.954,0.02,0.03,0.97,0.98,0.01,0.01,77646.64,1777048943000
1777048945.392,145.392,0.02,0.03,0.97,0.98,0.01,0.01,77646.64,1777048943000
1777048945.744,145.744,0.02,0.03,0.97,0.98,0.01,0.01,77646.55,1777048944000
1777048946.266,146.266,0.02,0.03,0.97,0.98,0.01,0.01,77645.84,1777048945000
1777048947.057,147.057,0.02,0.03,0.97,0.98,0.01,0.01,77646.31,1777048946000
1777048947.467,147.467,0.02,0.03,0.97,0.98,0.01,0.01,77646.31,1777048946000
1777048948.115,148.115,0.02,0.03,0.97,0.98,0.01,0.01,77649.31,1777048947000
1777048948.449,148.449,0.02,0.03,0.97,0.98,0.01,0.01,77649.31,1777048947000
1777048949.274,149.274,0.02,0.03,0.97,0.98,0.01,0.01,77652.37,1777048948000
1777048949.624,149.624,0.02,0.03,0.97,0.98,0.01,0.01,77652.37,1777048948000
1777048949.979,149.979,0.02,0.03,0.97,0.98,0.01,0.01,77652.37,1777048948000
1777048950.334,150.334,0.02,0.03,0.97,0.98,0.01,0.01,77652.49,1777048949000
1777048950.745,150.745,0.02,0.03,0.97,0.98,0.01,0.01,77652.49,1777048949000
1777048951.125,151.125,0.02,0.03,0.97,0.98,0.01,0.01,77652.49,1777048949000
1777048951.49,151.49,0.02,0.03,0.97,0.98,0.01,0.01,77652.52,1777048950000
1777048951.869,151.869,0.02,0.03,0.97,0.98,0.01,0.01,77652.52,1777048950000
1777048952.244,152.244,0.02,0.03,0.97,0.98,0.01,0.01,77652.61,1777048951000
1777048952.709,152.709,0.02,0.03,0.97,0.98,0.01,0.01,77652.61,1777048951000
1777048953.08,153.08,0.02,0.03,0.97,0.98,0.01,0.01,77652.61,1777048951000
1777048953.494,153.494,0.02,0.03,0.97,0.98,0.01,0.01,77653.74,1777048952000
1777048953.866,153.866,0.02,0.03,0.97,0.98,0.01,0.01,77653.74,1777048952000
1777048954.227,154.227,0.02,0.03,0.97,0.98,0.01,0.01,77653.74,1777048952000
1777048954.651,154.651,0.02,0.03,0.97,0.98,0.01,0.01,77654.81,1777048953000
1777048954.991,154.991,0.02,0.03,0.97,0.98,0.01,0.01,77654.81,1777048953000
1777048955.358,155.358,0.02,0.03,0.97,0.98,0.01,0.01,77656.06,1777048954000
1777048956.056,156.056,0.02,0.03,0.97,0.98,0.01,0.01,77656.06,1777048954000
1777048956.482,156.482,0.02,0.03,0.97,0.98,0.01,0.01,77648.9,1777048955000
1777048957.114,157.114,0.02,0.03,0.97,0.98,0.01,0.01,77648.9,1777048955000
1777048957.482,157.482,0.02,0.03,0.97,0.98,0.01,0.01,77643.89,1777048956000
1777048958.226,158.226,0.02,0.03,0.97,0.98,0.01,0.01,77639.66,1777048957000
1777048958.607,158.607,0.02,0.03,0.97,0.98,0.01,0.01,77639.66,1777048957000
1777048959.296,159.296,0.02,0.03,0.97,0.98,0.01,0.01,77639.66,1777048957000
1777048959.721,159.721,0.02,0.03,0.97,0.98,0.01,0.01,77639.37,1777048958000
1777048960.102,160.102,0.02,0.03,0.97,0.98,0.01,0.01,77639.37,1777048958000
1777048960.483,160.483,0.02,0.03,0.97,0.98,0.01,0.01,77639.34,1777048959000
1777048960.99,160.99,0.02,0.03,0.97,0.98,0.01,0.01,77639.34,1777048959000
1777048961.324,161.324,0.02,0.03,0.97,0.98,0.01,0.01,77638.93,1777048960000
1777048962.138,162.138,0.02,0.03,0.97,0.98,0.01,0.01,77638.93,1777048960000
1777048962.481,162.481,0.02,0.03,0.97,0.98,0.01,0.01,77638.27,1777048961000
1777048963.067,163.067,0.02,0.03,0.97,0.98,0.01,0.01,77638.27,1777048961000
1777048963.485,163.485,0.02,0.03,0.97,0.98,0.01,0.01,77636.26,1777048962000
1777048963.901,163.901,0.01,0.02,0.98,0.99,0.01,0.01,77636.26,1777048962000
1777048964.509,164.509,0.01,0.02,0.98,0.99,0.01,0.01,77636.22,1777048963000
1777048964.917,164.917,0.01,0.02,0.98,0.99,0.01,0.01,77636.22,1777048963000
1777048965.543,165.543,0.01,0.02,0.98,0.99,0.01,0.01,77636.05,1777048964000
1777048966.225,166.225,0.01,0.02,0.98,0.99,0.01,0.01,77636.05,1777048964000
1777048966.616,166.616,0.01,0.02,0.98,0.99,0.01,0.01,77636.08,1777048965000
1777048967.041,167.041,0.01,0.02,0.98,0.99,0.01,0.01,77636.08,1777048965000
1777048967.419,167.419,0.01,0.02,0.98,0.99,0.01,0.01,77636,1777048966000
1777048967.818,167.818,0.01,0.02,0.98,0.99,0.01,0.01,77636,1777048966000
1777048968.238,168.238,0.01,0.02,0.98,0.99,0.01,0.01,77635.78,1777048967000
1777048968.674,168.674,0.01,0.02,0.98,0.99,0.01,0.01,77635.78,1777048967000
1777048969.039,169.039,0.01,0.02,0.98,0.99,0.01,0.01,77635.78,1777048967000
1777048969.426,169.426,0.01,0.02,0.98,0.99,0.01,0.01,77629.7,1777048968000
1777048969.802,169.802,0.01,0.02,0.98,0.99,0.01,0.01,77629.7,1777048968000
1777048970.255,170.255,0.01,0.02,0.98,0.99,0.01,0.01,77629.7,1777048968000
1777048970.619,170.619,0.02,0.03,0.97,0.99,0.01,0.02,77625.4,1777048969000
1777048970.984,170.984,0.02,0.03,0.97,0.98,0.01,0.01,77625.4,1777048969000
1777048971.385,171.385,0.02,0.03,0.97,0.98,0.01,0.01,77629.34,1777048970000
1777048971.782,171.782,0.02,0.03,0.97,0.98,0.01,0.01,77629.34,1777048970000
1777048972.116,172.116,0.02,0.03,0.97,0.98,0.01,0.01,77629.34,1777048970000
1777048972.506,172.506,0.02,0.03,0.97,0.98,0.01,0.01,77632.03,1777048971000
1777048972.879,172.879,0.02,0.03,0.97,0.98,0.01,0.01,77632.03,1777048971000
1777048973.269,173.269,0.01,0.03,0.97,0.98,0.02,0.01,77632.03,1777048971000
1777048973.626,173.626,0.01,0.02,0.98,0.99,0.01,0.01,77632.52,1777048972000
1777048975.014,175.014,0.01,0.02,0.98,0.99,0.01,0.01,77636.7,1777048974000
1777048975.383,175.383,0.01,0.02,0.98,0.99,0.01,0.01,77636.7,1777048974000
1777048976.14,176.14,0.01,0.02,0.98,0.99,0.01,0.01,77636.72,1777048975000
1777048977.168,177.168,0.01,0.02,0.98,0.99,0.01,0.01,77636.72,1777048975000
1777048977.615,177.615,0.01,0.02,0.98,0.99,0.01,0.01,77636.72,1777048976000
1777048978.374,178.374,0.01,0.02,0.98,0.99,0.01,0.01,77636.72,1777048976000
1777048978.807,178.807,0.01,0.02,0.98,0.99,0.01,0.01,77638.06,1777048977000
1777048979.169,179.169,0.01,0.02,0.98,0.99,0.01,0.01,77638.06,1777048977000
1777048979.525,179.525,0.01,0.02,0.98,0.99,0.01,0.01,77638.06,1777048977000
1777048980.145,180.145,0.01,0.02,0.98,0.99,0.01,0.01,77638.53,1777048978000
1777048980.713,180.713,0.01,0.02,0.98,0.99,0.01,0.01,77640.09,1777048979000
1777048981.279,181.279,0.01,0.02,0.98,0.99,0.01,0.01,77640.09,1777048979000
1777048981.708,181.708,0.01,0.02,0.98,0.99,0.01,0.01,77640.09,1777048979000
1777048982.157,182.157,0.01,0.02,0.98,0.99,0.01,0.01,77640.09,1777048979000
1777048982.561,182.561,0.01,0.02,0.98,0.99,0.01,0.01,77645.34,1777048980000
1777048983.351,183.351,0.01,0.02,0.98,0.99,0.01,0.01,77645.55,1777048982000
1777048983.97,183.97,0.01,0.02,0.98,0.99,0.01,0.01,77645.55,1777048982000
1777048984.327,184.327,0.01,0.03,0.98,0.99,0.02,0.01,77645.55,1777048982000
1777048984.708,184.708,0.01,0.02,0.98,0.99,0.01,0.01,77645.55,1777048982000
1777048985.17,185.17,0.01,0.02,0.98,0.99,0.01,0.01,77645.55,1777048982000
1777048985.631,185.631,0.01,0.02,0.98,0.99,0.01,0.01,77643.95,1777048983000
1777048986.059,186.059,0.01,0.02,0.98,0.99,0.01,0.01,77643.95,1777048983000
1777048986.65,186.65,0.01,0.02,0.98,0.99,0.01,0.01,77646.34,1777048985000
1777048987.413,187.413,0.01,0.02,0.98,0.99,0.01,0.01,77646.34,1777048985000
1777048988.145,188.145,0.01,0.02,0.98,0.99,0.01,0.01,77646.22,1777048986000
1777048988.779,188.779,0.01,0.02,0.98,0.99,0.01,0.01,77644.33,1777048987000
1777048989.148,189.148,0.01,0.02,0.98,0.99,0.01,0.01,77644.33,1777048987000
1777048990.469,190.469,0.01,0.02,0.98,0.99,0.01,0.01,77648.89,1777048989000
1777048990.851,190.851,0.01,0.02,0.98,0.99,0.01,0.01,77648.89,1777048989000
1777048991.297,191.297,0.01,0.02,0.98,0.99,0.01,0.01,77648.89,1777048989000
1777048991.81,191.81,0.01,0.02,0.98,0.99,0.01,0.01,77650.97,1777048990000
1777048992.16,192.16,0.01,0.02,0.98,0.99,0.01,0.01,77650.97,1777048990000
1777048993.169,193.169,0.01,0.02,0.98,0.99,0.01,0.01,77654.57,1777048991000
1777048993.665,193.665,0.01,0.02,0.98,0.99,0.01,0.01,77654.79,1777048992000
1777048994.207,194.207,0.01,0.02,0.98,0.99,0.01,0.01,77654.92,1777048993000
1777048994.872,194.872,0.01,0.02,0.98,0.99,0.01,0.01,77654.92,1777048993000
1777048995.721,195.721,0.01,0.02,0.98,0.99,0.01,0.01,77655.55,1777048994000
1777048996.222,196.222,0.01,0.02,0.98,0.99,0.01,0.01,77655.55,1777048994000
1777048996.556,196.556,0.01,0.02,0.98,0.99,0.01,0.01,77655.49,1777048995000
1777048996.913,196.913,0.02,0.03,0.97,0.98,0.01,0.01,77655.49,1777048995000
1777048997.342,197.342,0.02,0.03,0.97,0.98,0.01,0.01,77655.49,1777048995000
1777048997.77,197.77,0.02,0.03,0.97,0.98,0.01,0.01,77655.55,1777048996000
1777048998.736,198.736,0.02,0.03,0.97,0.98,0.01,0.01,77663.83,1777048997000
1777048999.265,199.265,0.02,0.03,0.97,0.98,0.01,0.01,77663.83,1777048997000
1777048999.604,199.604,0.02,0.04,0.97,0.98,0.02,0.01,77663.83,1777048997000
1777048999.964,199.964,0.03,0.04,0.96,0.97,0.01,0.01,77672.66,1777048998000
1777049000.474,200.474,0.03,0.04,0.96,0.97,0.01,0.01,77673.96,1777048999000
1777049001.014,201.014,0.03,0.04,0.96,0.97,0.01,0.01,77673.96,1777048999000
1777049001.615,201.615,0.03,0.04,0.96,0.97,0.01,0.01,77676.55,1777049000000
1777049002.371,202.371,0.03,0.04,0.96,0.97,0.01,0.01,77676.55,1777049000000
1777049002.72,202.72,0.03,0.04,0.96,0.97,0.01,0.01,77679.23,1777049001000
1777049003.238,203.238,0.03,0.04,0.96,0.97,0.01,0.01,77679.23,1777049001000
1777049003.681,203.681,0.03,0.04,0.96,0.97,0.01,0.01,77679.16,1777049002000
1777049004.211,204.211,0.03,0.04,0.96,0.97,0.01,0.01,77678.72,1777049003000
1777049004.771,204.771,0.03,0.04,0.96,0.97,0.01,0.01,77678.72,1777049003000
1777049005.181,205.181,0.03,0.04,0.96,0.97,0.01,0.01,77678.72,1777049003000
1777049005.568,205.568,0.04,0.05,0.95,0.97,0.01,0.02,77681.99,1777049004000
1777049005.952,205.952,0.04,0.05,0.95,0.96,0.01,0.01,77681.99,1777049004000
1777049006.29,206.29,0.04,0.05,0.95,0.96,0.01,0.01,77683.4,1777049005000
1777049006.794,206.794,0.04,0.05,0.95,0.96,0.01,0.01,77683.4,1777049005000
1777049007.43,207.43,0.04,0.05,0.95,0.96,0.01,0.01,77689.11,1777049006000
1777049007.896,207.896,0.04,0.05,0.95,0.96,0.01,0.01,77689.11,1777049006000
1777049008.567,208.567,0.03,0.05,0.95,0.96,0.02,0.01,77691.21,1777049007000
1777049008.975,208.975,0.03,0.04,0.96,0.97,0.01,0.01,77691.21,1777049007000
1777049009.593,209.593,0.02,0.04,0.96,0.97,0.02,0.01,77691.21,1777049007000
1777049009.969,209.969,0.02,0.04,0.96,0.98,0.02,0.02,77691.13,1777049008000
1777049010.332,210.332,0.01,0.02,0.97,0.99,0.01,0.02,77691.13,1777049008000
1777049010.789,210.789,0.01,0.02,0.98,0.99,0.01,0.01,77694.55,1777049009000
1777049011.296,211.296,0.01,0.02,0.98,0.99,0.01,0.01,77694.55,1777049009000
1777049011.78,211.78,0.01,0.02,0.98,0.99,0.01,0.01,77684.26,1777049010000
1777049012.193,212.193,0.01,0.02,0.98,0.99,0.01,0.01,77684.26,1777049010000
1777049012.732,212.732,0.01,0.02,0.98,0.99,0.01,0.01,77673.73,1777049011000
1777049013.685,213.685,0.01,0.02,0.98,0.99,0.01,0.01,77675.15,1777049012000
1777049014.12,214.12,0.01,0.02,0.98,0.99,0.01,0.01,77675.15,1777049012000
1777049014.84,214.84,0.01,0.03,0.98,0.99,0.02,0.01,77675.45,1777049013000
1777049015.273,215.273,0.01,0.02,0.98,0.99,0.01,0.01,77677.16,1777049014000
1777049015.821,215.821,0.01,0.02,0.98,0.99,0.01,0.01,77677.16,1777049014000
1777049016.232,216.232,0.01,0.02,0.98,0.99,0.01,0.01,77677.16,1777049014000
1777049016.937,216.937,0.01,0.02,0.98,0.99,0.01,0.01,77678.05,1777049015000
1777049017.488,217.488,0.01,0.02,0.98,0.99,0.01,0.01,77676.12,1777049016000
1777049017.923,217.923,0.01,0.02,0.98,0.99,0.01,0.01,77676.12,1777049016000
1777049018.549,218.549,0.01,0.02,0.98,0.99,0.01,0.01,77676.12,1777049017000
1777049019.242,219.242,0.01,0.02,0.98,0.99,0.01,0.01,77678.26,1777049018000
1777049020.101,220.101,0.02,0.03,0.98,0.99,0.01,0.01,77678.26,1777049018000
1777049020.438,220.438,0.02,0.03,0.97,0.98,0.01,0.01,77678.26,1777049019000
1777049020.779,220.779,0.02,0.03,0.97,0.98,0.01,0.01,77678.26,1777049019000
1777049021.377,221.377,0.02,0.03,0.97,0.98,0.01,0.01,77680.02,1777049020000
1777049021.801,221.801,0.02,0.03,0.97,0.98,0.01,0.01,77680.02,1777049020000
1777049022.484,222.484,0.02,0.03,0.97,0.98,0.01,0.01,77682.1,1777049021000
1777049023.163,223.163,0.02,0.03,0.97,0.98,0.01,0.01,77688.41,1777049022000
1777049024.256,224.256,0.02,0.03,0.97,0.98,0.01,0.01,77692.72,1777049023000
1777049024.61,224.61,0.02,0.03,0.97,0.98,0.01,0.01,77692.72,1777049023000
1777049025.507,225.507,0.02,0.03,0.97,0.98,0.01,0.01,77694.32,1777049024000
1777049026.076,226.076,0.02,0.03,0.97,0.98,0.01,0.01,77692.46,1777049025000
1777049026.748,226.748,0.02,0.03,0.97,0.98,0.01,0.01,77692.46,1777049025000
1777049027.138,227.138,0.02,0.03,0.97,0.98,0.01,0.01,77692.48,1777049026000
1777049027.486,227.486,0.02,0.05,0.97,0.98,0.03,0.01,77692.48,1777049026000
1777049027.865,227.865,0.02,0.03,0.97,0.98,0.01,0.01,77692.48,1777049026000
1777049028.386,228.386,0.02,0.03,0.97,0.98,0.01,0.01,77697.16,1777049027000
1777049028.934,228.934,0.02,0.03,0.97,0.98,0.01,0.01,77697.16,1777049027000
1777049029.844,229.844,0.02,0.03,0.97,0.98,0.01,0.01,77694.27,1777049028000
1777049030.272,230.272,0.02,0.03,0.97,0.98,0.01,0.01,77694.38,1777049029000
1777049030.68,230.68,0.02,0.03,0.97,0.98,0.01,0.01,77694.38,1777049029000
1777049031.141,231.141,0.02,0.03,0.97,0.98,0.01,0.01,77694.72,1777049030000
1777049031.481,231.481,0.02,0.03,0.97,0.98,0.01,0.01,77694.72,1777049030000
1777049032.337,232.337,0.02,0.03,0.97,0.98,0.01,0.01,77694.7,1777049031000
1777049032.977,232.977,0.02,0.03,0.97,0.98,0.01,0.01,77694.7,1777049031000
1777049033.605,233.605,0.02,0.03,0.97,0.98,0.01,0.01,77694.7,1777049031000
1777049034.107,234.107,0.02,0.03,0.97,0.98,0.01,0.01,77697.09,1777049032000
1777049034.73,234.73,0.02,0.03,0.97,0.98,0.01,0.01,77697.09,1777049033000
1777049035.152,235.152,0.02,0.03,0.97,0.98,0.01,0.01,77697.09,1777049033000
1777049035.67,235.67,0.02,0.03,0.97,0.98,0.01,0.01,77697.41,1777049034000
1777049036.17,236.17,0.02,0.03,0.97,0.98,0.01,0.01,77697.59,1777049035000
1777049036.733,236.733,0.02,0.03,0.97,0.98,0.01,0.01,77697.59,1777049035000
1777049037.152,237.152,0.02,0.03,0.97,0.98,0.01,0.01,77697.59,1777049035000
1777049037.621,237.621,0.02,0.03,0.97,0.98,0.01,0.01,77697.59,1777049035000
1777049038.142,238.142,0.02,0.03,0.97,0.98,0.01,0.01,77703.01,1777049036000
1777049038.642,238.642,0.02,0.03,0.97,0.98,0.01,0.01,77705.25,1777049037000
1777049039.07,239.07,0.02,0.03,0.97,0.98,0.01,0.01,77705.25,1777049037000
1777049039.675,239.675,0.02,0.03,0.97,0.98,0.01,0.01,77705.63,1777049038000
1777049040.401,240.401,0.02,0.03,0.97,0.98,0.01,0.01,77705.63,1777049038000
1777049040.774,240.774,0.02,0.03,0.97,0.98,0.01,0.01,77705.64,1777049039000
1777049041.195,241.195,0.02,0.03,0.97,0.98,0.01,0.01,77705.64,1777049039000
1777049041.576,241.576,0.05,0.06,0.94,0.95,0.01,0.01,77705.64,1777049040000
1777049041.957,241.957,0.05,0.06,0.94,0.95,0.01,0.01,77705.64,1777049040000
1777049042.326,242.326,0.05,0.06,0.94,0.95,0.01,0.01,77705.68,1777049041000
1777049042.673,242.673,0.05,0.06,0.94,0.95,0.01,0.01,77705.68,1777049041000
1777049043.022,243.022,0.04,0.05,0.95,0.96,0.01,0.01,77705.68,1777049041000
1777049043.358,243.358,0.04,0.05,0.95,0.96,0.01,0.01,77705.68,1777049041000
1777049043.801,243.801,0.04,0.05,0.95,0.96,0.01,0.01,77711.9,1777049042000
1777049044.267,244.267,0.06,0.07,0.93,0.94,0.01,0.01,77711.9,1777049042000
1777049044.654,244.654,0.06,0.07,0.93,0.94,0.01,0.01,77711.9,1777049043000
1777049045.024,245.024,0.07,0.08,0.92,0.93,0.01,0.01,77711.9,1777049043000
1777049045.408,245.408,0.03,0.04,0.92,0.98,0.01,0.06,77712.13,1777049044000
1777049046.163,246.163,0.03,0.04,0.96,0.97,0.01,0.01,77712.13,1777049044000
1777049046.497,246.497,0.06,0.08,0.92,0.97,0.02,0.05,77712.13,1777049044000
1777049046.859,246.859,0.08,0.09,0.91,0.92,0.01,0.01,77719.13,1777049045000
1777049047.256,247.256,0.08,0.09,0.91,0.92,0.01,0.01,77719.13,1777049045000
1777049047.591,247.591,0.08,0.09,0.91,0.92,0.01,0.01,77724.44,1777049046000
1777049047.936,247.936,0.05,0.06,0.94,0.95,0.01,0.01,77724.44,1777049046000
1777049048.333,248.333,0.04,0.05,0.95,0.96,0.01,0.01,77730.83,1777049047000
1777049048.752,248.752,0.03,0.04,0.95,0.97,0.01,0.02,77730.83,1777049047000
1777049049.126,249.126,0.02,0.03,0.97,0.98,0.01,0.01,77736.07,1777049048000
1777049049.664,249.664,0.03,0.04,0.96,0.97,0.01,0.01,77736.07,1777049048000
1777049050.315,250.315,0.04,0.05,0.95,0.96,0.01,0.01,77736.07,1777049048000
1777049050.787,250.787,0.03,0.09,0.91,0.97,0.06,0.06,77732.08,1777049049000
1777049051.442,251.442,0.03,0.04,0.96,0.97,0.01,0.01,77732.08,1777049049000
1777049052.157,252.157,0.03,0.04,0.96,0.97,0.01,0.01,77726.07,1777049050000
1777049052.572,252.572,0.03,0.04,0.96,0.97,0.01,0.01,77726.07,1777049050000
1777049052.92,252.92,0.04,0.05,0.96,0.97,0.01,0.01,77726.03,1777049051000
1777049053.466,253.466,0.04,0.05,0.95,0.96,0.01,0.01,77723.84,1777049052000
1777049053.947,253.947,0.04,0.05,0.95,0.96,0.01,0.01,77723.84,1777049052000
1777049054.306,254.306,0.04,0.05,0.95,0.96,0.01,0.01,77723.84,1777049052000
1777049054.676,254.676,0.02,0.03,0.97,0.98,0.01,0.01,77722.76,1777049053000
1777049055.013,255.013,0.02,0.03,0.97,0.98,0.01,0.01,77723.12,1777049054000
1777049055.351,255.351,0.02,0.03,0.97,0.98,0.01,0.01,77723.12,1777049054000
1777049055.743,255.743,0.02,0.03,0.97,0.98,0.01,0.01,77723.12,1777049054000
1777049056.267,256.267,0.02,0.03,0.97,0.98,0.01,0.01,77723.22,1777049055000
1777049057.217,257.217,0.01,0.02,0.98,0.99,0.01,0.01,77723.22,1777049055000
1777049057.833,257.833,0.01,0.02,0.98,0.99,0.01,0.01,77722.49,1777049056000
1777049058.218,258.218,0.01,0.02,0.98,0.99,0.01,0.01,77722.49,1777049056000
1777049059.162,259.162,0.01,0.02,0.98,0.99,0.01,0.01,77722.82,1777049057000
1777049059.66,259.66,0.01,0.02,0.98,0.99,0.01,0.01,77721.69,1777049058000
1777049060.071,260.071,0.01,0.02,0.98,0.99,0.01,0.01,77721.69,1777049059000
1777049060.459,260.459,0.01,0.02,0.98,0.99,0.01,0.01,77721.69,1777049059000
1777049061.224,261.224,0.01,0.02,0.98,0.99,0.01,0.01,77722.08,1777049060000
1777049061.678,261.678,0.01,0.02,0.98,0.99,0.01,0.01,77722.08,1777049060000
1777049062.031,262.031,0.01,0.02,0.98,0.99,0.01,0.01,77722.08,1777049060000
1777049062.565,262.565,0.01,0.02,0.98,0.99,0.01,0.01,77722.07,1777049061000
1777049063.231,263.231,0.02,0.03,0.97,0.99,0.01,0.02,77722.07,1777049061000
1777049063.566,263.566,0.03,0.04,0.96,0.97,0.01,0.01,77721.78,1777049062000
1777049063.951,263.951,0.03,0.04,0.96,0.97,0.01,0.01,77721.78,1777049063000
1777049064.415,264.415,0.03,0.04,0.96,0.97,0.01,0.01,77721.78,1777049063000
1777049064.781,264.781,0.03,0.04,0.96,0.98,0.01,0.02,77721.78,1777049063000
1777049065.245,265.245,0.02,0.04,0.96,0.97,0.02,0.01,77727.67,1777049064000
1777049066.0,266.0,0.02,0.03,0.96,0.97,0.01,0.01,77727.67,1777049064000
1777049066.404,266.404,0.03,0.04,0.96,0.97,0.01,0.01,77730.96,1777049065000
1777049067.039,267.039,0.02,0.03,0.96,0.97,0.01,0.01,77730.96,1777049065000
1777049067.627,267.627,0.02,0.03,0.97,0.99,0.01,0.02,77730.89,1777049066000
1777049068.186,268.186,0.02,0.03,0.97,0.98,0.01,0.01,77730.89,1777049066000
1777049068.599,268.599,0.02,0.04,0.97,0.98,0.02,0.01,77730.69,1777049067000
1777049069.082,269.082,0.02,0.03,0.97,0.98,0.01,0.01,77730.69,1777049067000
1777049069.835,269.835,0.01,0.02,0.97,0.98,0.01,0.01,77730.47,1777049068000
1777049070.256,270.256,0.01,0.02,0.98,0.99,0.01,0.01,77730.85,1777049069000
1777049070.616,270.616,0.01,0.02,0.98,0.99,0.01,0.01,77730.85,1777049069000
1777049070.953,270.953,0.01,0.02,0.98,0.99,0.01,0.01,77730.85,1777049069000
1777049071.288,271.288,0.01,0.02,0.98,0.99,0.01,0.01,77727.8,1777049070000
1777049071.641,271.641,0.01,0.02,0.98,0.99,0.01,0.01,77727.8,1777049070000
1777049072.025,272.025,0.01,0.02,0.98,0.99,0.01,0.01,77727.8,1777049070000
1777049072.365,272.365,0.01,0.02,0.98,0.99,0.01,0.01,77728.19,1777049071000
1777049072.862,272.862,0.01,0.02,0.98,0.99,0.01,0.01,77728.19,1777049071000
1777049073.264,273.264,0.01,0.01,0.99,0.99,0.0,0.0,77728.19,1777049071000
1777049073.743,273.743,0.01,0.01,0.99,0.99,0.0,0.0,77727.41,1777049072000
1777049074.28,274.28,0.01,0.01,0.99,0.99,0.0,0.0,77723.09,1777049073000
1777049074.67,274.67,0.01,0.01,0.99,0.99,0.0,0.0,77723.09,1777049073000
1777049075.029,275.029,0.01,0.01,0.99,0.99,0.0,0.0,77723.09,1777049073000
1777049075.429,275.429,0.01,0.01,0.99,0.99,0.0,0.0,77719.99,1777049074000
1777049075.861,275.861,0.01,0.01,0.99,0.99,0.0,0.0,77719.99,1777049074000
1777049076.21,276.21,0.01,0.01,0.99,0.99,0.0,0.0,77719.74,1777049075000
1777049076.548,276.548,0.01,0.01,0.99,0.99,0.0,0.0,77719.74,1777049075000
1777049077.115,277.115,0.01,0.01,0.99,0.99,0.0,0.0,77719.74,1777049075000
1777049078.227,278.227,0.01,0.01,0.99,0.99,0.0,0.0,77717.59,1777049077000
1777049079.315,279.315,0.01,0.01,0.99,0.99,0.0,0.0,77717.34,1777049078000
1777049079.755,279.755,0.01,0.01,0.99,0.99,0.0,0.0,77717.34,1777049078000
1777049080.194,280.194,0.01,0.01,0.99,0.99,0.0,0.0,77717.51,1777049079000
1777049081.153,281.153,0.01,0.01,0.99,0.99,0.0,0.0,77717.37,1777049080000
1777049082.115,282.115,0.01,0.01,0.99,0.99,0.0,0.0,77716.56,1777049081000
1777049083.144,283.144,0.01,0.01,0.99,0.99,0.0,0.0,77716.5,1777049082000
1777049084.205,284.205,0.01,0.01,0.99,0.99,0.0,0.0,77716.77,1777049083000
1777049085.247,285.247,0.01,0.01,0.99,0.99,0.0,0.0,77718.09,1777049084000
1777049086.263,286.263,0.01,0.01,0.99,0.99,0.0,0.0,77716.38,1777049085000
1777049087.179,287.179,0.01,0.01,0.99,0.99,0.0,0.0,77716.38,1777049085000
1777049088.238,288.238,0.01,0.01,0.99,0.99,0.0,0.0,77721.35,1777049087000
1777049089.265,289.265,0.01,0.01,0.99,0.99,0.0,0.0,77721.63,1777049088000
1777049090.335,290.335,0.01,0.01,0.99,0.99,0.0,0.0,77721.89,1777049089000
1777049090.676,290.676,0.01,0.01,0.99,0.99,0.0,0.0,77721.89,1777049089000
1777049091.229,291.229,0.01,0.01,0.99,0.99,0.0,0.0,77721.89,1777049089000
1777049091.591,291.591,0.01,0.01,0.99,0.99,0.0,0.0,77726.24,1777049090000
1777049092.365,292.365,0.01,0.01,0.99,0.99,0.0,0.0,77727.19,1777049091000
1777049093.507,293.507,0.01,0.01,0.99,0.99,0.0,0.0,77728.21,1777049092000
1777049094.144,294.144,0.01,0.01,0.99,0.99,0.0,0.0,77730.42,1777049093000
1777049094.95,294.95,0.01,0.01,0.99,0.99,0.0,0.0,77730.42,1777049093000
1777049095.299,295.299,0.01,0.01,0.99,0.99,0.0,0.0,77734.27,1777049094000
1777049096.445,296.445,0.01,0.01,0.99,0.99,0.0,0.0,77735.25,1777049095000
1777049097.066,297.066,0.01,0.01,0.99,0.99,0.0,0.0,77733.09,1777049096000
1777049097.677,297.677,0.01,0.01,0.99,0.99,0.0,0.0,77733.09,1777049096000
1777049098.011,298.011,0.01,0.01,0.99,0.99,0.0,0.0,77733.09,1777049096000
1777049098.362,298.362,0.01,0.01,0.99,0.99,0.0,0.0,77729.29,1777049097000
1777049098.766,298.766,0.01,0.01,0.99,0.99,0.0,0.0,77729.29,1777049097000
1777049099.199,299.199,0.01,0.01,0.99,0.99,0.0,0.0,77729.29,1777049097000
1777049099.916,299.916,0.01,0.01,0.99,0.99,0.0,0.0,77728.46,1777049098000
1777049100.32,300.32,0.01,0.01,0.99,0.99,0.0,0.0,77727.57,1777049099000
1777049100.831,300.831,0.01,0.01,0.99,0.99,0.0,0.0,77727.57,1777049099000
1777049101.432,301.432,0.01,0.01,0.99,0.99,0.0,0.0,77726.87,1777049100000
1777049102.084,302.084,0.01,0.01,0.99,0.99,0.0,0.0,77726.87,1777049101000

# RESULT,winner=Down,slug=btc-updown-5m-1777048800,ticks=621
