timestamp,elapsed_sec,up_bid,up_ask,down_bid,down_ask,up_spread,down_spread,btc_price,btc_oracle_ts
1777256400.519,0.519,0.51,0.52,0.48,0.49,0.01,0.01,79189.44,1777256399000
1777256400.861,0.861,0.51,0.52,0.48,0.49,0.01,0.01,79189.24,1777256400000
1777256401.3,1.3,0.5,0.51,0.48,0.5,0.01,0.02,79189.24,1777256400000
1777256401.697,1.697,0.5,0.51,0.49,0.5,0.01,0.01,79189.24,1777256400000
1777256402.443,2.443,0.5,0.53,0.47,0.5,0.03,0.03,79189.09,1777256401000
1777256402.786,2.786,0.51,0.53,0.47,0.49,0.02,0.02,79189.09,1777256401000
1777256403.361,3.361,0.5,0.53,0.47,0.5,0.03,0.03,79188.93,1777256402000
1777256404.374,4.374,0.51,0.52,0.48,0.49,0.01,0.01,79188.78,1777256403000
1777256404.861,4.861,0.5,0.51,0.49,0.5,0.01,0.01,79188.78,1777256403000
1777256405.245,5.245,0.5,0.51,0.49,0.5,0.01,0.01,79188.06,1777256404000
1777256405.596,5.596,0.38,0.47,0.53,0.61,0.09,0.08,79188.06,1777256404000
1777256405.951,5.951,0.41,0.42,0.57,0.59,0.01,0.02,79188.06,1777256404000
1777256406.307,6.307,0.39,0.4,0.6,0.61,0.01,0.01,79186.78,1777256405000
1777256406.661,6.661,0.38,0.39,0.61,0.62,0.01,0.01,79186.78,1777256405000
1777256407.021,7.021,0.38,0.39,0.61,0.62,0.01,0.01,79186.78,1777256405000
1777256407.487,7.487,0.38,0.39,0.61,0.62,0.01,0.01,79173.0,1777256406000
1777256408.078,8.078,0.4,0.41,0.59,0.62,0.01,0.03,79173.0,1777256406000
1777256408.577,8.577,0.41,0.42,0.59,0.6,0.01,0.01,79173.0,1777256406000
1777256409.04,9.04,0.41,0.42,0.58,0.59,0.01,0.01,79168.68,1777256407000
1777256409.442,9.442,0.41,0.42,0.58,0.59,0.01,0.01,79168.44,1777256408000
1777256409.858,9.858,0.4,0.42,0.58,0.59,0.02,0.01,79168.44,1777256408000
1777256410.296,10.296,0.4,0.41,0.59,0.6,0.01,0.01,79168.44,1777256408000
1777256410.646,10.646,0.4,0.41,0.59,0.6,0.01,0.01,79168.54,1777256409000
1777256410.986,10.986,0.39,0.4,0.6,0.61,0.01,0.01,79168.22,1777256410000
1777256411.364,11.364,0.39,0.4,0.6,0.61,0.01,0.01,79168.22,1777256410000
1777256411.818,11.818,0.39,0.4,0.6,0.61,0.01,0.01,79168.22,1777256410000
1777256412.172,12.172,0.39,0.4,0.6,0.61,0.01,0.01,79166.34,1777256411000
1777256413.323,13.323,0.39,0.4,0.6,0.61,0.01,0.01,79165.86,1777256412000
1777256413.78,13.78,0.39,0.4,0.6,0.61,0.01,0.01,79165.86,1777256412000
1777256414.134,14.134,0.39,0.4,0.59,0.61,0.01,0.02,79165.86,1777256412000
1777256414.505,14.505,0.4,0.41,0.59,0.6,0.01,0.01,79165.78,1777256413000
1777256414.986,14.986,0.4,0.41,0.59,0.6,0.01,0.01,79165.78,1777256413000
1777256415.745,15.745,0.4,0.41,0.59,0.6,0.01,0.01,79165.78,1777256414000
1777256416.103,16.103,0.39,0.41,0.59,0.6,0.02,0.01,79165.78,1777256414000
1777256416.587,16.587,0.39,0.4,0.59,0.61,0.01,0.02,79165.78,1777256415000
1777256417.178,17.178,0.39,0.4,0.6,0.61,0.01,0.01,79165.78,1777256415000
1777256417.571,17.571,0.39,0.4,0.6,0.61,0.01,0.01,79165.78,1777256416000
1777256418.049,18.049,0.39,0.4,0.6,0.61,0.01,0.01,79165.78,1777256416000
1777256418.802,18.802,0.39,0.4,0.6,0.61,0.01,0.01,79168.2,1777256417000
1777256419.174,19.174,0.39,0.4,0.6,0.61,0.01,0.01,79168.2,1777256417000
1777256419.557,19.557,0.38,0.39,0.6,0.62,0.01,0.02,79168.14,1777256418000
1777256420.015,20.015,0.37,0.38,0.61,0.62,0.01,0.01,79168.14,1777256418000
1777256420.475,20.475,0.37,0.38,0.62,0.63,0.01,0.01,79168.14,1777256418000
1777256420.984,20.984,0.36,0.37,0.63,0.64,0.01,0.01,79168.27,1777256419000
1777256421.458,21.458,0.36,0.37,0.63,0.64,0.01,0.01,79168.6,1777256420000
1777256422.119,22.119,0.36,0.37,0.63,0.64,0.01,0.01,79168.6,1777256420000
1777256422.503,22.503,0.36,0.37,0.63,0.64,0.01,0.01,79168.6,1777256420000
1777256422.976,22.976,0.36,0.37,0.63,0.64,0.01,0.01,79167.06,1777256421000
1777256423.372,23.372,0.36,0.37,0.63,0.64,0.01,0.01,79166.72,1777256422000
1777256424.183,24.183,0.36,0.37,0.63,0.64,0.01,0.01,79166.72,1777256422000
1777256424.518,24.518,0.35,0.37,0.63,0.65,0.02,0.02,79166.72,1777256422000
1777256424.915,24.915,0.33,0.35,0.65,0.66,0.02,0.01,79163.02,1777256423000
1777256425.274,25.274,0.34,0.36,0.64,0.66,0.02,0.02,79163.02,1777256423000
1777256425.614,25.614,0.34,0.35,0.65,0.66,0.01,0.01,79163.02,1777256423000
1777256426.077,26.077,0.35,0.36,0.64,0.66,0.01,0.02,79160.44,1777256424000
1777256426.616,26.616,0.35,0.36,0.64,0.65,0.01,0.01,79160.44,1777256424000
1777256427.063,27.063,0.35,0.36,0.64,0.65,0.01,0.01,79159.4,1777256425000
1777256427.667,27.667,0.35,0.36,0.64,0.65,0.01,0.01,79158.53,1777256426000
1777256428.138,28.138,0.33,0.34,0.64,0.67,0.01,0.03,79158.53,1777256426000
1777256428.597,28.597,0.33,0.34,0.66,0.67,0.01,0.01,79158.53,1777256426000
1777256429.053,29.053,0.33,0.34,0.66,0.67,0.01,0.01,79159.45,1777256427000
1777256429.534,29.534,0.33,0.34,0.66,0.67,0.01,0.01,79160.41,1777256428000
1777256430.098,30.098,0.33,0.34,0.66,0.67,0.01,0.01,79160.41,1777256428000
1777256430.488,30.488,0.33,0.34,0.66,0.67,0.01,0.01,79160.41,1777256429000
1777256430.893,30.893,0.36,0.37,0.63,0.65,0.01,0.02,79160.41,1777256429000
1777256431.464,31.464,0.36,0.37,0.63,0.64,0.01,0.01,79160.32,1777256430000
1777256431.874,31.874,0.36,0.37,0.62,0.64,0.01,0.02,79160.32,1777256430000
1777256432.292,32.292,0.39,0.41,0.59,0.61,0.02,0.02,79160.66,1777256431000
1777256432.676,32.676,0.39,0.41,0.59,0.61,0.02,0.02,79160.66,1777256431000
1777256433.42,33.42,0.44,0.45,0.55,0.56,0.01,0.01,79160.66,1777256431000
1777256433.765,33.765,0.47,0.48,0.52,0.53,0.01,0.01,79163.97,1777256432000
1777256434.105,34.105,0.47,0.48,0.52,0.53,0.01,0.01,79166.79,1777256433000
1777256434.528,34.528,0.47,0.49,0.51,0.53,0.02,0.02,79166.79,1777256433000
1777256434.992,34.992,0.48,0.49,0.51,0.52,0.01,0.01,79166.79,1777256433000
1777256435.555,35.555,0.47,0.49,0.51,0.52,0.02,0.01,79166.79,1777256433000
1777256436.041,36.041,0.46,0.47,0.52,0.55,0.01,0.03,79174.24,1777256434000
1777256436.481,36.481,0.45,0.46,0.54,0.55,0.01,0.01,79176.35,1777256435000
1777256436.94,36.94,0.45,0.46,0.54,0.55,0.01,0.01,79176.35,1777256435000
1777256437.358,37.358,0.44,0.45,0.54,0.55,0.01,0.01,79176.35,1777256435000
1777256437.913,37.913,0.43,0.45,0.55,0.56,0.02,0.01,79178.32,1777256436000
1777256438.64,38.64,0.43,0.44,0.56,0.57,0.01,0.01,79178.16,1777256437000
1777256439.456,39.456,0.43,0.44,0.56,0.57,0.01,0.01,79178.24,1777256438000
1777256439.831,39.831,0.42,0.43,0.56,0.58,0.01,0.02,79178.24,1777256438000
1777256440.213,40.213,0.36,0.37,0.63,0.7,0.01,0.07,79178.24,1777256438000
1777256440.56,40.56,0.36,0.37,0.63,0.64,0.01,0.01,79177.46,1777256439000
1777256440.912,40.912,0.36,0.37,0.63,0.64,0.01,0.01,79177.46,1777256439000
1777256441.363,41.363,0.36,0.37,0.63,0.64,0.01,0.01,79176.29,1777256440000
1777256441.743,41.743,0.36,0.37,0.63,0.64,0.01,0.01,79176.29,1777256440000
1777256442.118,42.118,0.36,0.37,0.63,0.64,0.01,0.01,79174.61,1777256441000
1777256442.61,42.61,0.36,0.37,0.63,0.64,0.01,0.01,79174.61,1777256441000
1777256443.045,43.045,0.35,0.36,0.64,0.65,0.01,0.01,79172.14,1777256442000
1777256443.517,43.517,0.36,0.37,0.63,0.65,0.01,0.02,79172.14,1777256442000
1777256443.89,43.89,0.36,0.37,0.63,0.64,0.01,0.01,79172.14,1777256442000
1777256444.46,44.46,0.36,0.37,0.63,0.64,0.01,0.01,79171.98,1777256443000
1777256444.899,44.899,0.39,0.4,0.6,0.61,0.01,0.01,79171.98,1777256443000
1777256445.513,45.513,0.39,0.4,0.6,0.61,0.01,0.01,79170.66,1777256444000
1777256446.011,46.011,0.39,0.4,0.6,0.61,0.01,0.01,79170.66,1777256444000
1777256446.382,46.382,0.39,0.4,0.6,0.61,0.01,0.01,79170.55,1777256445000
1777256447.12,47.12,0.39,0.4,0.6,0.61,0.01,0.01,79170.55,1777256446000
1777256447.482,47.482,0.37,0.38,0.6,0.63,0.01,0.03,79170.55,1777256446000
1777256448.021,48.021,0.37,0.38,0.62,0.63,0.01,0.01,79170.55,1777256446000
1777256448.496,48.496,0.37,0.38,0.62,0.63,0.01,0.01,79170.05,1777256447000
1777256449.009,49.009,0.37,0.38,0.62,0.63,0.01,0.01,79170.05,1777256447000
1777256449.383,49.383,0.38,0.39,0.59,0.63,0.01,0.04,79170.06,1777256448000
1777256449.962,49.962,0.36,0.37,0.63,0.64,0.01,0.01,79170.06,1777256448000
1777256450.411,50.411,0.35,0.36,0.64,0.66,0.01,0.02,79170.06,1777256448000
1777256451.042,51.042,0.35,0.36,0.64,0.65,0.01,0.01,79170.06,1777256448000
1777256451.38,51.38,0.35,0.36,0.64,0.65,0.01,0.01,79169.95,1777256450000
1777256451.777,51.777,0.35,0.36,0.64,0.65,0.01,0.01,79169.95,1777256450000
1777256452.215,52.215,0.35,0.36,0.64,0.65,0.01,0.01,79164.03,1777256451000
1777256452.64,52.64,0.35,0.36,0.64,0.65,0.01,0.01,79164.03,1777256451000
1777256453.069,53.069,0.35,0.36,0.64,0.65,0.01,0.01,79164.03,1777256451000
1777256453.587,53.587,0.35,0.36,0.64,0.65,0.01,0.01,79163.7,1777256452000
1777256453.954,53.954,0.35,0.36,0.64,0.65,0.01,0.01,79163.7,1777256452000
1777256454.329,54.329,0.35,0.36,0.64,0.65,0.01,0.01,79163.56,1777256453000
1777256454.908,54.908,0.36,0.37,0.63,0.65,0.01,0.02,79163.56,1777256453000
1777256455.279,55.279,0.36,0.37,0.63,0.64,0.01,0.01,79163.59,1777256454000
1777256455.719,55.719,0.36,0.37,0.63,0.64,0.01,0.01,79163.59,1777256454000
1777256456.656,56.656,0.36,0.39,0.63,0.64,0.03,0.01,79163.63,1777256455000
1777256457.215,57.215,0.39,0.4,0.61,0.62,0.01,0.01,79163.74,1777256456000
1777256457.667,57.667,0.4,0.41,0.59,0.6,0.01,0.01,79163.74,1777256456000
1777256458.043,58.043,0.4,0.41,0.59,0.6,0.01,0.01,79163.88,1777256457000
1777256458.452,58.452,0.4,0.42,0.58,0.6,0.02,0.02,79163.88,1777256457000
1777256458.998,58.998,0.41,0.42,0.58,0.59,0.01,0.01,79163.88,1777256457000
1777256459.39,59.39,0.41,0.42,0.58,0.59,0.01,0.01,79165.3,1777256458000
1777256459.921,59.921,0.41,0.42,0.58,0.59,0.01,0.01,79165.3,1777256458000
1777256460.382,60.382,0.4,0.41,0.58,0.6,0.01,0.02,79166.37,1777256459000
1777256460.756,60.756,0.39,0.4,0.59,0.61,0.01,0.02,79166.37,1777256459000
1777256461.095,61.095,0.39,0.4,0.6,0.61,0.01,0.01,79166.37,1777256459000
1777256461.529,61.529,0.36,0.37,0.62,0.64,0.01,0.02,79166.64,1777256460000
1777256462.108,62.108,0.36,0.37,0.63,0.64,0.01,0.01,79166.68,1777256461000
1777256462.482,62.482,0.36,0.37,0.63,0.64,0.01,0.01,79166.68,1777256461000
1777256463.125,63.125,0.36,0.37,0.63,0.64,0.01,0.01,79165.3,1777256462000
1777256463.78,63.78,0.35,0.36,0.63,0.64,0.01,0.01,79165.3,1777256462000
1777256464.127,64.127,0.35,0.36,0.64,0.65,0.01,0.01,79165.29,1777256463000
1777256464.646,64.646,0.35,0.36,0.64,0.65,0.01,0.01,79165.29,1777256463000
1777256464.987,64.987,0.35,0.36,0.64,0.65,0.01,0.01,79165.2,1777256464000
1777256465.448,65.448,0.35,0.36,0.64,0.65,0.01,0.01,79165.2,1777256464000
1777256465.801,65.801,0.35,0.36,0.64,0.65,0.01,0.01,79165.2,1777256464000
1777256466.225,66.225,0.36,0.37,0.63,0.65,0.01,0.02,79165.2,1777256465000
1777256466.585,66.585,0.36,0.37,0.63,0.64,0.01,0.01,79165.2,1777256465000
1777256466.959,66.959,0.37,0.38,0.62,0.63,0.01,0.01,79165.2,1777256465000
1777256467.378,67.378,0.37,0.38,0.62,0.63,0.01,0.01,79165.05,1777256466000
1777256467.937,67.937,0.37,0.38,0.62,0.63,0.01,0.01,79165.05,1777256466000
1777256468.487,68.487,0.38,0.39,0.62,0.63,0.01,0.01,79165.15,1777256467000
1777256469.204,69.204,0.38,0.39,0.61,0.62,0.01,0.01,79164.38,1777256468000
1777256469.948,69.948,0.38,0.39,0.61,0.62,0.01,0.01,79164.38,1777256468000
1777256470.334,70.334,0.38,0.39,0.61,0.62,0.01,0.01,79165.03,1777256469000
1777256470.768,70.768,0.38,0.39,0.61,0.62,0.01,0.01,79165.03,1777256469000
1777256471.102,71.102,0.38,0.39,0.61,0.62,0.01,0.01,79165.03,1777256469000
1777256471.475,71.475,0.37,0.38,0.62,0.63,0.01,0.01,79165.05,1777256470000
1777256471.848,71.848,0.37,0.38,0.61,0.63,0.01,0.02,79165.05,1777256470000
1777256472.291,72.291,0.38,0.39,0.61,0.62,0.01,0.01,79164.87,1777256471000
1777256473.018,73.018,0.38,0.39,0.61,0.62,0.01,0.01,79164.87,1777256471000
1777256473.426,73.426,0.38,0.39,0.61,0.62,0.01,0.01,79163.57,1777256472000
1777256473.791,73.791,0.4,0.41,0.59,0.6,0.01,0.01,79163.57,1777256472000
1777256474.128,74.128,0.4,0.41,0.59,0.6,0.01,0.01,79163.57,1777256472000
1777256474.463,74.463,0.4,0.41,0.59,0.6,0.01,0.01,79163.57,1777256472000
1777256474.972,74.972,0.4,0.41,0.59,0.6,0.01,0.01,79164.45,1777256474000
1777256475.605,75.605,0.4,0.41,0.59,0.6,0.01,0.01,79164.45,1777256474000
1777256476.045,76.045,0.39,0.4,0.59,0.61,0.01,0.02,79164.45,1777256474000
1777256476.456,76.456,0.39,0.4,0.6,0.61,0.01,0.01,79164.83,1777256475000
1777256476.87,76.87,0.39,0.4,0.6,0.61,0.01,0.01,79164.83,1777256475000
1777256477.256,77.256,0.39,0.4,0.6,0.61,0.01,0.01,79164.93,1777256476000
1777256477.671,77.671,0.39,0.4,0.6,0.61,0.01,0.01,79164.93,1777256476000
1777256478.503,78.503,0.39,0.4,0.6,0.61,0.01,0.01,79164.8,1777256477000
1777256478.975,78.975,0.39,0.4,0.6,0.61,0.01,0.01,79165.35,1777256478000
1777256480.137,80.137,0.39,0.4,0.6,0.61,0.01,0.01,79165.35,1777256478000
1777256481.402,81.402,0.39,0.4,0.6,0.61,0.01,0.01,79165.64,1777256480000
1777256481.988,81.988,0.39,0.4,0.6,0.61,0.01,0.01,79165.64,1777256480000
1777256482.457,82.457,0.38,0.39,0.6,0.61,0.01,0.01,79165.69,1777256481000
1777256483.048,83.048,0.38,0.39,0.61,0.62,0.01,0.01,79165.69,1777256481000
1777256483.609,83.609,0.38,0.39,0.61,0.62,0.01,0.01,79165.58,1777256482000
1777256484.37,84.37,0.38,0.39,0.61,0.62,0.01,0.01,79165.64,1777256483000
1777256484.78,84.78,0.38,0.39,0.61,0.62,0.01,0.01,79165.64,1777256483000
1777256485.119,85.119,0.38,0.39,0.61,0.62,0.01,0.01,79165.78,1777256484000
1777256485.727,85.727,0.37,0.39,0.61,0.62,0.02,0.01,79165.78,1777256484000
1777256486.394,86.394,0.38,0.39,0.61,0.62,0.01,0.01,79165.89,1777256485000
1777256486.807,86.807,0.37,0.38,0.61,0.62,0.01,0.01,79165.89,1777256485000
1777256487.999,87.999,0.37,0.38,0.62,0.63,0.01,0.01,79165.61,1777256486000
1777256488.49,88.49,0.37,0.38,0.62,0.64,0.01,0.02,79165.61,1777256486000
1777256488.927,88.927,0.37,0.38,0.62,0.63,0.01,0.01,79165.45,1777256487000
1777256489.359,89.359,0.37,0.38,0.62,0.63,0.01,0.01,79165.04,1777256488000
1777256490.155,90.155,0.37,0.38,0.62,0.63,0.01,0.01,79165.04,1777256488000
1777256490.739,90.739,0.37,0.38,0.62,0.63,0.01,0.01,79165.36,1777256489000
1777256491.346,91.346,0.37,0.38,0.62,0.63,0.01,0.01,79165.38,1777256490000
1777256491.944,91.944,0.35,0.37,0.62,0.63,0.02,0.01,79165.38,1777256490000
1777256492.35,92.35,0.36,0.38,0.63,0.64,0.02,0.01,79165.38,1777256490000
1777256492.994,92.994,0.37,0.38,0.63,0.64,0.01,0.01,79165.55,1777256491000
1777256493.675,93.675,0.38,0.39,0.61,0.63,0.01,0.02,79164.84,1777256492000
1777256494.155,94.155,0.38,0.39,0.61,0.62,0.01,0.01,79164.84,1777256492000
1777256494.618,94.618,0.38,0.39,0.61,0.62,0.01,0.01,79165.62,1777256493000
1777256494.99,94.99,0.38,0.39,0.61,0.62,0.01,0.01,79165.62,1777256493000
1777256495.415,95.415,0.38,0.39,0.61,0.62,0.01,0.01,79165.04,1777256494000
1777256496.059,96.059,0.38,0.39,0.61,0.62,0.01,0.01,79165.04,1777256494000
1777256496.718,96.718,0.38,0.39,0.61,0.62,0.01,0.01,79165.2,1777256495000
1777256497.14,97.14,0.36,0.39,0.61,0.62,0.03,0.01,79165.2,1777256495000
1777256497.514,97.514,0.36,0.37,0.63,0.64,0.01,0.01,79165.42,1777256496000
1777256498.091,98.091,0.36,0.37,0.63,0.64,0.01,0.01,79165.46,1777256497000
1777256498.562,98.562,0.36,0.37,0.63,0.64,0.01,0.01,79165.46,1777256497000
1777256499.413,99.413,0.36,0.37,0.63,0.64,0.01,0.01,79165.46,1777256497000
1777256499.948,99.948,0.36,0.37,0.63,0.64,0.01,0.01,79165.46,1777256497000
1777256500.348,100.348,0.36,0.37,0.63,0.64,0.01,0.01,79165.38,1777256499000
1777256500.93,100.93,0.36,0.37,0.63,0.64,0.01,0.01,79165.38,1777256499000
1777256501.521,101.521,0.35,0.36,0.63,0.64,0.01,0.01,79165.38,1777256500000
1777256502.334,102.334,0.35,0.36,0.64,0.65,0.01,0.01,79165.38,1777256500000
1777256502.807,102.807,0.35,0.36,0.64,0.65,0.01,0.01,79165.25,1777256501000
1777256503.979,103.979,0.35,0.36,0.64,0.65,0.01,0.01,79165.56,1777256502000
1777256504.421,104.421,0.35,0.36,0.64,0.65,0.01,0.01,79165.51,1777256503000
1777256505.159,105.159,0.35,0.36,0.64,0.65,0.01,0.01,79165.51,1777256503000
1777256505.493,105.493,0.35,0.36,0.64,0.65,0.01,0.01,79165.47,1777256504000
1777256505.908,105.908,0.35,0.36,0.64,0.65,0.01,0.01,79165.1,1777256505000
1777256506.255,106.255,0.35,0.36,0.64,0.65,0.01,0.01,79165.1,1777256505000
1777256506.714,106.714,0.34,0.36,0.64,0.65,0.02,0.01,79165.1,1777256505000
1777256507.307,107.307,0.34,0.35,0.64,0.66,0.01,0.02,79165.1,1777256505000
1777256507.671,107.671,0.31,0.32,0.66,0.69,0.01,0.03,79164.8,1777256506000
1777256508.008,108.008,0.31,0.32,0.68,0.69,0.01,0.01,79164.8,1777256506000
1777256508.646,108.646,0.31,0.32,0.68,0.69,0.01,0.01,79164.01,1777256507000
1777256509.057,109.057,0.31,0.32,0.68,0.69,0.01,0.01,79164.02,1777256508000
1777256510.148,110.148,0.3,0.31,0.68,0.69,0.01,0.01,79164.02,1777256508000
1777256510.83,110.83,0.3,0.31,0.69,0.7,0.01,0.01,79164.02,1777256509000
1777256511.245,111.245,0.3,0.31,0.69,0.7,0.01,0.01,79162.89,1777256510000
1777256511.581,111.581,0.3,0.31,0.69,0.7,0.01,0.01,79162.89,1777256510000
1777256511.948,111.948,0.26,0.28,0.72,0.74,0.02,0.02,79162.89,1777256510000
1777256512.307,112.307,0.26,0.27,0.73,0.74,0.01,0.01,79162.89,1777256510000
1777256512.685,112.685,0.26,0.27,0.73,0.74,0.01,0.01,79162.03,1777256511000
1777256513.183,113.183,0.26,0.27,0.73,0.74,0.01,0.01,79160.01,1777256512000
1777256513.65,113.65,0.26,0.27,0.73,0.74,0.01,0.01,79160.01,1777256512000
1777256514.05,114.05,0.26,0.27,0.73,0.74,0.01,0.01,79155.94,1777256513000
1777256514.485,114.485,0.26,0.27,0.73,0.74,0.01,0.01,79155.94,1777256513000
1777256515.005,115.005,0.26,0.27,0.73,0.74,0.01,0.01,79155.94,1777256513000
1777256515.387,115.387,0.26,0.27,0.73,0.74,0.01,0.01,79152.73,1777256514000
1777256515.935,115.935,0.26,0.27,0.73,0.74,0.01,0.01,79152.73,1777256514000
1777256516.616,116.616,0.26,0.28,0.72,0.74,0.02,0.02,79153.52,1777256515000
1777256517.047,117.047,0.26,0.27,0.73,0.74,0.01,0.01,79153.52,1777256515000
1777256517.571,117.571,0.26,0.28,0.73,0.74,0.02,0.01,79152.3,1777256516000
1777256517.915,117.915,0.2,0.22,0.75,0.8,0.02,0.05,79152.3,1777256516000
1777256518.304,118.304,0.2,0.21,0.79,0.8,0.01,0.01,79152.3,1777256516000
1777256518.685,118.685,0.21,0.22,0.77,0.8,0.01,0.03,79151.31,1777256517000
1777256519.044,119.044,0.21,0.22,0.78,0.79,0.01,0.01,79151.31,1777256517000
1777256519.462,119.462,0.2,0.21,0.79,0.8,0.01,0.01,79151.24,1777256518000
1777256519.847,119.847,0.2,0.21,0.79,0.8,0.01,0.01,79151.24,1777256518000
1777256520.206,120.206,0.2,0.21,0.79,0.8,0.01,0.01,79144.56,1777256519000
1777256520.63,120.63,0.2,0.21,0.79,0.8,0.01,0.01,79144.56,1777256519000
1777256520.978,120.978,0.2,0.21,0.79,0.8,0.01,0.01,79144.56,1777256519000
1777256521.366,121.366,0.18,0.21,0.79,0.82,0.03,0.03,79140.42,1777256520000
1777256521.875,121.875,0.18,0.19,0.79,0.82,0.01,0.03,79140.42,1777256520000
1777256522.349,122.349,0.18,0.19,0.81,0.82,0.01,0.01,79140.06,1777256521000
1777256522.792,122.792,0.19,0.2,0.8,0.82,0.01,0.02,79140.06,1777256521000
1777256523.126,123.126,0.19,0.2,0.8,0.81,0.01,0.01,79140.06,1777256521000
1777256523.532,123.532,0.19,0.2,0.8,0.81,0.01,0.01,79136.86,1777256522000
1777256523.936,123.936,0.19,0.2,0.8,0.81,0.01,0.01,79136.86,1777256522000
1777256524.323,124.323,0.19,0.2,0.8,0.81,0.01,0.01,79136.86,1777256522000
1777256524.755,124.755,0.19,0.2,0.8,0.81,0.01,0.01,79137.15,1777256523000
1777256525.088,125.088,0.19,0.2,0.8,0.81,0.01,0.01,79137.15,1777256524000
1777256525.484,125.484,0.19,0.2,0.8,0.81,0.01,0.01,79137.15,1777256524000
1777256525.839,125.839,0.15,0.16,0.84,0.85,0.01,0.01,79137.15,1777256524000
1777256526.177,126.177,0.15,0.16,0.84,0.85,0.01,0.01,79135.83,1777256525000
1777256526.701,126.701,0.15,0.16,0.84,0.85,0.01,0.01,79135.83,1777256525000
1777256527.048,127.048,0.15,0.16,0.84,0.85,0.01,0.01,79135.83,1777256525000
1777256527.507,127.507,0.15,0.16,0.84,0.85,0.01,0.01,79132.61,1777256526000
1777256527.85,127.85,0.14,0.16,0.84,0.86,0.02,0.02,79132.61,1777256526000
1777256528.315,128.315,0.15,0.16,0.84,0.86,0.01,0.02,79132.61,1777256526000
1777256528.708,128.708,0.15,0.16,0.84,0.85,0.01,0.01,79128.87,1777256527000
1777256529.373,129.373,0.13,0.16,0.84,0.85,0.03,0.01,79127.72,1777256528000
1777256529.837,129.837,0.13,0.16,0.84,0.87,0.03,0.03,79127.72,1777256528000
1777256530.266,130.266,0.14,0.15,0.85,0.86,0.01,0.01,79127.72,1777256528000
1777256530.605,130.605,0.14,0.15,0.85,0.86,0.01,0.01,79127.27,1777256529000
1777256531.03,131.03,0.14,0.15,0.85,0.86,0.01,0.01,79127.27,1777256529000
1777256531.453,131.453,0.13,0.14,0.85,0.86,0.01,0.01,79127.02,1777256530000
1777256531.793,131.793,0.13,0.14,0.86,0.87,0.01,0.01,79127.02,1777256530000
1777256532.126,132.126,0.13,0.14,0.86,0.87,0.01,0.01,79127.02,1777256530000
1777256532.675,132.675,0.12,0.13,0.87,0.88,0.01,0.01,79126.57,1777256531000
1777256533.027,133.027,0.12,0.13,0.87,0.88,0.01,0.01,79126.57,1777256531000
1777256533.365,133.365,0.12,0.13,0.87,0.88,0.01,0.01,79126.06,1777256532000
1777256533.791,133.791,0.12,0.13,0.87,0.88,0.01,0.01,79126.06,1777256532000
1777256534.134,134.134,0.12,0.13,0.87,0.88,0.01,0.01,79123.41,1777256533000
1777256534.764,134.764,0.12,0.13,0.87,0.88,0.01,0.01,79123.41,1777256533000
1777256535.104,135.104,0.12,0.13,0.87,0.88,0.01,0.01,79121.03,1777256534000
1777256535.521,135.521,0.17,0.18,0.8,0.84,0.01,0.04,79121.03,1777256534000
1777256536.161,136.161,0.18,0.19,0.81,0.82,0.01,0.01,79121.03,1777256534000
1777256536.637,136.637,0.18,0.19,0.81,0.82,0.01,0.01,79123.39,1777256535000
1777256537.058,137.058,0.18,0.19,0.81,0.82,0.01,0.01,79123.39,1777256535000
1777256537.417,137.417,0.18,0.19,0.81,0.82,0.01,0.01,79123.39,1777256535000
1777256537.88,137.88,0.18,0.19,0.81,0.82,0.01,0.01,79128.65,1777256536000
1777256538.341,138.341,0.18,0.19,0.81,0.82,0.01,0.01,79128.65,1777256536000
1777256538.837,138.837,0.18,0.19,0.81,0.82,0.01,0.01,79131.57,1777256537000
1777256539.353,139.353,0.18,0.19,0.81,0.82,0.01,0.01,79131.74,1777256538000
1777256539.914,139.914,0.18,0.19,0.81,0.82,0.01,0.01,79131.74,1777256538000
1777256540.312,140.312,0.18,0.19,0.81,0.82,0.01,0.01,79131.74,1777256539000
1777256540.817,140.817,0.18,0.19,0.81,0.82,0.01,0.01,79131.74,1777256539000
1777256541.16,141.16,0.18,0.19,0.81,0.82,0.01,0.01,79131.74,1777256539000
1777256541.555,141.555,0.17,0.18,0.82,0.83,0.01,0.01,79131.79,1777256540000
1777256542.191,142.191,0.16,0.17,0.82,0.84,0.01,0.02,79131.79,1777256540000
1777256542.563,142.563,0.16,0.17,0.83,0.84,0.01,0.01,79130.85,1777256541000
1777256542.963,142.963,0.16,0.19,0.81,0.84,0.03,0.03,79128.54,1777256542000
1777256543.359,143.359,0.16,0.17,0.83,0.84,0.01,0.01,79128.54,1777256542000
1777256543.807,143.807,0.18,0.19,0.81,0.82,0.01,0.01,79128.54,1777256542000
1777256544.169,144.169,0.17,0.18,0.82,0.83,0.01,0.01,79128.54,1777256542000
1777256544.561,144.561,0.17,0.18,0.82,0.83,0.01,0.01,79128.54,1777256542000
1777256544.948,144.948,0.17,0.19,0.82,0.83,0.02,0.01,79129.29,1777256543000
1777256545.284,145.284,0.19,0.2,0.8,0.81,0.01,0.01,79129.02,1777256544000
1777256545.666,145.666,0.2,0.21,0.79,0.8,0.01,0.01,79129.02,1777256544000
1777256546.355,146.355,0.2,0.21,0.79,0.8,0.01,0.01,79130.02,1777256545000
1777256546.759,146.759,0.24,0.25,0.75,0.76,0.01,0.01,79130.02,1777256545000
1777256547.198,147.198,0.26,0.27,0.73,0.74,0.01,0.01,79132.14,1777256546000
1777256547.682,147.682,0.26,0.27,0.73,0.74,0.01,0.01,79132.14,1777256546000
1777256548.096,148.096,0.26,0.28,0.72,0.74,0.02,0.02,79135.98,1777256547000
1777256548.451,148.451,0.27,0.28,0.72,0.73,0.01,0.01,79135.98,1777256547000
1777256548.856,148.856,0.26,0.27,0.73,0.74,0.01,0.01,79135.98,1777256547000
1777256549.216,149.216,0.26,0.27,0.73,0.74,0.01,0.01,79135.98,1777256547000
1777256549.816,149.816,0.26,0.27,0.73,0.74,0.01,0.01,79143.8,1777256548000
1777256550.225,150.225,0.26,0.27,0.73,0.74,0.01,0.01,79143.8,1777256548000
1777256550.669,150.669,0.27,0.28,0.72,0.73,0.01,0.01,79146.34,1777256549000
1777256551.101,151.101,0.27,0.28,0.72,0.73,0.01,0.01,79145.94,1777256550000
1777256551.502,151.502,0.27,0.28,0.72,0.73,0.01,0.01,79145.94,1777256550000
1777256551.846,151.846,0.27,0.28,0.72,0.73,0.01,0.01,79145.94,1777256550000
1777256552.529,152.529,0.26,0.27,0.72,0.74,0.01,0.02,79146.3,1777256551000
1777256553.194,153.194,0.26,0.27,0.73,0.74,0.01,0.01,79146.6,1777256552000
1777256553.731,153.731,0.2,0.26,0.73,0.76,0.06,0.03,79146.6,1777256552000
1777256554.246,154.246,0.22,0.23,0.74,0.8,0.01,0.06,79146.6,1777256552000
1777256555.013,155.013,0.2,0.21,0.79,0.8,0.01,0.01,79146.43,1777256554000
1777256555.362,155.362,0.2,0.21,0.79,0.8,0.01,0.01,79146.43,1777256554000
1777256555.978,155.978,0.2,0.21,0.79,0.8,0.01,0.01,79146.43,1777256554000
1777256556.38,156.38,0.2,0.21,0.79,0.8,0.01,0.01,79144.0,1777256555000
1777256556.751,156.751,0.2,0.21,0.79,0.8,0.01,0.01,79144.0,1777256555000
1777256557.165,157.165,0.21,0.23,0.78,0.79,0.02,0.01,79144.0,1777256555000
1777256557.554,157.554,0.22,0.23,0.77,0.78,0.01,0.01,79144.85,1777256556000
1777256557.954,157.954,0.23,0.24,0.76,0.78,0.01,0.02,79144.85,1777256556000
1777256558.371,158.371,0.23,0.24,0.76,0.77,0.01,0.01,79144.53,1777256557000
1777256558.767,158.767,0.23,0.24,0.76,0.77,0.01,0.01,79144.53,1777256557000
1777256559.157,159.157,0.24,0.25,0.76,0.77,0.01,0.01,79144.53,1777256557000
1777256559.505,159.505,0.24,0.25,0.75,0.76,0.01,0.01,79144.53,1777256557000
1777256559.915,159.915,0.24,0.25,0.75,0.76,0.01,0.01,79145.55,1777256558000
1777256560.358,160.358,0.24,0.25,0.75,0.76,0.01,0.01,79145.55,1777256559000
1777256561.437,161.437,0.24,0.25,0.75,0.76,0.01,0.01,79145.55,1777256559000
1777256561.788,161.788,0.24,0.25,0.75,0.76,0.01,0.01,79146.38,1777256560000
1777256562.167,162.167,0.24,0.25,0.75,0.76,0.01,0.01,79146.38,1777256560000
1777256562.843,162.843,0.24,0.25,0.75,0.76,0.01,0.01,79146.61,1777256561000
1777256563.281,163.281,0.28,0.29,0.71,0.72,0.01,0.01,79146.61,1777256561000
1777256563.744,163.744,0.28,0.29,0.71,0.72,0.01,0.01,79147.26,1777256562000
1777256564.156,164.156,0.28,0.29,0.71,0.72,0.01,0.01,79147.26,1777256562000
1777256564.674,164.674,0.27,0.28,0.71,0.73,0.01,0.02,79148.32,1777256563000
1777256565.049,165.049,0.27,0.28,0.72,0.73,0.01,0.01,79149.86,1777256564000
1777256565.83,165.83,0.27,0.28,0.72,0.73,0.01,0.01,79149.86,1777256564000
1777256566.295,166.295,0.26,0.28,0.72,0.74,0.02,0.02,79150.5,1777256565000
1777256566.628,166.628,0.22,0.23,0.77,0.78,0.01,0.01,79150.5,1777256565000
1777256567.054,167.054,0.22,0.23,0.77,0.78,0.01,0.01,79150.5,1777256565000
1777256567.951,167.951,0.21,0.22,0.77,0.79,0.01,0.02,79150.18,1777256566000
1777256568.395,168.395,0.2,0.21,0.79,0.8,0.01,0.01,79150.08,1777256567000
1777256568.798,168.798,0.2,0.21,0.79,0.8,0.01,0.01,79150.08,1777256567000
1777256569.226,169.226,0.2,0.21,0.79,0.8,0.01,0.01,79147.56,1777256568000
1777256569.736,169.736,0.2,0.21,0.79,0.8,0.01,0.01,79147.56,1777256568000
1777256570.076,170.076,0.2,0.21,0.79,0.8,0.01,0.01,79147.56,1777256568000
1777256570.622,170.622,0.2,0.21,0.79,0.8,0.01,0.01,79146.43,1777256569000
1777256571.149,171.149,0.2,0.21,0.79,0.8,0.01,0.01,79146.43,1777256569000
1777256571.816,171.816,0.19,0.2,0.8,0.84,0.01,0.04,79146.34,1777256570000
1777256572.359,172.359,0.19,0.2,0.8,0.81,0.01,0.01,79144.9,1777256571000
1777256572.993,172.993,0.19,0.2,0.8,0.81,0.01,0.01,79144.9,1777256571000
1777256573.445,173.445,0.19,0.2,0.8,0.81,0.01,0.01,79144.9,1777256571000
1777256573.915,173.915,0.19,0.2,0.8,0.81,0.01,0.01,79144.9,1777256571000
1777256574.296,174.296,0.19,0.2,0.8,0.81,0.01,0.01,79144.9,1777256571000
1777256574.634,174.634,0.19,0.2,0.8,0.81,0.01,0.01,79144.42,1777256573000
1777256575.003,175.003,0.19,0.2,0.8,0.81,0.01,0.01,79144.42,1777256573000
1777256575.615,175.615,0.16,0.2,0.8,0.84,0.04,0.04,79144.05,1777256574000
1777256576.0,176.0,0.17,0.18,0.82,0.83,0.01,0.01,79144.05,1777256574000
1777256576.508,176.508,0.17,0.18,0.82,0.83,0.01,0.01,79144.83,1777256575000
1777256576.864,176.864,0.17,0.18,0.82,0.83,0.01,0.01,79144.83,1777256575000
1777256577.212,177.212,0.17,0.18,0.82,0.83,0.01,0.01,79144.96,1777256576000
1777256577.547,177.547,0.14,0.15,0.85,0.86,0.01,0.01,79144.96,1777256576000
1777256577.958,177.958,0.14,0.15,0.85,0.86,0.01,0.01,79144.96,1777256576000
1777256578.671,178.671,0.14,0.15,0.85,0.86,0.01,0.01,79144.96,1777256576000
1777256579.014,179.014,0.14,0.15,0.85,0.86,0.01,0.01,79145.55,1777256577000
1777256579.416,179.416,0.15,0.16,0.84,0.85,0.01,0.01,79143.26,1777256578000
1777256580.143,180.143,0.16,0.17,0.83,0.84,0.01,0.01,79143.26,1777256578000
1777256580.511,180.511,0.16,0.17,0.83,0.84,0.01,0.01,79143.26,1777256578000
1777256580.844,180.844,0.13,0.14,0.86,0.87,0.01,0.01,79142.31,1777256579000
1777256581.198,181.198,0.13,0.14,0.86,0.87,0.01,0.01,79142.31,1777256579000
1777256581.555,181.555,0.13,0.14,0.86,0.87,0.01,0.01,79142.13,1777256580000
1777256581.891,181.891,0.13,0.15,0.86,0.87,0.02,0.01,79142.13,1777256580000
1777256582.254,182.254,0.15,0.16,0.85,0.86,0.01,0.01,79140.97,1777256581000
1777256582.847,182.847,0.15,0.16,0.84,0.85,0.01,0.01,79140.97,1777256581000
1777256583.232,183.232,0.15,0.16,0.84,0.85,0.01,0.01,79140.97,1777256581000
1777256583.582,183.582,0.15,0.16,0.84,0.85,0.01,0.01,79140.97,1777256581000
1777256583.928,183.928,0.15,0.17,0.84,0.85,0.02,0.01,79137.85,1777256582000
1777256584.311,184.311,0.17,0.18,0.82,0.83,0.01,0.01,79137.85,1777256582000
1777256584.725,184.725,0.17,0.2,0.82,0.83,0.03,0.01,79138.02,1777256583000
1777256585.149,185.149,0.21,0.22,0.78,0.79,0.01,0.01,79138.68,1777256584000
1777256585.506,185.506,0.21,0.22,0.78,0.79,0.01,0.01,79138.68,1777256584000
1777256585.862,185.862,0.21,0.22,0.78,0.79,0.01,0.01,79138.68,1777256584000
1777256586.223,186.223,0.21,0.22,0.78,0.79,0.01,0.01,79138.68,1777256584000
1777256586.57,186.57,0.21,0.22,0.78,0.79,0.01,0.01,79138.68,1777256584000
1777256587.131,187.131,0.24,0.25,0.75,0.76,0.01,0.01,79139.55,1777256585000
1777256587.581,187.581,0.24,0.25,0.75,0.76,0.01,0.01,79142.08,1777256586000
1777256588.046,188.046,0.24,0.25,0.75,0.76,0.01,0.01,79142.08,1777256586000
1777256588.841,188.841,0.24,0.25,0.75,0.76,0.01,0.01,79146.32,1777256587000
1777256589.224,189.224,0.22,0.25,0.75,0.76,0.03,0.01,79146.32,1777256587000
1777256589.643,189.643,0.22,0.23,0.77,0.78,0.01,0.01,79148.38,1777256588000
1777256589.977,189.977,0.21,0.22,0.78,0.79,0.01,0.01,79148.38,1777256588000
1777256590.39,190.39,0.21,0.22,0.78,0.79,0.01,0.01,79148.38,1777256588000
1777256590.8,190.8,0.21,0.22,0.78,0.79,0.01,0.01,79149.01,1777256589000
1777256591.305,191.305,0.2,0.22,0.78,0.8,0.02,0.02,79148.93,1777256590000
1777256591.8,191.8,0.2,0.21,0.78,0.8,0.01,0.02,79148.93,1777256590000
1777256592.163,192.163,0.2,0.21,0.79,0.8,0.01,0.01,79148.93,1777256590000
1777256592.547,192.547,0.2,0.23,0.77,0.8,0.03,0.03,79147.17,1777256591000
1777256593.011,193.011,0.23,0.24,0.76,0.77,0.01,0.01,79146.79,1777256592000
1777256593.362,193.362,0.23,0.24,0.76,0.77,0.01,0.01,79146.79,1777256592000
1777256594.082,194.082,0.18,0.23,0.76,0.77,0.05,0.01,79146.79,1777256592000
1777256594.685,194.685,0.2,0.21,0.77,0.82,0.01,0.05,79146.99,1777256593000
1777256595.237,195.237,0.19,0.2,0.8,0.81,0.01,0.01,79146.99,1777256593000
1777256595.774,195.774,0.18,0.19,0.8,0.82,0.01,0.02,79147.82,1777256594000
1777256596.149,196.149,0.18,0.21,0.79,0.82,0.03,0.03,79147.78,1777256595000
1777256596.545,196.545,0.2,0.21,0.79,0.8,0.01,0.01,79147.78,1777256595000
1777256597.101,197.101,0.2,0.21,0.79,0.8,0.01,0.01,79147.76,1777256596000
1777256598.046,198.046,0.2,0.21,0.79,0.8,0.01,0.01,79147.76,1777256596000
1777256598.405,198.405,0.2,0.21,0.79,0.8,0.01,0.01,79148.02,1777256597000
1777256598.781,198.781,0.23,0.24,0.75,0.77,0.01,0.02,79148.02,1777256597000
1777256599.124,199.124,0.23,0.24,0.76,0.77,0.01,0.01,79148.02,1777256597000
1777256599.487,199.487,0.23,0.24,0.76,0.77,0.01,0.01,79148.02,1777256597000
1777256599.993,199.993,0.23,0.24,0.76,0.77,0.01,0.01,79148.79,1777256599000
1777256600.616,200.616,0.23,0.25,0.73,0.77,0.02,0.04,79148.79,1777256599000
1777256600.976,200.976,0.22,0.23,0.77,0.78,0.01,0.01,79148.79,1777256599000
1777256601.399,201.399,0.22,0.23,0.77,0.78,0.01,0.01,79149.58,1777256600000
1777256601.991,201.991,0.22,0.23,0.77,0.78,0.01,0.01,79149.58,1777256600000
1777256602.497,202.497,0.21,0.23,0.77,0.78,0.02,0.01,79149.65,1777256601000
1777256603.002,203.002,0.18,0.19,0.81,0.82,0.01,0.01,79149.65,1777256601000
1777256603.359,203.359,0.18,0.19,0.81,0.82,0.01,0.01,79149.21,1777256602000
1777256603.897,203.897,0.18,0.19,0.81,0.82,0.01,0.01,79149.21,1777256602000
1777256604.239,204.239,0.18,0.19,0.81,0.82,0.01,0.01,79149.0,1777256603000
1777256604.815,204.815,0.18,0.19,0.81,0.82,0.01,0.01,79149.0,1777256603000
1777256605.224,205.224,0.18,0.19,0.81,0.82,0.01,0.01,79148.6,1777256604000
1777256605.833,205.833,0.17,0.18,0.81,0.84,0.01,0.03,79148.6,1777256604000
1777256606.169,206.169,0.16,0.17,0.83,0.84,0.01,0.01,79148.6,1777256604000
1777256606.523,206.523,0.15,0.16,0.84,0.85,0.01,0.01,79147.81,1777256605000
1777256606.868,206.868,0.15,0.16,0.84,0.85,0.01,0.01,79147.81,1777256605000
1777256607.363,207.363,0.15,0.16,0.84,0.85,0.01,0.01,79147.81,1777256605000
1777256608.031,208.031,0.15,0.16,0.84,0.85,0.01,0.01,79148.17,1777256607000
1777256608.755,208.755,0.15,0.16,0.84,0.85,0.01,0.01,79148.17,1777256607000
1777256609.124,209.124,0.15,0.16,0.84,0.85,0.01,0.01,79146.23,1777256608000
1777256609.459,209.459,0.15,0.16,0.84,0.85,0.01,0.01,79146.23,1777256608000
1777256610.102,210.102,0.15,0.16,0.84,0.85,0.01,0.01,79146.23,1777256608000
1777256610.443,210.443,0.15,0.16,0.84,0.85,0.01,0.01,79146.49,1777256609000
1777256611.059,211.059,0.14,0.15,0.84,0.86,0.01,0.02,79146.49,1777256609000
1777256611.397,211.397,0.1,0.11,0.89,0.9,0.01,0.01,79146.49,1777256609000
1777256611.732,211.732,0.1,0.11,0.89,0.9,0.01,0.01,79146.44,1777256610000
1777256612.116,212.116,0.1,0.11,0.89,0.9,0.01,0.01,79142.07,1777256611000
1777256612.492,212.492,0.1,0.11,0.89,0.9,0.01,0.01,79142.07,1777256611000
1777256613.087,213.087,0.1,0.11,0.89,0.9,0.01,0.01,79142.07,1777256611000
1777256613.424,213.424,0.1,0.11,0.89,0.9,0.01,0.01,79142.07,1777256611000
1777256613.778,213.778,0.11,0.12,0.88,0.89,0.01,0.01,79138.68,1777256612000
1777256614.163,214.163,0.11,0.12,0.88,0.89,0.01,0.01,79138.76,1777256613000
1777256614.759,214.759,0.11,0.12,0.87,0.88,0.01,0.01,79138.76,1777256613000
1777256615.213,215.213,0.11,0.12,0.88,0.89,0.01,0.01,79138.76,1777256613000
1777256615.606,215.606,0.11,0.13,0.88,0.89,0.02,0.01,79137.93,1777256614000
1777256616.107,216.107,0.12,0.13,0.87,0.89,0.01,0.02,79137.93,1777256614000
1777256616.494,216.494,0.12,0.13,0.87,0.88,0.01,0.01,79137.93,1777256614000
1777256616.848,216.848,0.16,0.17,0.81,0.85,0.01,0.04,79137.74,1777256615000
1777256617.351,217.351,0.18,0.19,0.81,0.82,0.01,0.01,79139.55,1777256616000
1777256617.687,217.687,0.18,0.19,0.81,0.82,0.01,0.01,79139.55,1777256616000
1777256618.08,218.08,0.17,0.19,0.81,0.83,0.02,0.02,79141.19,1777256617000
1777256618.441,218.441,0.16,0.17,0.82,0.83,0.01,0.01,79141.19,1777256617000
1777256618.797,218.797,0.16,0.17,0.83,0.84,0.01,0.01,79141.19,1777256617000
1777256619.326,219.326,0.15,0.17,0.83,0.85,0.02,0.02,79144.83,1777256618000
1777256619.816,219.816,0.15,0.16,0.84,0.85,0.01,0.01,79144.83,1777256618000
1777256620.383,220.383,0.13,0.16,0.84,0.87,0.03,0.03,79145.16,1777256619000
1777256620.723,220.723,0.13,0.15,0.85,0.87,0.02,0.02,79145.16,1777256619000
1777256621.141,221.141,0.13,0.14,0.86,0.87,0.01,0.01,79145.16,1777256619000
1777256621.605,221.605,0.12,0.13,0.87,0.88,0.01,0.01,79144.8,1777256620000
1777256621.946,221.946,0.12,0.13,0.87,0.88,0.01,0.01,79144.8,1777256620000
1777256622.344,222.344,0.12,0.13,0.87,0.88,0.01,0.01,79144.5,1777256621000
1777256622.8,222.8,0.13,0.14,0.86,0.87,0.01,0.01,79144.5,1777256621000
1777256623.161,223.161,0.13,0.14,0.86,0.87,0.01,0.01,79144.39,1777256622000
1777256623.529,223.529,0.12,0.13,0.87,0.88,0.01,0.01,79144.39,1777256622000
1777256623.907,223.907,0.11,0.13,0.87,0.89,0.02,0.02,79144.14,1777256623000
1777256624.508,224.508,0.11,0.13,0.87,0.88,0.02,0.01,79144.14,1777256623000
1777256624.902,224.902,0.12,0.13,0.87,0.88,0.01,0.01,79144.13,1777256624000
1777256625.338,225.338,0.12,0.13,0.87,0.88,0.01,0.01,79144.13,1777256624000
1777256625.787,225.787,0.1,0.11,0.87,0.88,0.01,0.01,79144.13,1777256624000
1777256626.152,226.152,0.09,0.12,0.86,0.91,0.03,0.05,79143.07,1777256625000
1777256626.513,226.513,0.1,0.11,0.89,0.91,0.01,0.02,79143.07,1777256625000
1777256626.89,226.89,0.11,0.14,0.86,0.89,0.03,0.03,79143.07,1777256625000
1777256627.35,227.35,0.13,0.14,0.86,0.87,0.01,0.01,79143.07,1777256626000
1777256628.013,228.013,0.13,0.14,0.86,0.87,0.01,0.01,79141.85,1777256627000
1777256628.409,228.409,0.13,0.14,0.86,0.87,0.01,0.01,79141.85,1777256627000
1777256628.979,228.979,0.13,0.14,0.86,0.87,0.01,0.01,79141.85,1777256627000
1777256629.328,229.328,0.12,0.14,0.87,0.88,0.02,0.01,79142.51,1777256628000
1777256629.68,229.68,0.13,0.14,0.87,0.88,0.01,0.01,79142.51,1777256628000
1777256630.102,230.102,0.13,0.14,0.86,0.87,0.01,0.01,79140.85,1777256629000
1777256630.548,230.548,0.13,0.14,0.86,0.87,0.01,0.01,79140.85,1777256629000
1777256630.977,230.977,0.13,0.14,0.86,0.87,0.01,0.01,79140.85,1777256629000
1777256631.312,231.312,0.13,0.14,0.86,0.87,0.01,0.01,79143.04,1777256630000
1777256631.811,231.811,0.13,0.14,0.86,0.87,0.01,0.01,79143.04,1777256630000
1777256632.196,232.196,0.14,0.15,0.85,0.86,0.01,0.01,79143.13,1777256631000
1777256632.613,232.613,0.14,0.15,0.85,0.86,0.01,0.01,79143.13,1777256631000
1777256632.978,232.978,0.14,0.15,0.85,0.86,0.01,0.01,79143.13,1777256631000
1777256633.311,233.311,0.14,0.15,0.85,0.86,0.01,0.01,79143.15,1777256632000
1777256633.958,233.958,0.14,0.15,0.85,0.86,0.01,0.01,79143.15,1777256632000
1777256634.581,234.581,0.14,0.15,0.85,0.86,0.01,0.01,79143.62,1777256633000
1777256635.501,235.501,0.14,0.15,0.85,0.86,0.01,0.01,79143.49,1777256634000
1777256635.859,235.859,0.13,0.15,0.85,0.86,0.02,0.01,79143.49,1777256634000
1777256636.356,236.356,0.11,0.12,0.87,0.88,0.01,0.01,79143.77,1777256635000
1777256636.698,236.698,0.08,0.09,0.91,0.92,0.01,0.01,79143.77,1777256635000
1777256637.108,237.108,0.08,0.09,0.91,0.92,0.01,0.01,79143.84,1777256636000
1777256638.076,238.076,0.08,0.09,0.91,0.92,0.01,0.01,79142.67,1777256637000
1777256638.496,238.496,0.08,0.09,0.91,0.92,0.01,0.01,79142.67,1777256637000
1777256639.144,239.144,0.08,0.09,0.91,0.92,0.01,0.01,79142.67,1777256637000
1777256639.504,239.504,0.07,0.08,0.91,0.93,0.01,0.02,79139.33,1777256638000
1777256639.908,239.908,0.06,0.07,0.92,0.94,0.01,0.02,79139.33,1777256638000
1777256640.334,240.334,0.06,0.07,0.93,0.94,0.01,0.01,79138.82,1777256639000
1777256640.67,240.67,0.06,0.07,0.93,0.94,0.01,0.01,79138.82,1777256639000
1777256641.005,241.005,0.06,0.07,0.93,0.94,0.01,0.01,79138.82,1777256639000
1777256641.488,241.488,0.06,0.07,0.93,0.94,0.01,0.01,79137.96,1777256640000
1777256641.928,241.928,0.06,0.07,0.93,0.94,0.01,0.01,79137.96,1777256640000
1777256642.356,242.356,0.05,0.06,0.94,0.95,0.01,0.01,79137.96,1777256641000
1777256642.738,242.738,0.05,0.06,0.94,0.95,0.01,0.01,79137.96,1777256641000
1777256643.135,243.135,0.04,0.05,0.95,0.96,0.01,0.01,79136.34,1777256642000
1777256643.522,243.522,0.04,0.05,0.95,0.96,0.01,0.01,79136.34,1777256642000
1777256643.876,243.876,0.04,0.05,0.95,0.96,0.01,0.01,79136.34,1777256642000
1777256644.3,244.3,0.04,0.05,0.95,0.96,0.01,0.01,79135.5,1777256643000
1777256644.677,244.677,0.04,0.05,0.95,0.96,0.01,0.01,79135.5,1777256643000
1777256645.058,245.058,0.04,0.05,0.95,0.96,0.01,0.01,79135.5,1777256643000
1777256645.395,245.395,0.04,0.05,0.95,0.96,0.01,0.01,79131.61,1777256644000
1777256645.802,245.802,0.04,0.05,0.95,0.96,0.01,0.01,79131.61,1777256644000
1777256646.136,246.136,0.03,0.04,0.95,0.96,0.01,0.01,79131.61,1777256644000
1777256646.559,246.559,0.03,0.04,0.96,0.97,0.01,0.01,79127.19,1777256645000
1777256646.998,246.998,0.03,0.04,0.96,0.97,0.01,0.01,79127.19,1777256645000
1777256647.443,247.443,0.03,0.04,0.96,0.97,0.01,0.01,79126.21,1777256646000
1777256647.815,247.815,0.03,0.04,0.96,0.97,0.01,0.01,79126.21,1777256646000
1777256648.213,248.213,0.03,0.04,0.96,0.97,0.01,0.01,79126.21,1777256646000
1777256648.7,248.7,0.03,0.04,0.96,0.97,0.01,0.01,79126.21,1777256646000
1777256649.088,249.088,0.03,0.04,0.96,0.97,0.01,0.01,79126.41,1777256647000
1777256649.489,249.489,0.03,0.04,0.96,0.97,0.01,0.01,79124.8,1777256648000
1777256649.855,249.855,0.03,0.04,0.96,0.97,0.01,0.01,79124.8,1777256648000
1777256650.268,250.268,0.03,0.04,0.96,0.97,0.01,0.01,79123.11,1777256649000
1777256650.782,250.782,0.03,0.04,0.96,0.97,0.01,0.01,79123.11,1777256649000
1777256651.128,251.128,0.03,0.04,0.96,0.97,0.01,0.01,79123.11,1777256649000
1777256651.511,251.511,0.03,0.04,0.96,0.97,0.01,0.01,79122.45,1777256650000
1777256652.261,252.261,0.03,0.04,0.96,0.97,0.01,0.01,79122.1,1777256651000
1777256652.945,252.945,0.03,0.04,0.96,0.97,0.01,0.01,79122.1,1777256651000
1777256653.294,253.294,0.03,0.04,0.96,0.97,0.01,0.01,79122.1,1777256651000
1777256653.636,253.636,0.02,0.04,0.96,0.97,0.02,0.01,79122.11,1777256652000
1777256654.071,254.071,0.02,0.03,0.97,0.98,0.01,0.01,79122.11,1777256652000
1777256654.41,254.41,0.02,0.03,0.97,0.98,0.01,0.01,79122.11,1777256652000
1777256654.752,254.752,0.02,0.03,0.97,0.98,0.01,0.01,79122.01,1777256653000
1777256655.297,255.297,0.02,0.03,0.97,0.98,0.01,0.01,79122.01,1777256653000
1777256655.964,255.964,0.02,0.03,0.97,0.98,0.01,0.01,79122.42,1777256654000
1777256656.376,256.376,0.02,0.03,0.97,0.98,0.01,0.01,79122.42,1777256654000
1777256656.713,256.713,0.02,0.03,0.97,0.98,0.01,0.01,79120.47,1777256655000
1777256657.132,257.132,0.02,0.03,0.97,0.98,0.01,0.01,79120.47,1777256655000
1777256657.476,257.476,0.02,0.03,0.97,0.98,0.01,0.01,79120.61,1777256656000
1777256657.988,257.988,0.02,0.03,0.97,0.98,0.01,0.01,79120.61,1777256656000
1777256658.376,258.376,0.02,0.03,0.97,0.98,0.01,0.01,79120.47,1777256657000
1777256658.878,258.878,0.02,0.03,0.97,0.98,0.01,0.01,79120.47,1777256657000
1777256659.274,259.274,0.02,0.03,0.97,0.98,0.01,0.01,79120.47,1777256657000
1777256659.928,259.928,0.02,0.03,0.97,0.98,0.01,0.01,79119.42,1777256658000
1777256660.287,260.287,0.02,0.03,0.97,0.98,0.01,0.01,79119.42,1777256658000
1777256660.758,260.758,0.01,0.02,0.97,0.99,0.01,0.02,79119.42,1777256659000
1777256661.155,261.155,0.01,0.02,0.98,0.99,0.01,0.01,79120.7,1777256660000
1777256661.517,261.517,0.01,0.02,0.98,0.99,0.01,0.01,79120.7,1777256660000
1777256661.968,261.968,0.01,0.02,0.98,0.99,0.01,0.01,79120.7,1777256660000
1777256662.414,262.414,0.01,0.02,0.98,0.99,0.01,0.01,79120.7,1777256660000
1777256662.757,262.757,0.01,0.02,0.98,0.99,0.01,0.01,79119.72,1777256661000
1777256663.306,263.306,0.01,0.02,0.98,0.99,0.01,0.01,79121.43,1777256662000
1777256663.972,263.972,0.01,0.02,0.98,0.99,0.01,0.01,79121.43,1777256662000
1777256664.312,264.312,0.01,0.02,0.98,0.99,0.01,0.01,79121.43,1777256662000
1777256664.714,264.714,0.01,0.02,0.98,0.99,0.01,0.01,79122.11,1777256663000
1777256665.092,265.092,0.01,0.02,0.98,0.99,0.01,0.01,79122.11,1777256663000
1777256665.494,265.494,0.01,0.02,0.98,0.99,0.01,0.01,79122.11,1777256664000
1777256665.879,265.879,0.01,0.02,0.98,0.99,0.01,0.01,79122.11,1777256664000
1777256666.404,266.404,0.01,0.02,0.98,0.99,0.01,0.01,79121.87,1777256665000
1777256666.816,266.816,0.01,0.02,0.98,0.99,0.01,0.01,79121.87,1777256665000
1777256667.344,267.344,0.01,0.02,0.98,0.99,0.01,0.01,79121.9,1777256666000
1777256667.714,267.714,0.01,0.02,0.98,0.99,0.01,0.01,79121.9,1777256666000
1777256668.112,268.112,0.01,0.02,0.98,0.99,0.01,0.01,79121.83,1777256667000
1777256668.492,268.492,0.01,0.02,0.98,0.99,0.01,0.01,79121.83,1777256667000
1777256668.855,268.855,0.01,0.02,0.98,0.99,0.01,0.01,79121.83,1777256667000
1777256669.197,269.197,0.01,0.02,0.98,0.99,0.01,0.01,79122.21,1777256668000
1777256669.54,269.54,0.01,0.02,0.98,0.99,0.01,0.01,79122.21,1777256668000
1777256670.044,270.044,0.02,0.03,0.97,0.98,0.01,0.01,79122.21,1777256668000
1777256670.492,270.492,0.01,0.02,0.97,0.99,0.01,0.02,79122.84,1777256669000
1777256670.843,270.843,0.02,0.03,0.97,0.99,0.01,0.02,79122.84,1777256669000
1777256671.198,271.198,0.02,0.03,0.97,0.98,0.01,0.01,79135.71,1777256670000
1777256671.598,271.598,0.01,0.02,0.98,0.99,0.01,0.01,79135.71,1777256670000
1777256672.095,272.095,0.01,0.02,0.98,0.99,0.01,0.01,79136.52,1777256671000
1777256672.634,272.634,0.01,0.02,0.98,0.99,0.01,0.01,79136.52,1777256671000
1777256673.021,273.021,0.01,0.03,0.97,0.99,0.02,0.02,79136.34,1777256672000
1777256673.378,273.378,0.01,0.03,0.97,0.99,0.02,0.02,79136.34,1777256672000
1777256673.791,273.791,0.02,0.03,0.97,0.99,0.01,0.02,79136.34,1777256672000
1777256674.415,274.415,0.02,0.03,0.97,0.98,0.01,0.01,79135.72,1777256673000
1777256674.983,274.983,0.01,0.03,0.97,0.99,0.02,0.02,79135.03,1777256674000
1777256675.479,275.479,0.01,0.03,0.97,0.99,0.02,0.02,79135.03,1777256674000
1777256675.865,275.865,0.01,0.02,0.97,0.99,0.01,0.02,79135.03,1777256674000
1777256676.212,276.212,0.01,0.02,0.98,0.99,0.01,0.01,79134.15,1777256675000
1777256676.756,276.756,0.01,0.03,0.98,0.99,0.02,0.01,79134.15,1777256675000
1777256677.174,277.174,0.01,0.03,0.97,0.99,0.02,0.02,79134.15,1777256675000
1777256677.566,277.566,0.02,0.03,0.97,0.98,0.01,0.01,79130.54,1777256676000
1777256677.986,277.986,0.02,0.03,0.97,0.98,0.01,0.01,79130.54,1777256676000
1777256678.469,278.469,0.02,0.03,0.97,0.98,0.01,0.01,79130.54,1777256677000
1777256678.809,278.809,0.02,0.03,0.97,0.98,0.01,0.01,79130.54,1777256677000
1777256679.301,279.301,0.02,0.03,0.97,0.98,0.01,0.01,79130.54,1777256677000
1777256679.66,279.66,0.03,0.04,0.96,0.97,0.01,0.01,79128.68,1777256678000
1777256680.067,280.067,0.03,0.04,0.96,0.97,0.01,0.01,79128.68,1777256679000
1777256680.493,280.493,0.03,0.04,0.96,0.97,0.01,0.01,79128.68,1777256679000
1777256680.826,280.826,0.03,0.04,0.96,0.97,0.01,0.01,79128.68,1777256679000
1777256681.201,281.201,0.03,0.04,0.96,0.97,0.01,0.01,79128.68,1777256679000
1777256681.606,281.606,0.03,0.04,0.96,0.97,0.01,0.01,79128.63,1777256680000
1777256681.954,281.954,0.04,0.05,0.95,0.96,0.01,0.01,79128.63,1777256680000
1777256682.342,282.342,0.04,0.05,0.95,0.96,0.01,0.01,79128.63,1777256680000
1777256682.685,282.685,0.04,0.05,0.95,0.96,0.01,0.01,79127.13,1777256681000
1777256683.02,283.02,0.04,0.05,0.95,0.96,0.01,0.01,79127.13,1777256681000
1777256683.467,283.467,0.04,0.05,0.95,0.97,0.01,0.02,79127.68,1777256682000
1777256683.802,283.802,0.04,0.05,0.95,0.96,0.01,0.01,79127.68,1777256682000
1777256684.252,284.252,0.03,0.04,0.95,0.97,0.01,0.02,79127.68,1777256682000
1777256684.741,284.741,0.03,0.04,0.96,0.97,0.01,0.01,79127.38,1777256683000
1777256685.15,285.15,0.03,0.04,0.96,0.97,0.01,0.01,79127.72,1777256684000
1777256685.68,285.68,0.03,0.04,0.96,0.97,0.01,0.01,79127.72,1777256684000
1777256686.108,286.108,0.03,0.04,0.96,0.97,0.01,0.01,79127.72,1777256684000
1777256686.587,286.587,0.03,0.04,0.96,0.97,0.01,0.01,79126.2,1777256685000
1777256686.938,286.938,0.03,0.04,0.96,0.97,0.01,0.01,79126.2,1777256685000
1777256687.293,287.293,0.01,0.02,0.97,0.99,0.01,0.02,79126.2,1777256685000
1777256687.655,287.655,0.01,0.02,0.98,0.99,0.01,0.01,79127.45,1777256686000
1777256688.225,288.225,0.01,0.02,0.98,0.99,0.01,0.01,79125.74,1777256687000
1777256688.558,288.558,0.01,0.02,0.98,0.99,0.01,0.01,79125.74,1777256687000
1777256688.972,288.972,0.01,0.02,0.98,0.99,0.01,0.01,79125.74,1777256687000
1777256689.353,289.353,0.01,0.02,0.98,0.99,0.01,0.01,79123.69,1777256688000
1777256689.817,289.817,0.01,0.02,0.98,0.99,0.01,0.01,79123.69,1777256688000
1777256690.204,290.204,0.01,0.02,0.98,0.99,0.01,0.01,79123.69,1777256688000
1777256690.543,290.543,0.02,0.03,0.97,0.98,0.01,0.01,79120.6,1777256689000
1777256690.93,290.93,0.02,0.01,0.99,0.98,-0.01,-0.01,79120.6,1777256689000
1777256691.268,291.268,0.02,0.01,0.99,0.98,-0.01,-0.01,79120.07,1777256690000
1777256691.605,291.605,0.02,0.01,0.99,0.98,-0.01,-0.01,79120.07,1777256690000
1777256692.02,292.02,0.02,0.01,0.99,0.98,-0.01,-0.01,79120.07,1777256690000
1777256692.643,292.643,0.02,0.01,0.99,0.98,-0.01,-0.01,79118.49,1777256691000
1777256693.0,293.0,0.02,0.01,0.99,0.98,-0.01,-0.01,79120.1,1777256692000
1777256693.477,293.477,0.02,0.01,0.99,0.98,-0.01,-0.01,79120.1,1777256692000
1777256693.86,293.86,0.02,0.01,0.99,0.98,-0.01,-0.01,79120.1,1777256692000
1777256694.22,294.22,0.02,0.01,0.99,0.98,-0.01,-0.01,79119.84,1777256693000
1777256694.559,294.559,0.41,0.62,0.38,0.6,0.21,0.22,79119.84,1777256693000
1777256694.893,294.893,0.26,0.38,0.62,0.74,0.12,0.12,79119.84,1777256693000
1777256695.227,295.227,0.02,0.03,0.97,0.98,0.01,0.01,79119.84,1777256693000
1777256695.594,295.594,0.04,0.06,0.93,0.97,0.02,0.04,79118.54,1777256694000
1777256695.934,295.934,0.01,0.03,0.97,0.99,0.02,0.02,79118.54,1777256694000
1777256696.274,296.274,0.17,0.18,0.82,0.96,0.01,0.14,79118.54,1777256694000
1777256696.701,296.701,0.01,0.02,0.98,0.99,0.01,0.01,79119.48,1777256695000
1777256697.124,297.124,0.01,0.01,0.99,0.99,0.0,0.0,79119.48,1777256696000
1777256697.597,297.597,0.01,0.01,0.99,0.99,0.0,0.0,79119.48,1777256696000
1777256698.33,298.33,0.01,0.01,0.99,0.99,0.0,0.0,79119.48,1777256696000
1777256699.072,299.072,0.01,0.01,0.99,0.99,0.0,0.0,79120.21,1777256698000
1777256699.45,299.45,0.01,0.01,0.99,0.99,0.0,0.0,79120.21,1777256698000
1777256699.961,299.961,0.01,0.01,0.99,0.99,0.0,0.0,79120.21,1777256698000
1777256700.406,300.406,0.01,0.01,0.99,0.99,0.0,0.0,79119.52,1777256699000
1777256700.994,300.994,0.01,0.01,0.99,0.99,0.0,0.0,79119.52,1777256699000
1777256702.379,302.379,0.01,0.01,0.99,0.99,0.0,0.0,79119.53,1777256701000

# RESULT,winner=Down,slug=btc-updown-5m-1777256400,ticks=653
