timestamp,elapsed_sec,up_bid,up_ask,down_bid,down_ask,up_spread,down_spread,btc_price,btc_oracle_ts
1776547200.557,0.557,0.52,0.54,0.46,0.47,0.02,0.01,75649.53,1776547198000
1776547200.892,0.892,0.53,0.54,0.46,0.47,0.01,0.01,75649.53,1776547198000
1776547201.309,1.309,0.54,0.55,0.45,0.46,0.01,0.01,75649.52,1776547199000
1776547201.708,1.708,0.54,0.55,0.45,0.46,0.01,0.01,75649.52,1776547199000
1776547202.106,2.106,0.54,0.55,0.45,0.46,0.01,0.01,75649.53,1776547200000
1776547202.511,2.511,0.54,0.55,0.45,0.46,0.01,0.01,75649.53,1776547200000
1776547202.955,2.955,0.54,0.55,0.45,0.46,0.01,0.01,75649.73,1776547201000
1776547203.62,3.62,0.53,0.55,0.45,0.47,0.02,0.02,75649.77,1776547202000
1776547203.987,3.987,0.53,0.54,0.46,0.47,0.01,0.01,75649.77,1776547202000
1776547204.383,4.383,0.53,0.54,0.46,0.47,0.01,0.01,75649.77,1776547202000
1776547204.83,4.83,0.53,0.54,0.46,0.47,0.01,0.01,75649.77,1776547203000
1776547205.237,5.237,0.53,0.54,0.46,0.47,0.01,0.01,75649.77,1776547203000
1776547205.591,5.591,0.53,0.54,0.46,0.47,0.01,0.01,75648.93,1776547204000
1776547206.305,6.305,0.53,0.54,0.46,0.47,0.01,0.01,75648.93,1776547204000
1776547206.856,6.856,0.53,0.54,0.46,0.47,0.01,0.01,75648.93,1776547205000
1776547207.272,7.272,0.52,0.53,0.47,0.48,0.01,0.01,75648.93,1776547205000
1776547207.683,7.683,0.52,0.53,0.47,0.48,0.01,0.01,75648.93,1776547205000
1776547208.09,8.09,0.52,0.53,0.47,0.48,0.01,0.01,75648.93,1776547206000
1776547208.49,8.49,0.51,0.53,0.47,0.48,0.02,0.01,75648.93,1776547206000
1776547209.069,9.069,0.5,0.51,0.49,0.51,0.01,0.02,75648.96,1776547207000
1776547209.414,9.414,0.5,0.51,0.49,0.5,0.01,0.01,75648.96,1776547208000
1776547209.753,9.753,0.5,0.51,0.49,0.5,0.01,0.01,75648.96,1776547208000
1776547210.119,10.119,0.5,0.51,0.49,0.5,0.01,0.01,75648.96,1776547208000
1776547210.528,10.528,0.5,0.51,0.49,0.5,0.01,0.01,75648.96,1776547208000
1776547210.912,10.912,0.49,0.5,0.49,0.51,0.01,0.02,75647.78,1776547209000
1776547211.475,11.475,0.49,0.5,0.5,0.51,0.01,0.01,75647.27,1776547210000
1776547211.843,11.843,0.49,0.5,0.5,0.51,0.01,0.01,75647.27,1776547210000
1776547212.504,12.504,0.49,0.5,0.5,0.51,0.01,0.01,75646.91,1776547211000
1776547212.887,12.887,0.49,0.5,0.5,0.51,0.01,0.01,75646.91,1776547211000
1776547213.324,13.324,0.49,0.5,0.5,0.51,0.01,0.01,75646.91,1776547211000
1776547213.881,13.881,0.49,0.5,0.5,0.51,0.01,0.01,75646.15,1776547212000
1776547214.308,14.308,0.49,0.5,0.5,0.51,0.01,0.01,75646.15,1776547212000
1776547214.646,14.646,0.49,0.5,0.5,0.51,0.01,0.01,75646.08,1776547213000
1776547215.384,15.384,0.49,0.5,0.5,0.51,0.01,0.01,75646.08,1776547213000
1776547215.96,15.96,0.49,0.5,0.5,0.51,0.01,0.01,75646.09,1776547214000
1776547216.393,16.393,0.49,0.5,0.5,0.51,0.01,0.01,75646.09,1776547215000
1776547216.918,16.918,0.49,0.5,0.5,0.51,0.01,0.01,75646.09,1776547215000
1776547217.353,17.353,0.49,0.5,0.5,0.51,0.01,0.01,75646.09,1776547216000
1776547217.907,17.907,0.49,0.5,0.5,0.51,0.01,0.01,75646.09,1776547216000
1776547218.274,18.274,0.49,0.5,0.5,0.51,0.01,0.01,75646.09,1776547216000
1776547218.651,18.651,0.49,0.5,0.5,0.51,0.01,0.01,75645.98,1776547217000
1776547219.225,19.225,0.49,0.5,0.5,0.51,0.01,0.01,75645.98,1776547218000
1776547219.743,19.743,0.49,0.5,0.5,0.51,0.01,0.01,75645.98,1776547218000
1776547220.242,20.242,0.47,0.48,0.5,0.53,0.01,0.03,75645.98,1776547218000
1776547220.728,20.728,0.47,0.48,0.52,0.53,0.01,0.01,75645.98,1776547219000
1776547221.081,21.081,0.47,0.48,0.52,0.53,0.01,0.01,75645.98,1776547219000
1776547221.632,21.632,0.47,0.48,0.52,0.53,0.01,0.01,75645.64,1776547220000
1776547222.101,22.101,0.47,0.48,0.52,0.53,0.01,0.01,75645.64,1776547220000
1776547222.579,22.579,0.47,0.48,0.52,0.53,0.01,0.01,75644.88,1776547221000
1776547223.151,23.151,0.47,0.48,0.52,0.53,0.01,0.01,75644.88,1776547221000
1776547223.649,23.649,0.47,0.48,0.52,0.53,0.01,0.01,75644.84,1776547222000
1776547224.175,24.175,0.47,0.48,0.52,0.53,0.01,0.01,75644.84,1776547222000
1776547224.627,24.627,0.47,0.48,0.52,0.53,0.01,0.01,75644.83,1776547223000
1776547224.969,24.969,0.47,0.48,0.52,0.53,0.01,0.01,75644.83,1776547223000
1776547225.402,25.402,0.47,0.48,0.52,0.53,0.01,0.01,75644.83,1776547224000
1776547225.744,25.744,0.44,0.47,0.52,0.56,0.03,0.04,75644.83,1776547224000
1776547226.077,26.077,0.43,0.44,0.56,0.57,0.01,0.01,75644.83,1776547224000
1776547226.461,26.461,0.42,0.43,0.57,0.58,0.01,0.01,75644.83,1776547224000
1776547226.841,26.841,0.42,0.43,0.57,0.58,0.01,0.01,75644.45,1776547225000
1776547227.246,27.246,0.41,0.42,0.57,0.59,0.01,0.02,75644.45,1776547226000
1776547227.653,27.653,0.41,0.42,0.58,0.6,0.01,0.02,75644.45,1776547226000
1776547228.017,28.017,0.4,0.41,0.59,0.6,0.01,0.01,75644.45,1776547226000
1776547228.709,28.709,0.4,0.41,0.59,0.6,0.01,0.01,75641.75,1776547227000
1776547229.335,29.335,0.4,0.41,0.59,0.6,0.01,0.01,75641.75,1776547227000
1776547229.764,29.764,0.4,0.41,0.59,0.6,0.01,0.01,75637.02,1776547228000
1776547230.453,30.453,0.38,0.41,0.59,0.6,0.03,0.01,75637.02,1776547228000
1776547230.829,30.829,0.37,0.38,0.62,0.63,0.01,0.01,75636.24,1776547229000
1776547231.221,31.221,0.36,0.37,0.63,0.65,0.01,0.02,75636.24,1776547229000
1776547231.597,31.597,0.36,0.37,0.63,0.64,0.01,0.01,75635.99,1776547230000
1776547231.979,31.979,0.35,0.36,0.64,0.65,0.01,0.01,75635.99,1776547230000
1776547232.341,32.341,0.35,0.36,0.64,0.65,0.01,0.01,75635.99,1776547230000
1776547232.702,32.702,0.35,0.36,0.64,0.65,0.01,0.01,75633.27,1776547231000
1776547233.058,33.058,0.35,0.36,0.64,0.65,0.01,0.01,75633.27,1776547231000
1776547233.409,33.409,0.35,0.36,0.64,0.65,0.01,0.01,75631.43,1776547232000
1776547233.813,33.813,0.35,0.36,0.64,0.65,0.01,0.01,75631.43,1776547232000
1776547234.179,34.179,0.35,0.36,0.64,0.65,0.01,0.01,75631.43,1776547232000
1776547234.94,34.94,0.35,0.36,0.64,0.65,0.01,0.01,75631.34,1776547234000
1776547235.332,35.332,0.35,0.36,0.64,0.65,0.01,0.01,75631.34,1776547234000
1776547235.801,35.801,0.35,0.36,0.64,0.65,0.01,0.01,75631.34,1776547234000
1776547236.152,36.152,0.35,0.36,0.64,0.65,0.01,0.01,75631.34,1776547234000
1776547236.606,36.606,0.35,0.36,0.64,0.65,0.01,0.01,75629.73,1776547235000
1776547237.055,37.055,0.35,0.36,0.64,0.65,0.01,0.01,75629.73,1776547235000
1776547237.464,37.464,0.34,0.35,0.64,0.66,0.01,0.02,75629.73,1776547235000
1776547237.81,37.81,0.34,0.35,0.65,0.66,0.01,0.01,75629.73,1776547235000
1776547238.252,38.252,0.35,0.36,0.64,0.65,0.01,0.01,75629.63,1776547236000
1776547238.65,38.65,0.35,0.36,0.64,0.65,0.01,0.01,75629.63,1776547236000
1776547239.043,39.043,0.35,0.36,0.64,0.65,0.01,0.01,75629.61,1776547237000
1776547239.505,39.505,0.35,0.36,0.64,0.65,0.01,0.01,75629.61,1776547238000
1776547239.854,39.854,0.35,0.36,0.64,0.65,0.01,0.01,75629.61,1776547238000
1776547240.446,40.446,0.35,0.36,0.64,0.65,0.01,0.01,75629.61,1776547238000
1776547240.928,40.928,0.35,0.36,0.64,0.65,0.01,0.01,75628.97,1776547239000
1776547241.263,41.263,0.36,0.37,0.63,0.64,0.01,0.01,75628.97,1776547240000
1776547241.603,41.603,0.36,0.37,0.63,0.64,0.01,0.01,75628.97,1776547240000
1776547241.986,41.986,0.36,0.37,0.63,0.64,0.01,0.01,75628.97,1776547240000
1776547242.552,42.552,0.36,0.37,0.63,0.64,0.01,0.01,75628.74,1776547241000
1776547242.98,42.98,0.36,0.37,0.63,0.64,0.01,0.01,75628.74,1776547242000
1776547243.364,43.364,0.36,0.37,0.63,0.64,0.01,0.01,75628.74,1776547242000
1776547243.937,43.937,0.36,0.37,0.63,0.64,0.01,0.01,75628.74,1776547242000
1776547244.285,44.285,0.36,0.37,0.63,0.64,0.01,0.01,75628.45,1776547243000
1776547244.721,44.721,0.36,0.37,0.63,0.64,0.01,0.01,75628.45,1776547243000
1776547245.215,45.215,0.36,0.37,0.63,0.64,0.01,0.01,75628.45,1776547243000
1776547245.674,45.674,0.33,0.34,0.65,0.66,0.01,0.01,75628.45,1776547244000
1776547246.148,46.148,0.33,0.34,0.66,0.67,0.01,0.01,75628.45,1776547244000
1776547246.527,46.527,0.33,0.34,0.66,0.67,0.01,0.01,75628.38,1776547245000
1776547246.945,46.945,0.33,0.34,0.66,0.67,0.01,0.01,75628.02,1776547246000
1776547247.301,47.301,0.33,0.34,0.66,0.67,0.01,0.01,75628.02,1776547246000
1776547247.756,47.756,0.33,0.34,0.66,0.67,0.01,0.01,75628.02,1776547246000
1776547248.117,48.117,0.31,0.34,0.66,0.69,0.03,0.03,75627.12,1776547247000
1776547248.485,48.485,0.3,0.32,0.69,0.7,0.02,0.01,75627.12,1776547247000
1776547248.818,48.818,0.3,0.31,0.69,0.7,0.01,0.01,75627.12,1776547247000
1776547249.233,49.233,0.3,0.31,0.69,0.7,0.01,0.01,75626.01,1776547248000
1776547249.588,49.588,0.3,0.31,0.69,0.7,0.01,0.01,75626.01,1776547248000
1776547250.311,50.311,0.29,0.3,0.7,0.71,0.01,0.01,75626.01,1776547248000
1776547250.702,50.702,0.28,0.29,0.7,0.71,0.01,0.01,75624.31,1776547249000
1776547251.152,51.152,0.28,0.29,0.71,0.72,0.01,0.01,75624.02,1776547250000
1776547251.499,51.499,0.28,0.29,0.71,0.72,0.01,0.01,75624.02,1776547250000
1776547251.832,51.832,0.28,0.29,0.71,0.72,0.01,0.01,75624.02,1776547250000
1776547252.166,52.166,0.28,0.29,0.71,0.72,0.01,0.01,75621.93,1776547251000
1776547252.567,52.567,0.28,0.29,0.71,0.72,0.01,0.01,75621.93,1776547251000
1776547253.106,53.106,0.28,0.29,0.71,0.72,0.01,0.01,75621.78,1776547252000
1776547253.474,53.474,0.29,0.3,0.7,0.71,0.01,0.01,75621.78,1776547252000
1776547253.872,53.872,0.29,0.3,0.7,0.71,0.01,0.01,75621.78,1776547252000
1776547254.241,54.241,0.29,0.3,0.7,0.71,0.01,0.01,75621.52,1776547253000
1776547255.293,55.293,0.29,0.3,0.7,0.71,0.01,0.01,75621.52,1776547253000
1776547255.753,55.753,0.29,0.3,0.7,0.71,0.01,0.01,75621.54,1776547254000
1776547256.285,56.285,0.29,0.3,0.7,0.71,0.01,0.01,75621.59,1776547255000
1776547256.718,56.718,0.29,0.3,0.7,0.71,0.01,0.01,75621.59,1776547255000
1776547257.199,57.199,0.29,0.3,0.7,0.71,0.01,0.01,75621.59,1776547255000
1776547257.62,57.62,0.28,0.29,0.71,0.72,0.01,0.01,75621.55,1776547256000
1776547257.989,57.989,0.28,0.29,0.71,0.72,0.01,0.01,75621.55,1776547256000
1776547258.343,58.343,0.28,0.31,0.69,0.72,0.03,0.03,75621.55,1776547257000
1776547258.709,58.709,0.29,0.3,0.7,0.71,0.01,0.01,75621.55,1776547257000
1776547259.105,59.105,0.29,0.3,0.7,0.71,0.01,0.01,75621.55,1776547257000
1776547259.46,59.46,0.29,0.31,0.69,0.71,0.02,0.02,75621.42,1776547258000
1776547259.828,59.828,0.3,0.31,0.69,0.7,0.01,0.01,75621.42,1776547258000
1776547260.208,60.208,0.3,0.31,0.69,0.7,0.01,0.01,75621.42,1776547258000
1776547260.734,60.734,0.3,0.31,0.69,0.7,0.01,0.01,75621.45,1776547259000
1776547261.084,61.084,0.29,0.3,0.7,0.71,0.01,0.01,75621.45,1776547259000
1776547261.517,61.517,0.29,0.3,0.7,0.71,0.01,0.01,75621.73,1776547260000
1776547261.872,61.872,0.36,0.38,0.62,0.64,0.02,0.02,75621.73,1776547260000
1776547262.217,62.217,0.39,0.4,0.6,0.61,0.01,0.01,75621.73,1776547260000
1776547262.556,62.556,0.39,0.41,0.6,0.61,0.02,0.01,75621.73,1776547261000
1776547263.111,63.111,0.4,0.41,0.59,0.6,0.01,0.01,75621.74,1776547262000
1776547263.609,63.609,0.4,0.41,0.59,0.6,0.01,0.01,75621.74,1776547262000
1776547264.139,64.139,0.4,0.41,0.59,0.6,0.01,0.01,75621.74,1776547262000
1776547264.529,64.529,0.4,0.41,0.59,0.6,0.01,0.01,75633.56,1776547263000
1776547264.922,64.922,0.4,0.41,0.59,0.6,0.01,0.01,75633.56,1776547263000
1776547265.259,65.259,0.4,0.41,0.59,0.6,0.01,0.01,75635.57,1776547264000
1776547265.843,65.843,0.4,0.41,0.59,0.6,0.01,0.01,75635.57,1776547264000
1776547266.203,66.203,0.42,0.43,0.57,0.6,0.01,0.03,75635.57,1776547264000
1776547266.558,66.558,0.44,0.45,0.55,0.57,0.01,0.02,75635.57,1776547264000
1776547266.962,66.962,0.44,0.45,0.55,0.56,0.01,0.01,75635.56,1776547265000
1776547267.297,67.297,0.46,0.48,0.53,0.56,0.02,0.03,75635.56,1776547266000
1776547267.813,67.813,0.47,0.48,0.52,0.54,0.01,0.02,75635.56,1776547266000
1776547268.151,68.151,0.48,0.49,0.51,0.52,0.01,0.01,75637.08,1776547267000
1776547268.5,68.5,0.48,0.49,0.51,0.52,0.01,0.01,75637.08,1776547267000
1776547268.923,68.923,0.48,0.49,0.51,0.52,0.01,0.01,75637.08,1776547267000
1776547269.398,69.398,0.48,0.49,0.51,0.52,0.01,0.01,75640.09,1776547268000
1776547269.954,69.954,0.48,0.49,0.51,0.52,0.01,0.01,75640.09,1776547268000
1776547270.326,70.326,0.48,0.49,0.51,0.52,0.01,0.01,75640.09,1776547268000
1776547270.686,70.686,0.48,0.49,0.51,0.52,0.01,0.01,75640.54,1776547269000
1776547271.031,71.031,0.48,0.49,0.51,0.52,0.01,0.01,75640.54,1776547269000
1776547271.412,71.412,0.49,0.51,0.5,0.52,0.02,0.02,75640.54,1776547269000
1776547271.785,71.785,0.5,0.51,0.48,0.5,0.01,0.02,75640.52,1776547270000
1776547272.13,72.13,0.53,0.54,0.46,0.47,0.01,0.01,75640.52,1776547270000
1776547272.493,72.493,0.53,0.54,0.46,0.47,0.01,0.01,75640.59,1776547271000
1776547272.84,72.84,0.53,0.54,0.46,0.47,0.01,0.01,75640.59,1776547271000
1776547273.425,73.425,0.53,0.54,0.46,0.47,0.01,0.01,75642.93,1776547272000
1776547273.76,73.76,0.53,0.57,0.43,0.47,0.04,0.04,75642.93,1776547272000
1776547274.135,74.135,0.55,0.57,0.43,0.45,0.02,0.02,75644.48,1776547273000
1776547274.54,74.54,0.56,0.58,0.42,0.44,0.02,0.02,75644.48,1776547273000
1776547274.922,74.922,0.57,0.58,0.42,0.43,0.01,0.01,75644.48,1776547273000
1776547275.262,75.262,0.57,0.59,0.41,0.43,0.02,0.02,75644.48,1776547273000
1776547275.73,75.73,0.58,0.59,0.4,0.42,0.01,0.02,75647.14,1776547274000
1776547276.127,76.127,0.58,0.59,0.41,0.42,0.01,0.01,75649.94,1776547275000
1776547276.527,76.527,0.59,0.6,0.4,0.42,0.01,0.02,75649.94,1776547275000
1776547276.904,76.904,0.6,0.61,0.39,0.41,0.01,0.02,75649.94,1776547275000
1776547277.419,77.419,0.6,0.62,0.39,0.4,0.02,0.01,75651.01,1776547276000
1776547277.795,77.795,0.6,0.63,0.38,0.4,0.03,0.02,75651.01,1776547276000
1776547278.302,78.302,0.62,0.63,0.37,0.39,0.01,0.02,75651.01,1776547276000
1776547278.704,78.704,0.63,0.64,0.36,0.38,0.01,0.02,75650.97,1776547277000
1776547279.098,79.098,0.63,0.64,0.36,0.37,0.01,0.01,75653.0,1776547278000
1776547279.439,79.439,0.63,0.64,0.36,0.37,0.01,0.01,75653.0,1776547278000
1776547280.013,80.013,0.63,0.64,0.36,0.37,0.01,0.01,75653.0,1776547278000
1776547280.594,80.594,0.63,0.64,0.36,0.37,0.01,0.01,75656.9,1776547279000
1776547281.088,81.088,0.63,0.64,0.36,0.37,0.01,0.01,75656.9,1776547279000
1776547281.566,81.566,0.63,0.64,0.36,0.37,0.01,0.01,75656.9,1776547280000
1776547281.992,81.992,0.63,0.64,0.36,0.37,0.01,0.01,75656.9,1776547280000
1776547282.665,82.665,0.63,0.64,0.36,0.37,0.01,0.01,75656.9,1776547280000
1776547283.132,83.132,0.63,0.64,0.36,0.37,0.01,0.01,75658.78,1776547281000
1776547283.646,83.646,0.63,0.64,0.36,0.37,0.01,0.01,75658.78,1776547282000
1776547284.055,84.055,0.63,0.64,0.36,0.37,0.01,0.01,75658.78,1776547282000
1776547284.389,84.389,0.64,0.65,0.35,0.36,0.01,0.01,75658.79,1776547283000
1776547284.762,84.762,0.64,0.65,0.35,0.36,0.01,0.01,75658.79,1776547283000
1776547285.398,85.398,0.64,0.65,0.35,0.36,0.01,0.01,75658.79,1776547283000
1776547285.806,85.806,0.64,0.65,0.35,0.36,0.01,0.01,75658.77,1776547284000
1776547286.237,86.237,0.64,0.65,0.35,0.36,0.01,0.01,75659.07,1776547285000
1776547286.729,86.729,0.64,0.65,0.35,0.36,0.01,0.01,75659.07,1776547285000
1776547287.12,87.12,0.64,0.65,0.35,0.36,0.01,0.01,75659.08,1776547286000
1776547287.486,87.486,0.64,0.65,0.35,0.36,0.01,0.01,75659.08,1776547286000
1776547288.01,88.01,0.64,0.65,0.35,0.36,0.01,0.01,75659.08,1776547286000
1776547288.621,88.621,0.64,0.65,0.35,0.36,0.01,0.01,75659.08,1776547287000
1776547289.252,89.252,0.64,0.65,0.35,0.36,0.01,0.01,75659.08,1776547287000
1776547289.94,89.94,0.64,0.65,0.35,0.36,0.01,0.01,75659.06,1776547288000
1776547290.293,90.293,0.64,0.65,0.35,0.36,0.01,0.01,75659.06,1776547288000
1776547290.759,90.759,0.64,0.66,0.34,0.35,0.02,0.01,75659.33,1776547289000
1776547291.102,91.102,0.64,0.65,0.35,0.36,0.01,0.01,75659.33,1776547289000
1776547291.605,91.605,0.64,0.65,0.35,0.36,0.01,0.01,75659.33,1776547290000
1776547292.368,92.368,0.64,0.65,0.35,0.36,0.01,0.01,75659.33,1776547291000
1776547292.702,92.702,0.65,0.66,0.34,0.35,0.01,0.01,75659.33,1776547291000
1776547293.068,93.068,0.65,0.66,0.34,0.35,0.01,0.01,75659.33,1776547291000
1776547293.449,93.449,0.65,0.66,0.34,0.35,0.01,0.01,75659.41,1776547292000
1776547293.808,93.808,0.65,0.66,0.34,0.35,0.01,0.01,75659.41,1776547292000
1776547294.646,94.646,0.63,0.66,0.34,0.35,0.03,0.01,75659.41,1776547293000
1776547295.094,95.094,0.63,0.64,0.36,0.37,0.01,0.01,75659.41,1776547293000
1776547295.434,95.434,0.63,0.64,0.36,0.37,0.01,0.01,75659.41,1776547294000
1776547295.768,95.768,0.63,0.64,0.36,0.37,0.01,0.01,75659.41,1776547294000
1776547296.205,96.205,0.63,0.64,0.36,0.37,0.01,0.01,75659.41,1776547294000
1776547296.753,96.753,0.63,0.64,0.36,0.37,0.01,0.01,75659.46,1776547295000
1776547297.514,97.514,0.63,0.64,0.36,0.37,0.01,0.01,75659.49,1776547296000
1776547297.855,97.855,0.63,0.64,0.36,0.37,0.01,0.01,75659.49,1776547296000
1776547298.209,98.209,0.63,0.64,0.36,0.37,0.01,0.01,75659.45,1776547297000
1776547298.677,98.677,0.63,0.64,0.36,0.37,0.01,0.01,75659.45,1776547297000
1776547299.297,99.297,0.64,0.65,0.36,0.37,0.01,0.01,75659.45,1776547297000
1776547299.889,99.889,0.64,0.65,0.35,0.36,0.01,0.01,75659.44,1776547298000
1776547300.254,100.254,0.64,0.65,0.35,0.36,0.01,0.01,75659.44,1776547298000
1776547300.715,100.715,0.65,0.66,0.35,0.36,0.01,0.01,75659.44,1776547299000
1776547301.114,101.114,0.65,0.66,0.34,0.35,0.01,0.01,75659.45,1776547300000
1776547301.948,101.948,0.65,0.66,0.34,0.35,0.01,0.01,75659.45,1776547300000
1776547302.773,102.773,0.65,0.66,0.34,0.35,0.01,0.01,75659.53,1776547301000
1776547303.826,103.826,0.65,0.66,0.34,0.35,0.01,0.01,75659.62,1776547302000
1776547304.536,104.536,0.66,0.67,0.34,0.35,0.01,0.01,75659.55,1776547303000
1776547304.919,104.919,0.66,0.67,0.33,0.34,0.01,0.01,75659.55,1776547303000
1776547305.837,105.837,0.66,0.67,0.33,0.34,0.01,0.01,75659.56,1776547304000
1776547306.408,106.408,0.57,0.58,0.42,0.43,0.01,0.01,75659.63,1776547305000
1776547306.911,106.911,0.57,0.58,0.42,0.43,0.01,0.01,75659.63,1776547305000
1776547307.271,107.271,0.57,0.58,0.42,0.43,0.01,0.01,75659.77,1776547306000
1776547307.724,107.724,0.57,0.58,0.42,0.43,0.01,0.01,75659.77,1776547306000
1776547308.088,108.088,0.57,0.58,0.42,0.43,0.01,0.01,75657.35,1776547307000
1776547308.446,108.446,0.57,0.58,0.42,0.43,0.01,0.01,75657.35,1776547307000
1776547308.818,108.818,0.57,0.58,0.42,0.43,0.01,0.01,75656.4,1776547308000
1776547309.171,109.171,0.57,0.58,0.42,0.43,0.01,0.01,75656.4,1776547308000
1776547309.82,109.82,0.57,0.58,0.42,0.43,0.01,0.01,75656.4,1776547308000
1776547310.313,110.313,0.57,0.58,0.42,0.43,0.01,0.01,75656.4,1776547308000
1776547311.127,111.127,0.57,0.58,0.42,0.43,0.01,0.01,75656.47,1776547309000
1776547311.471,111.471,0.57,0.58,0.42,0.43,0.01,0.01,75656.47,1776547310000
1776547311.922,111.922,0.57,0.58,0.42,0.43,0.01,0.01,75656.47,1776547310000
1776547312.303,112.303,0.57,0.58,0.42,0.43,0.01,0.01,75656.47,1776547310000
1776547313.064,113.064,0.57,0.58,0.42,0.43,0.01,0.01,75656.42,1776547311000
1776547313.651,113.651,0.57,0.58,0.42,0.43,0.01,0.01,75656.43,1776547312000
1776547314.163,114.163,0.57,0.58,0.42,0.43,0.01,0.01,75656.43,1776547312000
1776547314.69,114.69,0.57,0.58,0.42,0.43,0.01,0.01,75656.47,1776547313000
1776547315.31,115.31,0.57,0.58,0.42,0.43,0.01,0.01,75656.47,1776547314000
1776547315.956,115.956,0.57,0.58,0.42,0.43,0.01,0.01,75656.46,1776547315000
1776547316.509,116.509,0.57,0.58,0.42,0.43,0.01,0.01,75656.46,1776547315000
1776547316.883,116.883,0.57,0.58,0.42,0.43,0.01,0.01,75656.46,1776547316000
1776547317.22,117.22,0.57,0.58,0.42,0.43,0.01,0.01,75656.46,1776547316000
1776547317.683,117.683,0.57,0.58,0.42,0.43,0.01,0.01,75656.46,1776547316000
1776547318.031,118.031,0.57,0.58,0.42,0.43,0.01,0.01,75654.88,1776547317000
1776547318.591,118.591,0.57,0.58,0.42,0.43,0.01,0.01,75654.88,1776547317000
1776547319.052,119.052,0.57,0.58,0.42,0.43,0.01,0.01,75654.88,1776547318000
1776547319.66,119.66,0.57,0.58,0.42,0.43,0.01,0.01,75654.88,1776547318000
1776547319.994,119.994,0.57,0.58,0.42,0.43,0.01,0.01,75654.88,1776547318000
1776547320.845,120.845,0.57,0.58,0.42,0.43,0.01,0.01,75656.48,1776547319000
1776547321.346,121.346,0.57,0.58,0.42,0.43,0.01,0.01,75656.48,1776547319000
1776547321.681,121.681,0.59,0.61,0.4,0.41,0.02,0.01,75656.52,1776547320000
1776547322.028,122.028,0.61,0.62,0.37,0.39,0.01,0.02,75656.52,1776547321000
1776547322.41,122.41,0.61,0.62,0.38,0.39,0.01,0.01,75656.52,1776547321000
1776547322.878,122.878,0.61,0.62,0.38,0.39,0.01,0.01,75656.52,1776547321000
1776547323.322,123.322,0.61,0.62,0.38,0.39,0.01,0.01,75656.46,1776547322000
1776547323.882,123.882,0.61,0.62,0.38,0.39,0.01,0.01,75656.46,1776547322000
1776547324.284,124.284,0.61,0.62,0.38,0.39,0.01,0.01,75656.61,1776547323000
1776547324.716,124.716,0.61,0.62,0.38,0.39,0.01,0.01,75656.61,1776547323000
1776547325.211,125.211,0.61,0.62,0.38,0.39,0.01,0.01,75658.04,1776547324000
1776547325.917,125.917,0.61,0.62,0.38,0.39,0.01,0.01,75658.04,1776547324000
1776547326.317,126.317,0.61,0.62,0.38,0.39,0.01,0.01,75658.73,1776547325000
1776547326.671,126.671,0.61,0.62,0.38,0.39,0.01,0.01,75658.73,1776547325000
1776547327.3,127.3,0.61,0.62,0.38,0.39,0.01,0.01,75658.72,1776547326000
1776547327.643,127.643,0.61,0.62,0.38,0.39,0.01,0.01,75658.72,1776547326000
1776547328.04,128.04,0.61,0.62,0.38,0.39,0.01,0.01,75658.72,1776547326000
1776547328.501,128.501,0.6,0.61,0.39,0.4,0.01,0.01,75658.72,1776547326000
1776547328.93,128.93,0.59,0.61,0.39,0.41,0.02,0.02,75658.29,1776547327000
1776547329.512,129.512,0.59,0.6,0.39,0.41,0.01,0.02,75658.29,1776547327000
1776547330.047,130.047,0.59,0.6,0.4,0.41,0.01,0.01,75658.29,1776547328000
1776547330.729,130.729,0.59,0.6,0.4,0.41,0.01,0.01,75658.05,1776547329000
1776547331.086,131.086,0.59,0.6,0.4,0.41,0.01,0.01,75658.05,1776547329000
1776547331.84,131.84,0.59,0.6,0.4,0.41,0.01,0.01,75657.55,1776547330000
1776547332.301,132.301,0.6,0.61,0.39,0.41,0.01,0.02,75657.55,1776547330000
1776547332.732,132.732,0.6,0.61,0.39,0.4,0.01,0.01,75657.56,1776547331000
1776547333.5,133.5,0.61,0.62,0.38,0.39,0.01,0.01,75657.52,1776547332000
1776547333.883,133.883,0.62,0.63,0.37,0.39,0.01,0.02,75657.52,1776547332000
1776547334.324,134.324,0.62,0.63,0.37,0.38,0.01,0.01,75657.56,1776547333000
1776547334.671,134.671,0.62,0.63,0.37,0.38,0.01,0.01,75657.56,1776547333000
1776547335.272,135.272,0.62,0.63,0.37,0.38,0.01,0.01,75657.56,1776547333000
1776547335.605,135.605,0.63,0.64,0.37,0.38,0.01,0.01,75657.62,1776547334000
1776547335.989,135.989,0.63,0.64,0.36,0.37,0.01,0.01,75657.62,1776547334000
1776547336.441,136.441,0.64,0.65,0.35,0.36,0.01,0.01,75657.62,1776547335000
1776547336.807,136.807,0.66,0.7,0.3,0.34,0.04,0.04,75657.62,1776547335000
1776547337.151,137.151,0.68,0.7,0.31,0.32,0.02,0.01,75657.62,1776547335000
1776547337.582,137.582,0.69,0.7,0.3,0.31,0.01,0.01,75657.62,1776547335000
1776547337.925,137.925,0.69,0.72,0.28,0.31,0.03,0.03,75657.65,1776547336000
1776547338.394,138.394,0.71,0.72,0.28,0.29,0.01,0.01,75657.65,1776547336000
1776547339.06,139.06,0.71,0.72,0.28,0.29,0.01,0.01,75662.34,1776547337000
1776547339.454,139.454,0.71,0.72,0.28,0.29,0.01,0.01,75662.34,1776547338000
1776547339.859,139.859,0.71,0.72,0.28,0.29,0.01,0.01,75662.34,1776547338000
1776547340.209,140.209,0.71,0.72,0.28,0.29,0.01,0.01,75662.34,1776547338000
1776547340.572,140.572,0.71,0.72,0.28,0.29,0.01,0.01,75662.34,1776547338000
1776547341.02,141.02,0.71,0.72,0.28,0.29,0.01,0.01,75664.07,1776547339000
1776547341.381,141.381,0.72,0.73,0.27,0.29,0.01,0.02,75662.45,1776547340000
1776547341.906,141.906,0.72,0.73,0.27,0.28,0.01,0.01,75662.45,1776547340000
1776547342.308,142.308,0.72,0.73,0.27,0.28,0.01,0.01,75662.45,1776547340000
1776547342.65,142.65,0.72,0.73,0.27,0.28,0.01,0.01,75664.48,1776547341000
1776547343.069,143.069,0.73,0.74,0.26,0.27,0.01,0.01,75664.48,1776547341000
1776547343.428,143.428,0.73,0.74,0.26,0.27,0.01,0.01,75664.48,1776547341000
1776547344.028,144.028,0.73,0.74,0.26,0.27,0.01,0.01,75664.47,1776547342000
1776547344.43,144.43,0.73,0.74,0.26,0.27,0.01,0.01,75664.47,1776547342000
1776547344.897,144.897,0.73,0.74,0.26,0.27,0.01,0.01,75664.45,1776547343000
1776547345.231,145.231,0.75,0.77,0.23,0.25,0.02,0.02,75664.45,1776547343000
1776547345.696,145.696,0.79,0.8,0.2,0.21,0.01,0.01,75664.48,1776547344000
1776547346.055,146.055,0.8,0.81,0.19,0.21,0.01,0.02,75664.48,1776547344000
1776547346.399,146.399,0.8,0.81,0.19,0.2,0.01,0.01,75664.48,1776547344000
1776547346.777,146.777,0.8,0.81,0.19,0.2,0.01,0.01,75664.44,1776547345000
1776547347.213,147.213,0.8,0.81,0.19,0.2,0.01,0.01,75664.44,1776547345000
1776547347.572,147.572,0.8,0.81,0.19,0.2,0.01,0.01,75664.44,1776547345000
1776547347.97,147.97,0.79,0.8,0.19,0.21,0.01,0.02,75664.44,1776547345000
1776547348.408,148.408,0.79,0.8,0.2,0.21,0.01,0.01,75664.44,1776547345000
1776547348.801,148.801,0.79,0.8,0.2,0.21,0.01,0.01,75670.38,1776547347000
1776547349.4,149.4,0.8,0.81,0.19,0.2,0.01,0.01,75670.38,1776547347000
1776547349.869,149.869,0.8,0.81,0.19,0.2,0.01,0.01,75670.38,1776547348000
1776547350.447,150.447,0.8,0.81,0.19,0.2,0.01,0.01,75670.38,1776547348000
1776547350.95,150.95,0.79,0.81,0.19,0.2,0.02,0.01,75670.38,1776547349000
1776547351.315,151.315,0.8,0.81,0.19,0.2,0.01,0.01,75670.38,1776547349000
1776547351.919,151.919,0.8,0.81,0.19,0.2,0.01,0.01,75670.59,1776547350000
1776547352.287,152.287,0.8,0.81,0.19,0.2,0.01,0.01,75670.59,1776547350000
1776547352.955,152.955,0.8,0.81,0.19,0.2,0.01,0.01,75670.58,1776547351000
1776547353.382,153.382,0.8,0.82,0.19,0.2,0.02,0.01,75670.57,1776547352000
1776547353.836,153.836,0.81,0.82,0.18,0.19,0.01,0.01,75670.57,1776547352000
1776547354.184,154.184,0.81,0.82,0.18,0.19,0.01,0.01,75670.57,1776547352000
1776547354.606,154.606,0.81,0.82,0.18,0.19,0.01,0.01,75670.57,1776547352000
1776547355.283,155.283,0.81,0.82,0.18,0.19,0.01,0.01,75670.58,1776547354000
1776547355.775,155.775,0.81,0.82,0.18,0.19,0.01,0.01,75670.58,1776547354000
1776547356.145,156.145,0.81,0.82,0.18,0.19,0.01,0.01,75670.58,1776547354000
1776547356.79,156.79,0.81,0.82,0.18,0.19,0.01,0.01,75670.58,1776547355000
1776547357.314,157.314,0.81,0.82,0.18,0.19,0.01,0.01,75670.58,1776547355000
1776547358.092,158.092,0.81,0.82,0.18,0.19,0.01,0.01,75670.59,1776547356000
1776547358.853,158.853,0.81,0.82,0.18,0.19,0.01,0.01,75670.58,1776547357000
1776547359.222,159.222,0.81,0.82,0.18,0.19,0.01,0.01,75670.58,1776547357000
1776547360.358,160.358,0.81,0.82,0.18,0.19,0.01,0.01,75670.65,1776547358000
1776547360.747,160.747,0.81,0.82,0.18,0.19,0.01,0.01,75670.73,1776547359000
1776547361.64,161.64,0.81,0.82,0.18,0.19,0.01,0.01,75670.73,1776547360000
1776547362.54,162.54,0.81,0.82,0.18,0.19,0.01,0.01,75670.78,1776547361000
1776547363.08,163.08,0.81,0.82,0.18,0.19,0.01,0.01,75670.79,1776547362000
1776547363.65,163.65,0.81,0.82,0.18,0.19,0.01,0.01,75670.79,1776547362000
1776547364.162,164.162,0.81,0.82,0.18,0.19,0.01,0.01,75670.79,1776547362000
1776547364.526,164.526,0.81,0.82,0.18,0.19,0.01,0.01,75670.78,1776547363000
1776547364.869,164.869,0.81,0.82,0.18,0.19,0.01,0.01,75670.78,1776547363000
1776547365.664,165.664,0.81,0.83,0.18,0.19,0.02,0.01,75670.78,1776547363000
1776547366.26,166.26,0.82,0.83,0.17,0.18,0.01,0.01,75670.83,1776547365000
1776547366.655,166.655,0.82,0.83,0.17,0.18,0.01,0.01,75670.83,1776547365000
1776547367.242,167.242,0.82,0.83,0.17,0.18,0.01,0.01,75670.83,1776547366000
1776547367.919,167.919,0.82,0.83,0.17,0.18,0.01,0.01,75670.83,1776547366000
1776547368.263,168.263,0.71,0.72,0.24,0.3,0.01,0.06,75670.83,1776547366000
1776547368.753,168.753,0.71,0.72,0.28,0.29,0.01,0.01,75670.79,1776547367000
1776547369.172,169.172,0.71,0.72,0.28,0.29,0.01,0.01,75670.78,1776547368000
1776547369.592,169.592,0.7,0.71,0.28,0.3,0.01,0.02,75670.78,1776547368000
1776547370.25,170.25,0.7,0.71,0.29,0.3,0.01,0.01,75670.78,1776547368000
1776547370.666,170.666,0.64,0.67,0.33,0.36,0.03,0.03,75664.91,1776547369000
1776547371.122,171.122,0.64,0.67,0.33,0.36,0.03,0.03,75664.91,1776547369000
1776547372.375,172.375,0.66,0.67,0.33,0.36,0.01,0.03,75662.13,1776547370000
1776547373.042,173.042,0.66,0.67,0.33,0.34,0.01,0.01,75661.76,1776547371000
1776547373.548,173.548,0.66,0.7,0.3,0.34,0.04,0.04,75661.16,1776547372000
1776547373.896,173.896,0.65,0.7,0.3,0.35,0.05,0.05,75661.16,1776547372000
1776547374.329,174.329,0.66,0.67,0.33,0.34,0.01,0.01,75661.16,1776547373000
1776547374.744,174.744,0.66,0.67,0.33,0.34,0.01,0.01,75661.16,1776547373000
1776547375.085,175.085,0.65,0.67,0.33,0.35,0.02,0.02,75661.03,1776547374000
1776547375.493,175.493,0.65,0.66,0.34,0.35,0.01,0.01,75661.03,1776547374000
1776547375.929,175.929,0.65,0.66,0.34,0.35,0.01,0.01,75661.03,1776547374000
1776547376.279,176.279,0.65,0.66,0.34,0.35,0.01,0.01,75661.03,1776547375000
1776547376.649,176.649,0.65,0.66,0.34,0.35,0.01,0.01,75661.03,1776547375000
1776547377.045,177.045,0.65,0.66,0.34,0.35,0.01,0.01,75660.94,1776547376000
1776547378.109,178.109,0.65,0.66,0.34,0.35,0.01,0.01,75660.94,1776547376000
1776547378.591,178.591,0.65,0.67,0.33,0.35,0.02,0.02,75660.9,1776547377000
1776547379.018,179.018,0.65,0.69,0.31,0.35,0.04,0.04,75660.9,1776547378000
1776547379.361,179.361,0.65,0.66,0.31,0.35,0.01,0.04,75660.9,1776547378000
1776547379.794,179.794,0.65,0.66,0.34,0.35,0.01,0.01,75660.9,1776547378000
1776547380.355,180.355,0.65,0.66,0.34,0.35,0.01,0.01,75661.23,1776547379000
1776547380.924,180.924,0.65,0.68,0.34,0.35,0.03,0.01,75661.23,1776547379000
1776547381.281,181.281,0.66,0.69,0.32,0.35,0.03,0.03,75661.6,1776547380000
1776547381.68,181.68,0.67,0.69,0.31,0.34,0.02,0.03,75661.6,1776547380000
1776547382.102,182.102,0.67,0.68,0.31,0.33,0.01,0.02,75661.6,1776547380000
1776547382.831,182.831,0.67,0.68,0.32,0.33,0.01,0.01,75662.09,1776547381000
1776547383.178,183.178,0.67,0.7,0.32,0.33,0.03,0.01,75662.09,1776547381000
1776547383.544,183.544,0.69,0.7,0.3,0.33,0.01,0.03,75662.08,1776547382000
1776547383.904,183.904,0.69,0.76,0.29,0.31,0.07,0.02,75662.08,1776547382000
1776547384.244,184.244,0.7,0.74,0.26,0.3,0.04,0.04,75662.12,1776547383000
1776547384.58,184.58,0.7,0.71,0.29,0.3,0.01,0.01,75662.12,1776547383000
1776547384.923,184.923,0.71,0.73,0.28,0.29,0.02,0.01,75662.12,1776547383000
1776547385.257,185.257,0.77,0.78,0.23,0.26,0.01,0.03,75662.12,1776547383000
1776547385.617,185.617,0.8,0.81,0.18,0.2,0.01,0.02,75662.42,1776547384000
1776547385.976,185.976,0.8,0.81,0.19,0.2,0.01,0.01,75662.42,1776547384000
1776547386.311,186.311,0.8,0.81,0.19,0.2,0.01,0.01,75662.42,1776547384000
1776547387.33,187.33,0.8,0.81,0.19,0.2,0.01,0.01,75668.79,1776547386000
1776547387.752,187.752,0.8,0.81,0.19,0.2,0.01,0.01,75668.79,1776547386000
1776547388.502,188.502,0.8,0.81,0.19,0.2,0.01,0.01,75671.77,1776547387000
1776547388.858,188.858,0.8,0.81,0.19,0.2,0.01,0.01,75671.77,1776547387000
1776547389.362,189.362,0.8,0.81,0.19,0.2,0.01,0.01,75671.77,1776547387000
1776547389.924,189.924,0.8,0.81,0.19,0.2,0.01,0.01,75671.73,1776547388000
1776547390.386,190.386,0.8,0.81,0.19,0.2,0.01,0.01,75671.78,1776547389000
1776547390.917,190.917,0.8,0.81,0.19,0.2,0.01,0.01,75671.78,1776547389000
1776547391.435,191.435,0.8,0.82,0.18,0.2,0.02,0.02,75671.71,1776547390000
1776547391.989,191.989,0.81,0.82,0.18,0.2,0.01,0.02,75671.71,1776547390000
1776547392.668,192.668,0.81,0.82,0.18,0.19,0.01,0.01,75671.71,1776547390000
1776547393.025,193.025,0.81,0.82,0.18,0.19,0.01,0.01,75671.72,1776547391000
1776547393.562,193.562,0.81,0.82,0.18,0.19,0.01,0.01,75671.72,1776547392000
1776547394.065,194.065,0.81,0.82,0.18,0.19,0.01,0.01,75671.72,1776547392000
1776547394.456,194.456,0.81,0.82,0.18,0.19,0.01,0.01,75671.97,1776547393000
1776547394.807,194.807,0.81,0.82,0.18,0.19,0.01,0.01,75671.97,1776547393000
1776547395.188,195.188,0.81,0.82,0.18,0.19,0.01,0.01,75671.97,1776547393000
1776547396.034,196.034,0.81,0.82,0.18,0.19,0.01,0.01,75671.9,1776547394000
1776547396.486,196.486,0.81,0.83,0.18,0.19,0.02,0.01,75671.9,1776547394000
1776547396.825,196.825,0.81,0.83,0.17,0.19,0.02,0.02,75672.39,1776547395000
1776547397.523,197.523,0.81,0.83,0.17,0.19,0.02,0.02,75672.44,1776547396000
1776547398.759,198.759,0.81,0.83,0.17,0.19,0.02,0.02,75672.39,1776547397000
1776547399.097,199.097,0.82,0.83,0.17,0.18,0.01,0.01,75672.39,1776547397000
1776547399.57,199.57,0.82,0.83,0.17,0.18,0.01,0.01,75672.12,1776547398000
1776547399.92,199.92,0.82,0.83,0.17,0.18,0.01,0.01,75672.12,1776547398000
1776547400.398,200.398,0.82,0.83,0.17,0.18,0.01,0.01,75672.01,1776547399000
1776547400.796,200.796,0.82,0.83,0.17,0.18,0.01,0.01,75672.01,1776547399000
1776547401.402,201.402,0.82,0.83,0.17,0.18,0.01,0.01,75670.05,1776547400000
1776547401.778,201.778,0.82,0.83,0.17,0.18,0.01,0.01,75670.05,1776547400000
1776547402.154,202.154,0.82,0.83,0.17,0.18,0.01,0.01,75672.03,1776547401000
1776547403.031,203.031,0.82,0.83,0.17,0.18,0.01,0.01,75669.95,1776547402000
1776547403.58,203.58,0.82,0.83,0.17,0.18,0.01,0.01,75669.95,1776547402000
1776547403.932,203.932,0.82,0.83,0.17,0.18,0.01,0.01,75669.95,1776547402000
1776547404.276,204.276,0.82,0.83,0.17,0.18,0.01,0.01,75672.01,1776547403000
1776547404.639,204.639,0.82,0.83,0.17,0.18,0.01,0.01,75672.01,1776547403000
1776547405.942,205.942,0.82,0.83,0.17,0.18,0.01,0.01,75672.01,1776547403000
1776547406.406,206.406,0.82,0.83,0.17,0.18,0.01,0.01,75672.01,1776547403000
1776547407.064,207.064,0.82,0.83,0.17,0.18,0.01,0.01,75672.01,1776547403000
1776547410.047,210.047,0.82,0.83,0.17,0.18,0.01,0.01,75672.01,1776547403000
1776547410.91,210.91,0.83,0.84,0.17,0.18,0.01,0.01,75672.01,1776547403000
1776547411.266,211.266,0.83,0.84,0.16,0.17,0.01,0.01,75672.01,1776547403000
1776547411.631,211.631,0.83,0.84,0.16,0.17,0.01,0.01,75672.01,1776547403000
1776547412.202,212.202,0.84,0.85,0.16,0.17,0.01,0.01,75672.01,1776547403000
1776547412.681,212.681,0.84,0.85,0.15,0.16,0.01,0.01,75672.01,1776547403000
1776547413.236,213.236,0.84,0.85,0.15,0.16,0.01,0.01,75672.01,1776547403000
1776547413.787,213.787,0.84,0.85,0.15,0.16,0.01,0.01,75672.01,1776547403000
1776547414.927,214.927,0.85,0.86,0.15,0.16,0.01,0.01,75672.01,1776547403000
1776547417.611,217.611,0.85,0.86,0.14,0.15,0.01,0.01,75672.01,1776547403000
1776547418.318,218.318,0.85,0.86,0.14,0.15,0.01,0.01,75672.01,1776547403000
1776547418.655,218.655,0.85,0.86,0.14,0.15,0.01,0.01,75672.01,1776547403000
1776547419.383,219.383,0.85,0.86,0.14,0.15,0.01,0.01,75672.01,1776547403000
1776547419.762,219.762,0.85,0.86,0.14,0.15,0.01,0.01,75672.01,1776547403000
1776547420.291,220.291,0.85,0.86,0.14,0.15,0.01,0.01,75672.04,1776547416000
1776547420.686,220.686,0.85,0.86,0.14,0.15,0.01,0.01,75672.04,1776547417000
1776547421.114,221.114,0.86,0.87,0.13,0.14,0.01,0.01,75672.04,1776547417000
1776547421.533,221.533,0.86,0.87,0.13,0.14,0.01,0.01,75671.93,1776547418000
1776547421.912,221.912,0.86,0.87,0.13,0.14,0.01,0.01,75671.93,1776547419000
1776547422.452,222.452,0.86,0.87,0.13,0.14,0.01,0.01,75671.93,1776547421000
1776547423.037,223.037,0.86,0.87,0.13,0.14,0.01,0.01,75671.93,1776547421000
1776547423.602,223.602,0.86,0.87,0.13,0.14,0.01,0.01,75671.93,1776547421000
1776547423.952,223.952,0.87,0.88,0.12,0.13,0.01,0.01,75671.93,1776547421000
1776547424.669,224.669,0.87,0.88,0.12,0.13,0.01,0.01,75671.93,1776547421000
1776547425.028,225.028,0.87,0.88,0.12,0.13,0.01,0.01,75671.97,1776547423000
1776547425.458,225.458,0.87,0.88,0.12,0.13,0.01,0.01,75671.96,1776547424000
1776547425.868,225.868,0.87,0.88,0.12,0.13,0.01,0.01,75671.96,1776547424000
1776547426.359,226.359,0.87,0.88,0.12,0.13,0.01,0.01,75671.97,1776547425000
1776547426.762,226.762,0.88,0.89,0.11,0.12,0.01,0.01,75671.97,1776547425000
1776547427.407,227.407,0.88,0.89,0.11,0.12,0.01,0.01,75671.39,1776547426000
1776547427.756,227.756,0.68,0.73,0.27,0.28,0.05,0.01,75671.39,1776547426000
1776547428.097,228.097,0.7,0.73,0.27,0.3,0.03,0.03,75671.39,1776547426000
1776547428.471,228.471,0.72,0.73,0.27,0.28,0.01,0.01,75671.39,1776547427000
1776547428.843,228.843,0.72,0.73,0.27,0.28,0.01,0.01,75671.39,1776547427000
1776547429.194,229.194,0.71,0.72,0.27,0.29,0.01,0.02,75671.39,1776547427000
1776547429.557,229.557,0.71,0.72,0.28,0.29,0.01,0.01,75669.6,1776547428000
1776547429.899,229.899,0.71,0.72,0.28,0.29,0.01,0.01,75669.6,1776547428000
1776547430.262,230.262,0.71,0.72,0.28,0.29,0.01,0.01,75669.6,1776547428000
1776547430.6,230.6,0.71,0.72,0.28,0.29,0.01,0.01,75662.2,1776547429000
1776547430.962,230.962,0.71,0.72,0.28,0.29,0.01,0.01,75662.2,1776547429000
1776547431.385,231.385,0.71,0.72,0.28,0.29,0.01,0.01,75662.23,1776547430000
1776547432.122,232.122,0.71,0.72,0.28,0.29,0.01,0.01,75662.23,1776547431000
1776547432.581,232.581,0.74,0.78,0.21,0.27,0.04,0.06,75662.23,1776547431000
1776547433.111,233.111,0.76,0.77,0.23,0.24,0.01,0.01,75662.23,1776547431000
1776547433.524,233.524,0.76,0.77,0.23,0.24,0.01,0.01,75662.23,1776547432000
1776547433.867,233.867,0.76,0.77,0.23,0.24,0.01,0.01,75662.23,1776547432000
1776547434.341,234.341,0.76,0.77,0.23,0.24,0.01,0.01,75662.23,1776547433000
1776547434.769,234.769,0.76,0.77,0.23,0.24,0.01,0.01,75662.23,1776547433000
1776547435.197,235.197,0.76,0.77,0.23,0.24,0.01,0.01,75662.57,1776547434000
1776547435.582,235.582,0.83,0.88,0.12,0.17,0.05,0.05,75662.57,1776547434000
1776547435.957,235.957,0.85,0.87,0.12,0.14,0.02,0.02,75662.57,1776547434000
1776547436.303,236.303,0.86,0.87,0.13,0.14,0.01,0.01,75662.57,1776547434000
1776547436.659,236.659,0.87,0.88,0.12,0.13,0.01,0.01,75662.57,1776547435000
1776547437.136,237.136,0.87,0.88,0.12,0.13,0.01,0.01,75662.57,1776547435000
1776547437.569,237.569,0.87,0.88,0.12,0.13,0.01,0.01,75665.85,1776547436000
1776547438.089,238.089,0.87,0.89,0.11,0.13,0.02,0.02,75669.2,1776547437000
1776547438.441,238.441,0.89,0.9,0.1,0.11,0.01,0.01,75669.2,1776547437000
1776547438.957,238.957,0.9,0.91,0.1,0.11,0.01,0.01,75669.2,1776547437000
1776547439.328,239.328,0.9,0.91,0.09,0.1,0.01,0.01,75669.65,1776547438000
1776547439.761,239.761,0.91,0.92,0.08,0.1,0.01,0.02,75669.65,1776547438000
1776547440.342,240.342,0.92,0.93,0.08,0.09,0.01,0.01,75669.65,1776547438000
1776547440.679,240.679,0.92,0.93,0.07,0.08,0.01,0.01,75671.46,1776547439000
1776547441.016,241.016,0.92,0.93,0.07,0.08,0.01,0.01,75671.46,1776547439000
1776547441.45,241.45,0.92,0.93,0.07,0.08,0.01,0.01,75671.57,1776547440000
1776547441.836,241.836,0.92,0.93,0.07,0.08,0.01,0.01,75671.57,1776547440000
1776547442.195,242.195,0.92,0.93,0.07,0.08,0.01,0.01,75671.57,1776547440000
1776547442.548,242.548,0.92,0.93,0.07,0.08,0.01,0.01,75671.83,1776547441000
1776547442.982,242.982,0.92,0.93,0.07,0.08,0.01,0.01,75671.83,1776547441000
1776547443.367,243.367,0.92,0.93,0.07,0.08,0.01,0.01,75671.83,1776547442000
1776547443.843,243.843,0.92,0.93,0.07,0.08,0.01,0.01,75671.83,1776547442000
1776547444.445,244.445,0.92,0.93,0.07,0.08,0.01,0.01,75671.83,1776547442000
1776547444.828,244.828,0.93,0.94,0.06,0.07,0.01,0.01,75671.03,1776547443000
1776547445.341,245.341,0.93,0.94,0.06,0.07,0.01,0.01,75672.15,1776547444000
1776547445.705,245.705,0.93,0.94,0.06,0.07,0.01,0.01,75672.15,1776547444000
1776547446.324,246.324,0.93,0.94,0.06,0.07,0.01,0.01,75672.15,1776547444000
1776547446.739,246.739,0.93,0.94,0.06,0.07,0.01,0.01,75672.15,1776547445000
1776547447.182,247.182,0.93,0.94,0.06,0.07,0.01,0.01,75672.15,1776547445000
1776547447.83,247.83,0.93,0.94,0.06,0.07,0.01,0.01,75672.18,1776547446000
1776547448.385,248.385,0.93,0.94,0.06,0.07,0.01,0.01,75672.46,1776547447000
1776547448.799,248.799,0.94,0.95,0.05,0.06,0.01,0.01,75672.46,1776547447000
1776547449.218,249.218,0.94,0.95,0.05,0.06,0.01,0.01,75672.49,1776547448000
1776547449.659,249.659,0.94,0.95,0.05,0.06,0.01,0.01,75672.49,1776547448000
1776547450.035,250.035,0.94,0.95,0.05,0.06,0.01,0.01,75672.49,1776547448000
1776547450.391,250.391,0.91,0.92,0.08,0.09,0.01,0.01,75672.52,1776547449000
1776547450.74,250.74,0.91,0.92,0.08,0.09,0.01,0.01,75672.52,1776547449000
1776547451.132,251.132,0.92,0.94,0.06,0.08,0.02,0.02,75672.52,1776547449000
1776547451.626,251.626,0.93,0.94,0.06,0.07,0.01,0.01,75672.52,1776547449000
1776547452.173,252.173,0.93,0.94,0.06,0.07,0.01,0.01,75672.53,1776547450000
1776547452.649,252.649,0.94,0.95,0.05,0.06,0.01,0.01,75672.53,1776547451000
1776547453.077,253.077,0.94,0.95,0.05,0.06,0.01,0.01,75672.53,1776547452000
1776547453.662,253.662,0.94,0.95,0.05,0.06,0.01,0.01,75672.53,1776547452000
1776547454.057,254.057,0.94,0.95,0.05,0.06,0.01,0.01,75672.53,1776547452000
1776547454.984,254.984,0.94,0.95,0.05,0.06,0.01,0.01,75672.53,1776547453000
1776547455.803,255.803,0.94,0.95,0.05,0.06,0.01,0.01,75672.53,1776547454000
1776547456.224,256.224,0.94,0.95,0.05,0.06,0.01,0.01,75672.53,1776547454000
1776547456.62,256.62,0.94,0.95,0.05,0.06,0.01,0.01,75673.01,1776547455000
1776547457.017,257.017,0.94,0.95,0.05,0.06,0.01,0.01,75673.01,1776547455000
1776547457.604,257.604,0.94,0.95,0.05,0.06,0.01,0.01,75671.54,1776547456000
1776547458.029,258.029,0.94,0.95,0.05,0.06,0.01,0.01,75671.54,1776547456000
1776547458.559,258.559,0.94,0.95,0.05,0.06,0.01,0.01,75672.95,1776547457000
1776547458.914,258.914,0.94,0.95,0.05,0.06,0.01,0.01,75672.95,1776547457000
1776547459.39,259.39,0.94,0.95,0.05,0.06,0.01,0.01,75672.97,1776547458000
1776547459.784,259.784,0.94,0.95,0.05,0.06,0.01,0.01,75672.97,1776547458000
1776547460.186,260.186,0.94,0.95,0.05,0.06,0.01,0.01,75672.97,1776547458000
1776547460.592,260.592,0.95,0.96,0.04,0.06,0.01,0.02,75673.0,1776547459000
1776547460.93,260.93,0.95,0.96,0.04,0.05,0.01,0.01,75673.0,1776547459000
1776547461.292,261.292,0.95,0.96,0.04,0.05,0.01,0.01,75674.0,1776547460000
1776547461.683,261.683,0.95,0.96,0.04,0.05,0.01,0.01,75674.0,1776547460000
1776547462.183,262.183,0.95,0.96,0.04,0.05,0.01,0.01,75674.0,1776547460000
1776547462.519,262.519,0.95,0.96,0.04,0.05,0.01,0.01,75674.0,1776547460000
1776547462.986,262.986,0.96,0.97,0.04,0.05,0.01,0.01,75675.75,1776547461000
1776547463.32,263.32,0.96,0.97,0.03,0.04,0.01,0.01,75677.59,1776547462000
1776547463.722,263.722,0.96,0.97,0.03,0.04,0.01,0.01,75677.59,1776547462000
1776547464.128,264.128,0.96,0.97,0.03,0.04,0.01,0.01,75677.59,1776547462000
1776547464.784,264.784,0.96,0.97,0.03,0.04,0.01,0.01,75677.69,1776547463000
1776547465.422,265.422,0.96,0.97,0.03,0.04,0.01,0.01,75678.03,1776547464000
1776547465.792,265.792,0.96,0.97,0.03,0.04,0.01,0.01,75678.03,1776547464000
1776547466.172,266.172,0.96,0.97,0.03,0.04,0.01,0.01,75678.03,1776547464000
1776547466.627,266.627,0.96,0.97,0.03,0.04,0.01,0.01,75678.03,1776547464000
1776547466.971,266.971,0.96,0.97,0.03,0.04,0.01,0.01,75678.32,1776547466000
1776547467.458,267.458,0.96,0.97,0.03,0.04,0.01,0.01,75678.32,1776547466000
1776547467.817,267.817,0.96,0.97,0.03,0.04,0.01,0.01,75678.32,1776547466000
1776547468.188,268.188,0.96,0.97,0.03,0.04,0.01,0.01,75678.32,1776547466000
1776547468.557,268.557,0.97,0.98,0.02,0.03,0.01,0.01,75678.32,1776547467000
1776547468.917,268.917,0.97,0.98,0.02,0.03,0.01,0.01,75678.32,1776547467000
1776547469.354,269.354,0.97,0.98,0.02,0.03,0.01,0.01,75678.32,1776547467000
1776547469.758,269.758,0.96,0.98,0.02,0.03,0.02,0.01,75677.41,1776547468000
1776547470.149,270.149,0.96,0.97,0.03,0.04,0.01,0.01,75677.41,1776547468000
1776547470.619,270.619,0.96,0.97,0.03,0.06,0.01,0.03,75676.98,1776547469000
1776547470.972,270.972,0.96,0.97,0.03,0.04,0.01,0.01,75676.98,1776547469000
1776547471.355,271.355,0.96,0.97,0.03,0.04,0.01,0.01,75676.98,1776547469000
1776547471.75,271.75,0.97,0.98,0.02,0.03,0.01,0.01,75676.97,1776547470000
1776547472.153,272.153,0.97,0.98,0.02,0.03,0.01,0.01,75676.96,1776547471000
1776547472.807,272.807,0.97,0.98,0.02,0.03,0.01,0.01,75676.96,1776547471000
1776547473.308,273.308,0.97,0.98,0.02,0.03,0.01,0.01,75676.96,1776547471000
1776547473.833,273.833,0.97,0.98,0.02,0.03,0.01,0.01,75676.65,1776547472000
1776547474.22,274.22,0.97,0.98,0.02,0.03,0.01,0.01,75676.65,1776547472000
1776547474.614,274.614,0.97,0.98,0.02,0.03,0.01,0.01,75676.66,1776547473000
1776547475.131,275.131,0.97,0.98,0.02,0.03,0.01,0.01,75676.66,1776547473000
1776547475.682,275.682,0.95,0.96,0.04,0.05,0.01,0.01,75676.66,1776547473000
1776547476.07,276.07,0.95,0.96,0.04,0.05,0.01,0.01,75676.63,1776547474000
1776547476.409,276.409,0.97,0.98,0.02,0.03,0.01,0.01,75676.63,1776547475000
1776547476.742,276.742,0.97,0.98,0.02,0.03,0.01,0.01,75676.63,1776547475000
1776547477.223,277.223,0.97,0.98,0.02,0.03,0.01,0.01,75676.63,1776547475000
1776547477.567,277.567,0.96,0.97,0.02,0.04,0.01,0.02,75676.61,1776547476000
1776547478.272,278.272,0.95,0.96,0.03,0.04,0.01,0.01,75676.61,1776547476000
1776547478.607,278.607,0.95,0.96,0.04,0.05,0.01,0.01,75676.61,1776547477000
1776547479.014,279.014,0.95,0.96,0.04,0.05,0.01,0.01,75676.61,1776547477000
1776547479.452,279.452,0.95,0.97,0.03,0.05,0.02,0.02,75676.73,1776547478000
1776547479.836,279.836,0.96,0.97,0.03,0.05,0.01,0.02,75676.73,1776547478000
1776547480.277,280.277,0.96,0.97,0.03,0.04,0.01,0.01,75676.91,1776547479000
1776547480.747,280.747,0.96,0.97,0.03,0.04,0.01,0.01,75676.91,1776547479000
1776547481.139,281.139,0.96,0.98,0.02,0.04,0.02,0.02,75676.91,1776547480000
1776547481.544,281.544,0.97,0.98,0.02,0.03,0.01,0.01,75676.91,1776547480000
1776547481.959,281.959,0.97,0.98,0.02,0.03,0.01,0.01,75676.91,1776547480000
1776547482.308,282.308,0.97,0.98,0.02,0.03,0.01,0.01,75676.91,1776547480000
1776547482.695,282.695,0.97,0.98,0.02,0.03,0.01,0.01,75676.91,1776547480000
1776547483.089,283.089,0.97,0.98,0.02,0.03,0.01,0.01,75676.89,1776547481000
1776547483.422,283.422,0.97,0.98,0.02,0.03,0.01,0.01,75676.89,1776547481000
1776547483.805,283.805,0.97,0.98,0.02,0.03,0.01,0.01,75676.92,1776547482000
1776547484.23,284.23,0.98,0.99,0.01,0.02,0.01,0.01,75676.92,1776547482000
1776547484.571,284.571,0.98,0.99,0.01,0.02,0.01,0.01,75676.9,1776547483000
1776547484.913,284.913,0.97,0.98,0.01,0.03,0.01,0.02,75676.9,1776547483000
1776547485.421,285.421,0.97,0.98,0.02,0.03,0.01,0.01,75676.9,1776547483000
1776547485.786,285.786,0.98,0.99,0.01,0.03,0.01,0.02,75677.13,1776547484000
1776547486.148,286.148,0.98,0.99,0.01,0.02,0.01,0.01,75677.13,1776547484000
1776547486.564,286.564,0.98,0.99,0.01,0.02,0.01,0.01,75680.75,1776547485000
1776547486.936,286.936,0.97,0.99,0.02,0.03,0.02,0.01,75680.75,1776547485000
1776547487.324,287.324,0.98,0.99,0.01,0.03,0.01,0.02,75680.75,1776547486000
1776547487.718,287.718,0.98,0.99,0.01,0.02,0.01,0.01,75680.75,1776547486000
1776547488.112,288.112,0.98,0.99,0.01,0.02,0.01,0.01,75680.75,1776547486000
1776547488.482,288.482,0.98,0.99,0.01,0.02,0.01,0.01,75680.75,1776547486000
1776547488.817,288.817,0.98,0.99,0.01,0.02,0.01,0.01,75679.83,1776547487000
1776547489.321,289.321,0.98,0.99,0.01,0.02,0.01,0.01,75679.83,1776547488000
1776547489.84,289.84,0.98,0.99,0.01,0.02,0.01,0.01,75679.83,1776547488000
1776547490.197,290.197,0.98,0.99,0.01,0.02,0.01,0.01,75679.83,1776547488000
1776547490.541,290.541,0.98,0.99,0.01,0.02,0.01,0.01,75679.93,1776547489000
1776547491.1,291.1,0.98,0.99,0.01,0.02,0.01,0.01,75679.93,1776547489000
1776547491.447,291.447,0.98,0.99,0.01,0.02,0.01,0.01,75679.93,1776547489000
1776547491.807,291.807,0.98,0.99,0.01,0.02,0.01,0.01,75679.93,1776547490000
1776547492.154,292.154,0.98,0.99,0.01,0.02,0.01,0.01,75679.93,1776547490000
1776547492.588,292.588,0.98,0.99,0.01,0.02,0.01,0.01,75679.93,1776547491000
1776547493.069,293.069,0.98,0.99,0.01,0.02,0.01,0.01,75679.93,1776547491000
1776547493.439,293.439,0.98,0.99,0.01,0.02,0.01,0.01,75679.93,1776547491000
1776547493.94,293.94,0.98,0.99,0.01,0.02,0.01,0.01,75679.92,1776547492000
1776547494.4,294.4,0.98,0.99,0.01,0.02,0.01,0.01,75679.68,1776547493000
1776547494.949,294.949,0.99,0.99,0.01,0.01,0.0,0.0,75679.68,1776547493000
1776547495.532,295.532,0.99,0.99,0.01,0.01,0.0,0.0,75679.68,1776547494000
1776547496.647,296.647,0.99,0.99,0.01,0.01,0.0,0.0,75679.68,1776547494000
1776547497.236,297.236,0.99,0.99,0.01,0.01,0.0,0.0,75679.67,1776547496000
1776547497.776,297.776,0.99,0.99,0.01,0.01,0.0,0.0,75679.67,1776547496000
1776547498.2,298.2,0.99,0.99,0.01,0.01,0.0,0.0,75679.67,1776547496000
1776547498.614,298.614,0.99,0.99,0.01,0.01,0.0,0.0,75679.67,1776547497000
1776547499.264,299.264,0.99,0.99,0.01,0.01,0.0,0.0,75679.2,1776547498000
1776547500.083,300.083,0.99,0.99,0.01,0.01,0.0,0.0,75679.2,1776547498000
1776547500.453,300.453,0.99,0.99,0.01,0.01,0.0,0.0,75678.23,1776547499000

# RESULT,winner=Up,slug=btc-updown-5m-1776547200,ticks=635
