timestamp,elapsed_sec,up_bid,up_ask,down_bid,down_ask,up_spread,down_spread,btc_price
1775840100.585,0.585,0.46,0.47,0.53,0.54,0.01,0.01,72924.98
1775840100.931,0.931,0.46,0.47,0.53,0.54,0.01,0.01,72924.98
1775840101.339,1.339,0.46,0.47,0.53,0.54,0.01,0.01,72922.1
1775840101.734,1.734,0.46,0.47,0.53,0.54,0.01,0.01,72922.1
1775840102.212,2.212,0.46,0.47,0.53,0.54,0.01,0.01,72922.1
1775840102.964,2.964,0.46,0.47,0.53,0.54,0.01,0.01,72921.69
1775840103.327,3.327,0.46,0.5,0.53,0.54,0.04,0.01,72921.69
1775840103.994,3.994,0.48,0.49,0.5,0.53,0.01,0.03,72921.22
1775840104.62,4.62,0.48,0.49,0.51,0.52,0.01,0.01,72921.17
1775840105.188,5.188,0.47,0.48,0.52,0.53,0.01,0.01,72921.17
1775840105.563,5.563,0.47,0.48,0.52,0.53,0.01,0.01,72920.55
1775840105.922,5.922,0.47,0.48,0.52,0.53,0.01,0.01,72920.55
1775840106.27,6.27,0.47,0.48,0.52,0.53,0.01,0.01,72920.37
1775840106.715,6.715,0.47,0.48,0.52,0.53,0.01,0.01,72920.37
1775840107.233,7.233,0.46,0.48,0.52,0.53,0.02,0.01,72920.36
1775840107.722,7.722,0.46,0.47,0.52,0.54,0.01,0.02,72920.36
1775840108.234,8.234,0.46,0.47,0.53,0.54,0.01,0.01,72920.36
1775840108.809,8.809,0.46,0.47,0.53,0.54,0.01,0.01,72921.17
1775840109.145,9.145,0.46,0.47,0.53,0.54,0.01,0.01,72921.17
1775840109.622,9.622,0.46,0.47,0.53,0.54,0.01,0.01,72921.17
1775840110.028,10.028,0.46,0.47,0.53,0.54,0.01,0.01,72920.88
1775840110.502,10.502,0.46,0.47,0.53,0.54,0.01,0.01,72919.73
1775840110.889,10.889,0.46,0.47,0.53,0.54,0.01,0.01,72919.73
1775840111.228,11.228,0.46,0.47,0.53,0.54,0.01,0.01,72919.73
1775840111.571,11.571,0.46,0.47,0.53,0.54,0.01,0.01,72919.73
1775840111.999,11.999,0.46,0.47,0.53,0.54,0.01,0.01,72919.73
1775840112.404,12.404,0.46,0.47,0.53,0.54,0.01,0.01,72919.74
1775840112.784,12.784,0.47,0.48,0.52,0.53,0.01,0.01,72919.74
1775840113.127,13.127,0.47,0.48,0.52,0.53,0.01,0.01,72919.74
1775840113.461,13.461,0.5,0.51,0.49,0.52,0.01,0.03,72919.04
1775840113.884,13.884,0.52,0.53,0.47,0.5,0.01,0.03,72919.04
1775840114.287,14.287,0.52,0.53,0.47,0.48,0.01,0.01,72919.04
1775840114.63,14.63,0.52,0.53,0.47,0.48,0.01,0.01,72919.24
1775840114.971,14.971,0.52,0.53,0.47,0.48,0.01,0.01,72924.1
1775840115.363,15.363,0.53,0.54,0.46,0.47,0.01,0.01,72924.1
1775840115.697,15.697,0.53,0.54,0.46,0.47,0.01,0.01,72924.1
1775840116.049,16.049,0.53,0.54,0.46,0.47,0.01,0.01,72924.1
1775840116.386,16.386,0.53,0.54,0.46,0.47,0.01,0.01,72930.61
1775840116.728,16.728,0.53,0.54,0.46,0.47,0.01,0.01,72930.61
1775840117.08,17.08,0.53,0.54,0.46,0.47,0.01,0.01,72930.61
1775840117.423,17.423,0.53,0.54,0.46,0.47,0.01,0.01,72930.61
1775840118.284,18.284,0.53,0.54,0.46,0.47,0.01,0.01,72929.71
1775840118.647,18.647,0.52,0.54,0.46,0.47,0.02,0.01,72929.71
1775840119.066,19.066,0.51,0.52,0.48,0.49,0.01,0.01,72929.71
1775840119.423,19.423,0.51,0.52,0.48,0.49,0.01,0.01,72930.1
1775840119.769,19.769,0.51,0.52,0.48,0.49,0.01,0.01,72930.1
1775840120.412,20.412,0.51,0.52,0.48,0.49,0.01,0.01,72930.09
1775840120.807,20.807,0.5,0.51,0.49,0.5,0.01,0.01,72930.09
1775840121.191,21.191,0.5,0.51,0.49,0.5,0.01,0.01,72928.03
1775840121.551,21.551,0.5,0.51,0.49,0.5,0.01,0.01,72928.03
1775840121.973,21.973,0.5,0.52,0.49,0.5,0.02,0.01,72928.03
1775840122.323,22.323,0.53,0.55,0.46,0.48,0.02,0.02,72925.38
1775840122.797,22.797,0.54,0.55,0.45,0.46,0.01,0.01,72925.38
1775840123.151,23.151,0.54,0.55,0.45,0.46,0.01,0.01,72924.26
1775840123.485,23.485,0.55,0.56,0.44,0.45,0.01,0.01,72924.26
1775840123.836,23.836,0.55,0.56,0.44,0.45,0.01,0.01,72924.26
1775840124.211,24.211,0.55,0.56,0.44,0.45,0.01,0.01,72928.15
1775840124.744,24.744,0.55,0.56,0.44,0.45,0.01,0.01,72928.15
1775840125.107,25.107,0.55,0.56,0.44,0.45,0.01,0.01,72929.53
1775840125.492,25.492,0.55,0.56,0.44,0.45,0.01,0.01,72929.53
1775840125.833,25.833,0.55,0.56,0.44,0.45,0.01,0.01,72929.53
1775840126.167,26.167,0.58,0.6,0.4,0.42,0.02,0.02,72929.77
1775840126.515,26.515,0.59,0.61,0.4,0.41,0.02,0.01,72929.77
1775840126.874,26.874,0.6,0.61,0.39,0.4,0.01,0.01,72929.77
1775840127.267,27.267,0.61,0.62,0.37,0.39,0.01,0.02,72929.76
1775840127.653,27.653,0.61,0.64,0.36,0.38,0.03,0.02,72929.76
1775840128.003,28.003,0.63,0.64,0.36,0.37,0.01,0.01,72943.52
1775840128.342,28.342,0.63,0.65,0.35,0.37,0.02,0.02,72943.52
1775840128.731,28.731,0.64,0.66,0.35,0.36,0.02,0.01,72943.52
1775840129.126,29.126,0.66,0.67,0.33,0.36,0.01,0.03,72943.52
1775840129.47,29.47,0.66,0.67,0.33,0.34,0.01,0.01,72948.64
1775840129.829,29.829,0.66,0.67,0.33,0.34,0.01,0.01,72948.64
1775840130.18,30.18,0.66,0.67,0.33,0.35,0.01,0.02,72948.64
1775840130.56,30.56,0.66,0.67,0.33,0.34,0.01,0.01,72953.43
1775840131.036,31.036,0.66,0.67,0.33,0.34,0.01,0.01,72953.43
1775840131.383,31.383,0.65,0.66,0.34,0.35,0.01,0.01,72955.87
1775840131.779,31.779,0.64,0.65,0.35,0.36,0.01,0.01,72955.87
1775840132.129,32.129,0.64,0.65,0.35,0.36,0.01,0.01,72955.87
1775840132.49,32.49,0.64,0.65,0.35,0.36,0.01,0.01,72954.13
1775840132.865,32.865,0.64,0.65,0.35,0.36,0.01,0.01,72954.13
1775840133.205,33.205,0.64,0.65,0.35,0.36,0.01,0.01,72954.13
1775840133.602,33.602,0.64,0.65,0.35,0.36,0.01,0.01,72952.52
1775840134.001,34.001,0.64,0.65,0.35,0.36,0.01,0.01,72952.52
1775840134.417,34.417,0.63,0.64,0.36,0.37,0.01,0.01,72952.52
1775840134.921,34.921,0.63,0.64,0.36,0.37,0.01,0.01,72951.37
1775840135.263,35.263,0.63,0.65,0.35,0.36,0.02,0.01,72951.37
1775840135.623,35.623,0.64,0.65,0.35,0.36,0.01,0.01,72951.37
1775840135.988,35.988,0.64,0.65,0.35,0.36,0.01,0.01,72951.37
1775840136.332,36.332,0.64,0.65,0.35,0.36,0.01,0.01,72950.28
1775840136.757,36.757,0.64,0.65,0.35,0.36,0.01,0.01,72950.28
1775840137.117,37.117,0.64,0.65,0.35,0.36,0.01,0.01,72949.86
1775840137.458,37.458,0.66,0.67,0.33,0.34,0.01,0.01,72949.86
1775840137.818,37.818,0.66,0.67,0.32,0.34,0.01,0.02,72949.86
1775840138.17,38.17,0.66,0.67,0.33,0.34,0.01,0.01,72950.44
1775840138.524,38.524,0.66,0.67,0.33,0.34,0.01,0.01,72950.44
1775840138.895,38.895,0.66,0.67,0.33,0.34,0.01,0.01,72952.55
1775840139.311,39.311,0.66,0.67,0.33,0.34,0.01,0.01,72952.55
1775840139.664,39.664,0.66,0.67,0.33,0.34,0.01,0.01,72952.55
1775840140.044,40.044,0.66,0.67,0.33,0.34,0.01,0.01,72952.55
1775840140.391,40.391,0.65,0.66,0.34,0.35,0.01,0.01,72953.98
1775840140.786,40.786,0.66,0.67,0.33,0.35,0.01,0.02,72953.98
1775840141.275,41.275,0.66,0.67,0.33,0.34,0.01,0.01,72953.98
1775840141.774,41.774,0.66,0.68,0.33,0.34,0.02,0.01,72954.04
1775840142.114,42.114,0.68,0.69,0.31,0.33,0.01,0.02,72953.42
1775840142.458,42.458,0.68,0.69,0.31,0.32,0.01,0.01,72953.42
1775840142.911,42.911,0.68,0.69,0.31,0.32,0.01,0.01,72953.42
1775840143.247,43.247,0.68,0.69,0.31,0.32,0.01,0.01,72954.58
1775840143.596,43.596,0.68,0.69,0.31,0.32,0.01,0.01,72954.58
1775840144.027,44.027,0.68,0.69,0.31,0.32,0.01,0.01,72954.58
1775840144.405,44.405,0.68,0.69,0.31,0.32,0.01,0.01,72955.84
1775840144.743,44.743,0.69,0.7,0.3,0.32,0.01,0.02,72955.84
1775840145.221,45.221,0.69,0.7,0.3,0.31,0.01,0.01,72955.84
1775840145.566,45.566,0.69,0.7,0.3,0.31,0.01,0.01,72956.09
1775840146.242,46.242,0.69,0.7,0.3,0.31,0.01,0.01,72956.09
1775840146.593,46.593,0.72,0.73,0.27,0.28,0.01,0.01,72956.09
1775840146.93,46.93,0.73,0.74,0.26,0.27,0.01,0.01,72956.32
1775840147.345,47.345,0.73,0.74,0.26,0.27,0.01,0.01,72956.32
1775840147.693,47.693,0.73,0.74,0.26,0.27,0.01,0.01,72956.32
1775840148.329,48.329,0.73,0.74,0.26,0.27,0.01,0.01,72958.45
1775840148.665,48.665,0.74,0.75,0.25,0.26,0.01,0.01,72966.74
1775840149.015,49.015,0.74,0.75,0.25,0.26,0.01,0.01,72966.74
1775840149.406,49.406,0.75,0.76,0.24,0.25,0.01,0.01,72967.56
1775840149.768,49.768,0.75,0.76,0.24,0.25,0.01,0.01,72967.56
1775840150.22,50.22,0.75,0.76,0.24,0.25,0.01,0.01,72970.95
1775840150.623,50.623,0.72,0.73,0.26,0.27,0.01,0.01,72970.95
1775840150.961,50.961,0.71,0.72,0.28,0.29,0.01,0.01,72970.95
1775840151.336,51.336,0.71,0.72,0.28,0.29,0.01,0.01,72970.95
1775840151.674,51.674,0.71,0.72,0.28,0.29,0.01,0.01,72973.64
1775840152.12,52.12,0.71,0.72,0.28,0.29,0.01,0.01,72973.64
1775840152.455,52.455,0.71,0.73,0.27,0.29,0.02,0.02,72969.9
1775840152.847,52.847,0.72,0.73,0.27,0.28,0.01,0.01,72969.9
1775840153.253,53.253,0.72,0.73,0.27,0.28,0.01,0.01,72969.9
1775840153.705,53.705,0.72,0.73,0.27,0.28,0.01,0.01,72965.5
1775840154.072,54.072,0.72,0.73,0.27,0.28,0.01,0.01,72965.5
1775840154.551,54.551,0.73,0.74,0.26,0.27,0.01,0.01,72965.86
1775840154.917,54.917,0.73,0.74,0.26,0.27,0.01,0.01,72965.86
1775840155.349,55.349,0.73,0.74,0.26,0.27,0.01,0.01,72965.86
1775840155.747,55.747,0.73,0.74,0.26,0.27,0.01,0.01,72968.81
1775840156.135,56.135,0.72,0.73,0.27,0.28,0.01,0.01,72968.81
1775840156.597,56.597,0.72,0.73,0.27,0.28,0.01,0.01,72969.75
1775840157.02,57.02,0.71,0.72,0.27,0.29,0.01,0.02,72969.75
1775840157.388,57.388,0.69,0.7,0.3,0.31,0.01,0.01,72969.75
1775840157.789,57.789,0.68,0.69,0.3,0.32,0.01,0.02,72968.8
1775840158.132,58.132,0.68,0.69,0.31,0.32,0.01,0.01,72968.8
1775840158.528,58.528,0.67,0.68,0.32,0.33,0.01,0.01,72968.57
1775840158.871,58.871,0.67,0.68,0.32,0.33,0.01,0.01,72968.57
1775840159.214,59.214,0.67,0.68,0.32,0.33,0.01,0.01,72968.57
1775840159.558,59.558,0.67,0.68,0.32,0.33,0.01,0.01,72968.57
1775840159.916,59.916,0.67,0.69,0.32,0.33,0.02,0.01,72965.12
1775840160.26,60.26,0.68,0.69,0.31,0.32,0.01,0.01,72965.12
1775840160.635,60.635,0.68,0.69,0.31,0.32,0.01,0.01,72963.59
1775840160.99,60.99,0.67,0.68,0.32,0.33,0.01,0.01,72963.59
1775840161.346,61.346,0.68,0.69,0.31,0.32,0.01,0.01,72963.59
1775840161.742,61.742,0.68,0.69,0.31,0.32,0.01,0.01,72963.59
1775840162.141,62.141,0.68,0.69,0.31,0.32,0.01,0.01,72962.27
1775840162.512,62.512,0.68,0.69,0.31,0.32,0.01,0.01,72962.16
1775840163.094,63.094,0.68,0.69,0.31,0.32,0.01,0.01,72962.16
1775840163.445,63.445,0.62,0.66,0.34,0.38,0.04,0.04,72962.02
1775840163.971,63.971,0.61,0.62,0.38,0.39,0.01,0.01,72962.02
1775840164.401,64.401,0.61,0.62,0.38,0.39,0.01,0.01,72959.86
1775840165.032,65.032,0.61,0.62,0.38,0.39,0.01,0.01,72959.86
1775840165.507,65.507,0.6,0.61,0.38,0.4,0.01,0.02,72950.47
1775840166.001,66.001,0.6,0.61,0.39,0.4,0.01,0.01,72950.47
1775840166.715,66.715,0.54,0.55,0.44,0.46,0.01,0.02,72949.54
1775840167.14,67.14,0.54,0.55,0.45,0.46,0.01,0.01,72947.71
1775840167.512,67.512,0.54,0.55,0.45,0.46,0.01,0.01,72947.71
1775840167.889,67.889,0.55,0.56,0.42,0.45,0.01,0.03,72947.71
1775840168.312,68.312,0.55,0.56,0.44,0.45,0.01,0.01,72938.66
1775840168.794,68.794,0.57,0.59,0.42,0.43,0.02,0.01,72938.66
1775840169.261,69.261,0.58,0.59,0.41,0.43,0.01,0.02,72938.66
1775840169.639,69.639,0.58,0.59,0.41,0.42,0.01,0.01,72939.09
1775840170.053,70.053,0.59,0.6,0.4,0.42,0.01,0.02,72939.09
1775840170.501,70.501,0.59,0.6,0.4,0.41,0.01,0.01,72942.11
1775840170.846,70.846,0.59,0.6,0.4,0.41,0.01,0.01,72942.11
1775840171.414,71.414,0.58,0.59,0.41,0.42,0.01,0.01,72942.11
1775840171.82,71.82,0.59,0.6,0.4,0.41,0.01,0.01,72942.11
1775840172.239,72.239,0.59,0.6,0.4,0.41,0.01,0.01,72942.87
1775840172.575,72.575,0.62,0.63,0.37,0.38,0.01,0.01,72942.87
1775840172.937,72.937,0.61,0.62,0.38,0.4,0.01,0.02,72942.87
1775840173.309,73.309,0.58,0.61,0.39,0.4,0.03,0.01,72942.86
1775840173.643,73.643,0.54,0.58,0.43,0.46,0.04,0.03,72942.86
1775840173.986,73.986,0.53,0.55,0.45,0.46,0.02,0.01,72942.86
1775840174.378,74.378,0.54,0.55,0.45,0.46,0.01,0.01,72945.18
1775840174.871,74.871,0.52,0.53,0.46,0.48,0.01,0.02,72945.18
1775840175.23,75.23,0.52,0.53,0.47,0.48,0.01,0.01,72945.18
1775840175.582,75.582,0.52,0.53,0.47,0.48,0.01,0.01,72940.13
1775840175.956,75.956,0.52,0.53,0.47,0.48,0.01,0.01,72940.13
1775840176.294,76.294,0.52,0.53,0.47,0.48,0.01,0.01,72940.13
1775840176.659,76.659,0.52,0.53,0.47,0.48,0.01,0.01,72931.88
1775840177.008,77.008,0.52,0.53,0.47,0.48,0.01,0.01,72931.88
1775840177.357,77.357,0.52,0.53,0.47,0.48,0.01,0.01,72931.88
1775840177.792,77.792,0.53,0.54,0.46,0.47,0.01,0.01,72931.88
1775840178.315,78.315,0.53,0.54,0.46,0.47,0.01,0.01,72931.5
1775840178.682,78.682,0.53,0.55,0.46,0.47,0.02,0.01,72931.16
1775840179.509,79.509,0.54,0.55,0.45,0.46,0.01,0.01,72931.16
1775840179.878,79.878,0.54,0.55,0.45,0.46,0.01,0.01,72931.1
1775840180.277,80.277,0.54,0.55,0.45,0.46,0.01,0.01,72931.11
1775840180.643,80.643,0.54,0.55,0.45,0.46,0.01,0.01,72931.11
1775840181.014,81.014,0.54,0.55,0.45,0.46,0.01,0.01,72931.11
1775840181.43,81.43,0.54,0.55,0.45,0.46,0.01,0.01,72931.11
1775840181.893,81.893,0.54,0.55,0.45,0.46,0.01,0.01,72932.85
1775840182.495,82.495,0.54,0.55,0.45,0.46,0.01,0.01,72932.85
1775840183.02,83.02,0.53,0.55,0.45,0.46,0.02,0.01,72932.85
1775840183.617,83.617,0.53,0.54,0.46,0.47,0.01,0.01,72932.91
1775840183.976,83.976,0.53,0.55,0.45,0.47,0.02,0.02,72932.91
1775840184.49,84.49,0.54,0.55,0.45,0.46,0.01,0.01,72933.1
1775840184.868,84.868,0.54,0.55,0.45,0.46,0.01,0.01,72933.1
1775840185.273,85.273,0.54,0.55,0.45,0.46,0.01,0.01,72933.1
1775840185.827,85.827,0.54,0.55,0.45,0.46,0.01,0.01,72933.05
1775840186.272,86.272,0.55,0.56,0.44,0.45,0.01,0.01,72933.97
1775840186.726,86.726,0.55,0.56,0.44,0.45,0.01,0.01,72933.97
1775840187.122,87.122,0.55,0.56,0.44,0.45,0.01,0.01,72933.97
1775840187.493,87.493,0.56,0.57,0.43,0.45,0.01,0.02,72933.97
1775840187.89,87.89,0.56,0.57,0.43,0.44,0.01,0.01,72934.2
1775840188.398,88.398,0.56,0.57,0.43,0.44,0.01,0.01,72934.28
1775840188.782,88.782,0.56,0.57,0.43,0.44,0.01,0.01,72934.28
1775840189.256,89.256,0.57,0.58,0.42,0.43,0.01,0.01,72934.28
1775840189.628,89.628,0.57,0.6,0.42,0.43,0.03,0.01,72934.43
1775840190.071,90.071,0.58,0.6,0.4,0.43,0.02,0.03,72934.43
1775840190.534,90.534,0.62,0.63,0.37,0.38,0.01,0.01,72935.74
1775840190.934,90.934,0.63,0.64,0.35,0.37,0.01,0.02,72935.74
1775840191.281,91.281,0.63,0.64,0.36,0.37,0.01,0.01,72935.74
1775840192.052,92.052,0.64,0.65,0.35,0.36,0.01,0.01,72940.76
1775840192.54,92.54,0.63,0.64,0.35,0.37,0.01,0.02,72944.78
1775840192.961,92.961,0.62,0.63,0.37,0.38,0.01,0.01,72944.78
1775840193.48,93.48,0.59,0.6,0.37,0.4,0.01,0.03,72944.78
1775840193.82,93.82,0.59,0.6,0.4,0.41,0.01,0.01,72944.78
1775840194.283,94.283,0.59,0.6,0.4,0.41,0.01,0.01,72944.78
1775840194.657,94.657,0.59,0.6,0.4,0.41,0.01,0.01,72946.44
1775840195.169,95.169,0.59,0.6,0.4,0.41,0.01,0.01,72945.08
1775840195.576,95.576,0.59,0.6,0.4,0.41,0.01,0.01,72945.08
1775840195.962,95.962,0.59,0.61,0.4,0.41,0.02,0.01,72945.08
1775840196.33,96.33,0.6,0.61,0.39,0.4,0.01,0.01,72943.25
1775840196.726,96.726,0.58,0.59,0.41,0.42,0.01,0.01,72943.25
1775840197.222,97.222,0.58,0.59,0.41,0.42,0.01,0.01,72943.25
1775840197.662,97.662,0.6,0.61,0.4,0.41,0.01,0.01,72943.25
1775840198.031,98.031,0.61,0.62,0.38,0.4,0.01,0.02,72943.18
1775840198.754,98.754,0.61,0.62,0.38,0.39,0.01,0.01,72943.18
1775840199.141,99.141,0.61,0.62,0.38,0.39,0.01,0.01,72942.53
1775840199.599,99.599,0.62,0.63,0.37,0.39,0.01,0.02,72942.53
1775840199.939,99.939,0.62,0.63,0.37,0.38,0.01,0.01,72942.53
1775840200.294,100.294,0.61,0.62,0.37,0.39,0.01,0.02,72942.53
1775840200.768,100.768,0.61,0.62,0.38,0.39,0.01,0.01,72942.96
1775840201.229,101.229,0.61,0.62,0.38,0.39,0.01,0.01,72942.96
1775840201.976,101.976,0.61,0.62,0.38,0.39,0.01,0.01,72943.41
1775840202.397,102.397,0.62,0.63,0.37,0.38,0.01,0.01,72943.4
1775840202.765,102.765,0.62,0.63,0.37,0.38,0.01,0.01,72943.4
1775840203.15,103.15,0.62,0.63,0.37,0.38,0.01,0.01,72943.4
1775840203.546,103.546,0.63,0.64,0.36,0.37,0.01,0.01,72942.85
1775840204.226,104.226,0.63,0.64,0.36,0.37,0.01,0.01,72942.85
1775840204.592,104.592,0.64,0.65,0.35,0.37,0.01,0.02,72943.6
1775840204.989,104.989,0.64,0.65,0.35,0.36,0.01,0.01,72943.6
1775840205.329,105.329,0.64,0.65,0.35,0.36,0.01,0.01,72943.6
1775840205.738,105.738,0.64,0.65,0.35,0.36,0.01,0.01,72943.6
1775840206.439,106.439,0.65,0.66,0.34,0.35,0.01,0.01,72943.8
1775840207.123,107.123,0.65,0.66,0.34,0.35,0.01,0.01,72943.8
1775840207.713,107.713,0.65,0.66,0.34,0.35,0.01,0.01,72945.35
1775840208.24,108.24,0.63,0.64,0.35,0.36,0.01,0.01,72945.7
1775840208.601,108.601,0.6,0.61,0.37,0.4,0.01,0.03,72945.7
1775840208.978,108.978,0.59,0.6,0.39,0.4,0.01,0.01,72945.7
1775840209.358,109.358,0.56,0.59,0.4,0.44,0.03,0.04,72945.7
1775840209.736,109.736,0.57,0.58,0.42,0.43,0.01,0.01,72945.7
1775840210.16,110.16,0.57,0.58,0.42,0.43,0.01,0.01,72944.87
1775840210.541,110.541,0.57,0.58,0.42,0.43,0.01,0.01,72944.87
1775840210.877,110.877,0.57,0.58,0.42,0.43,0.01,0.01,72935.41
1775840211.226,111.226,0.57,0.58,0.42,0.43,0.01,0.01,72935.41
1775840211.644,111.644,0.58,0.59,0.41,0.42,0.01,0.01,72933.68
1775840212.125,112.125,0.58,0.59,0.41,0.42,0.01,0.01,72933.68
1775840212.731,112.731,0.57,0.58,0.41,0.42,0.01,0.01,72933.66
1775840213.226,113.226,0.58,0.59,0.41,0.43,0.01,0.02,72933.66
1775840213.616,113.616,0.59,0.6,0.4,0.42,0.01,0.02,72933.66
1775840214.017,114.017,0.59,0.6,0.4,0.41,0.01,0.01,72933.66
1775840214.47,114.47,0.59,0.6,0.4,0.41,0.01,0.01,72933.66
1775840215.224,115.224,0.59,0.6,0.4,0.41,0.01,0.01,72933.66
1775840215.65,115.65,0.59,0.6,0.4,0.41,0.01,0.01,72933.19
1775840216.4,116.4,0.59,0.6,0.4,0.41,0.01,0.01,72933.19
1775840217.201,117.201,0.59,0.6,0.4,0.41,0.01,0.01,72933.73
1775840217.769,117.769,0.59,0.6,0.4,0.41,0.01,0.01,72933.73
1775840218.258,118.258,0.59,0.6,0.4,0.41,0.01,0.01,72933.17
1775840219.509,119.509,0.59,0.6,0.4,0.41,0.01,0.01,72933.46
1775840220.761,120.761,0.58,0.62,0.41,0.42,0.04,0.01,72933.46
1775840221.157,121.157,0.64,0.66,0.34,0.37,0.02,0.03,72933.46
1775840221.528,121.528,0.66,0.68,0.33,0.34,0.02,0.01,72932.92
1775840222.196,122.196,0.67,0.68,0.32,0.33,0.01,0.01,72933.61
1775840222.531,122.531,0.67,0.68,0.32,0.33,0.01,0.01,72933.61
1775840223.186,123.186,0.67,0.68,0.32,0.33,0.01,0.01,72943.28
1775840223.575,123.575,0.67,0.68,0.32,0.33,0.01,0.01,72943.28
1775840223.951,123.951,0.67,0.68,0.32,0.33,0.01,0.01,72943.28
1775840224.332,124.332,0.68,0.69,0.31,0.32,0.01,0.01,72945.13
1775840225.092,125.092,0.68,0.7,0.31,0.32,0.02,0.01,72945.13
1775840225.444,125.444,0.69,0.7,0.3,0.31,0.01,0.01,72945.29
1775840225.855,125.855,0.69,0.7,0.3,0.32,0.01,0.02,72945.29
1775840226.198,126.198,0.68,0.69,0.31,0.32,0.01,0.01,72945.43
1775840226.558,126.558,0.66,0.68,0.31,0.34,0.02,0.03,72945.43
1775840227.023,127.023,0.66,0.67,0.33,0.34,0.01,0.01,72945.43
1775840227.367,127.367,0.66,0.67,0.33,0.34,0.01,0.01,72945.43
1775840227.846,127.846,0.67,0.68,0.32,0.34,0.01,0.02,72945.34
1775840228.313,128.313,0.71,0.72,0.26,0.3,0.01,0.04,72945.34
1775840228.663,128.663,0.74,0.75,0.25,0.26,0.01,0.01,72945.01
1775840229.034,129.034,0.77,0.79,0.2,0.23,0.02,0.03,72945.01
1775840229.367,129.367,0.78,0.79,0.21,0.22,0.01,0.01,72945.01
1775840229.75,129.75,0.78,0.79,0.2,0.22,0.01,0.02,72948.94
1775840230.102,130.102,0.76,0.77,0.23,0.24,0.01,0.01,72948.94
1775840230.502,130.502,0.75,0.77,0.23,0.25,0.02,0.02,72957.39
1775840230.843,130.843,0.75,0.76,0.24,0.25,0.01,0.01,72957.39
1775840231.197,131.197,0.74,0.76,0.24,0.25,0.02,0.01,72957.39
1775840231.534,131.534,0.74,0.75,0.24,0.26,0.01,0.02,72971.68
1775840231.91,131.91,0.74,0.75,0.25,0.26,0.01,0.01,72971.68
1775840232.246,132.246,0.74,0.75,0.25,0.26,0.01,0.01,72971.68
1775840232.585,132.585,0.74,0.75,0.25,0.26,0.01,0.01,72962.88
1775840233.052,133.052,0.74,0.75,0.25,0.26,0.01,0.01,72962.88
1775840233.786,133.786,0.73,0.74,0.26,0.27,0.01,0.01,72962.28
1775840234.162,134.162,0.73,0.74,0.26,0.27,0.01,0.01,72962.28
1775840234.529,134.529,0.73,0.74,0.26,0.27,0.01,0.01,72962.28
1775840234.953,134.953,0.73,0.74,0.26,0.27,0.01,0.01,72962.6
1775840235.329,135.329,0.73,0.74,0.26,0.27,0.01,0.01,72961.98
1775840235.728,135.728,0.73,0.74,0.26,0.27,0.01,0.01,72961.98
1775840236.152,136.152,0.73,0.74,0.26,0.27,0.01,0.01,72961.98
1775840236.566,136.566,0.72,0.74,0.26,0.27,0.02,0.01,72961.98
1775840236.907,136.907,0.73,0.74,0.26,0.27,0.01,0.01,72961.33
1775840237.36,137.36,0.73,0.74,0.26,0.27,0.01,0.01,72961.33
1775840237.741,137.741,0.73,0.74,0.26,0.27,0.01,0.01,72961.33
1775840238.214,138.214,0.73,0.74,0.26,0.27,0.01,0.01,72961.33
1775840238.654,138.654,0.74,0.75,0.25,0.26,0.01,0.01,72960.3
1775840239.047,139.047,0.74,0.76,0.25,0.26,0.02,0.01,72960.3
1775840239.413,139.413,0.75,0.77,0.23,0.25,0.02,0.02,72960.35
1775840239.766,139.766,0.76,0.77,0.23,0.24,0.01,0.01,72960.35
1775840240.316,140.316,0.76,0.77,0.23,0.24,0.01,0.01,72960.35
1775840240.667,140.667,0.76,0.77,0.23,0.24,0.01,0.01,72960.35
1775840241.046,141.046,0.76,0.77,0.23,0.24,0.01,0.01,72961.57
1775840241.452,141.452,0.76,0.77,0.23,0.24,0.01,0.01,72962.12
1775840242.114,142.114,0.77,0.78,0.22,0.24,0.01,0.02,72962.12
1775840242.472,142.472,0.77,0.78,0.22,0.23,0.01,0.01,72962.12
1775840243.0,143.0,0.77,0.78,0.22,0.23,0.01,0.01,72962.47
1775840243.413,143.413,0.77,0.78,0.22,0.23,0.01,0.01,72962.47
1775840243.954,143.954,0.77,0.78,0.22,0.23,0.01,0.01,72962.47
1775840244.353,144.353,0.76,0.77,0.22,0.24,0.01,0.02,72962.8
1775840244.843,144.843,0.77,0.78,0.22,0.24,0.01,0.02,72962.8
1775840245.301,145.301,0.77,0.78,0.22,0.23,0.01,0.01,72962.41
1775840245.845,145.845,0.77,0.8,0.22,0.23,0.03,0.01,72962.41
1775840246.26,146.26,0.81,0.82,0.18,0.19,0.01,0.01,72962.63
1775840246.845,146.845,0.81,0.82,0.18,0.19,0.01,0.01,72962.63
1775840247.265,147.265,0.79,0.8,0.19,0.21,0.01,0.02,72963.08
1775840247.65,147.65,0.79,0.8,0.2,0.21,0.01,0.01,72963.08
1775840248.045,148.045,0.77,0.8,0.2,0.21,0.03,0.01,72963.08
1775840248.443,148.443,0.79,0.8,0.2,0.21,0.01,0.01,72967.37
1775840248.847,148.847,0.79,0.8,0.2,0.21,0.01,0.01,72967.37
1775840249.266,149.266,0.79,0.8,0.2,0.21,0.01,0.01,72967.49
1775840249.843,149.843,0.78,0.79,0.21,0.22,0.01,0.01,72967.49
1775840250.176,150.176,0.78,0.79,0.21,0.22,0.01,0.01,72966.66
1775840250.603,150.603,0.78,0.79,0.21,0.22,0.01,0.01,72966.66
1775840251.062,151.062,0.78,0.79,0.21,0.22,0.01,0.01,72966.66
1775840251.487,151.487,0.75,0.76,0.24,0.25,0.01,0.01,72966.22
1775840251.854,151.854,0.75,0.76,0.24,0.25,0.01,0.01,72966.22
1775840252.217,152.217,0.75,0.76,0.24,0.25,0.01,0.01,72966.22
1775840252.934,152.934,0.75,0.76,0.24,0.25,0.01,0.01,72965.82
1775840253.291,153.291,0.74,0.75,0.25,0.26,0.01,0.01,72963.65
1775840253.701,153.701,0.74,0.75,0.25,0.26,0.01,0.01,72963.65
1775840254.131,154.131,0.74,0.75,0.25,0.26,0.01,0.01,72963.65
1775840254.492,154.492,0.74,0.75,0.25,0.26,0.01,0.01,72961.21
1775840254.826,154.826,0.81,0.82,0.18,0.19,0.01,0.01,72961.21
1775840255.164,155.164,0.82,0.83,0.17,0.18,0.01,0.01,72961.21
1775840255.511,155.511,0.82,0.84,0.16,0.18,0.02,0.02,72961.21
1775840255.847,155.847,0.83,0.84,0.16,0.17,0.01,0.01,72961.21
1775840256.184,156.184,0.83,0.84,0.16,0.17,0.01,0.01,72960.72
1775840256.535,156.535,0.84,0.85,0.15,0.16,0.01,0.01,72982.23
1775840256.869,156.869,0.84,0.85,0.15,0.16,0.01,0.01,72982.23
1775840257.282,157.282,0.83,0.85,0.15,0.16,0.02,0.01,72982.68
1775840257.635,157.635,0.8,0.81,0.19,0.2,0.01,0.01,72982.68
1775840257.974,157.974,0.78,0.79,0.21,0.22,0.01,0.01,72982.68
1775840258.348,158.348,0.76,0.77,0.23,0.25,0.01,0.02,72982.59
1775840258.7,158.7,0.76,0.77,0.23,0.24,0.01,0.01,72982.59
1775840259.141,159.141,0.76,0.77,0.23,0.24,0.01,0.01,72982.59
1775840259.491,159.491,0.68,0.71,0.29,0.32,0.03,0.03,72971.38
1775840259.886,159.886,0.68,0.69,0.3,0.32,0.01,0.02,72971.38
1775840260.26,160.26,0.68,0.69,0.31,0.32,0.01,0.01,72971.38
1775840260.751,160.751,0.67,0.69,0.32,0.33,0.02,0.01,72961.12
1775840261.101,161.101,0.68,0.69,0.31,0.32,0.01,0.01,72959.12
1775840261.465,161.465,0.69,0.71,0.29,0.32,0.02,0.03,72959.12
1775840261.81,161.81,0.7,0.71,0.29,0.3,0.01,0.01,72959.12
1775840262.347,162.347,0.71,0.72,0.27,0.29,0.01,0.02,72950.52
1775840262.714,162.714,0.72,0.73,0.27,0.29,0.01,0.02,72950.52
1775840263.051,163.051,0.73,0.74,0.26,0.28,0.01,0.02,72951.16
1775840263.454,163.454,0.74,0.75,0.25,0.26,0.01,0.01,72951.16
1775840263.889,163.889,0.75,0.76,0.24,0.25,0.01,0.01,72951.16
1775840264.232,164.232,0.75,0.76,0.24,0.25,0.01,0.01,72955.25
1775840264.649,164.649,0.75,0.76,0.24,0.25,0.01,0.01,72955.25
1775840265.036,165.036,0.74,0.75,0.24,0.26,0.01,0.02,72955.25
1775840265.505,165.505,0.74,0.75,0.25,0.26,0.01,0.01,72957.34
1775840265.857,165.857,0.74,0.75,0.25,0.26,0.01,0.01,72957.34
1775840266.343,166.343,0.74,0.76,0.25,0.26,0.02,0.01,72958.48
1775840266.853,166.853,0.75,0.76,0.24,0.25,0.01,0.01,72958.48
1775840267.252,167.252,0.75,0.76,0.24,0.25,0.01,0.01,72957.49
1775840267.861,167.861,0.75,0.76,0.24,0.25,0.01,0.01,72957.49
1775840268.308,168.308,0.75,0.76,0.24,0.25,0.01,0.01,72957.75
1775840268.656,168.656,0.75,0.77,0.24,0.25,0.02,0.01,72957.75
1775840269.165,169.165,0.76,0.77,0.23,0.24,0.01,0.01,72957.75
1775840269.576,169.576,0.76,0.77,0.23,0.24,0.01,0.01,72957.75
1775840269.991,169.991,0.74,0.75,0.23,0.25,0.01,0.02,72958.34
1775840270.458,170.458,0.74,0.75,0.25,0.26,0.01,0.01,72958.34
1775840270.799,170.799,0.73,0.74,0.26,0.27,0.01,0.01,72958.34
1775840271.179,171.179,0.73,0.74,0.26,0.27,0.01,0.01,72958.24
1775840271.605,171.605,0.72,0.73,0.26,0.27,0.01,0.01,72958.24
1775840272.381,172.381,0.72,0.73,0.27,0.28,0.01,0.01,72958.24
1775840272.74,172.74,0.79,0.82,0.2,0.21,0.03,0.01,72955.94
1775840273.093,173.093,0.8,0.85,0.17,0.2,0.05,0.03,72955.66
1775840273.452,173.452,0.81,0.82,0.18,0.2,0.01,0.02,72955.66
1775840273.813,173.813,0.8,0.81,0.19,0.2,0.01,0.01,72955.66
1775840274.234,174.234,0.79,0.8,0.2,0.21,0.01,0.01,72962.77
1775840274.569,174.569,0.79,0.8,0.2,0.21,0.01,0.01,72962.77
1775840275.014,175.014,0.79,0.8,0.2,0.21,0.01,0.01,72962.77
1775840275.353,175.353,0.78,0.8,0.2,0.21,0.02,0.01,72962.77
1775840275.777,175.777,0.78,0.79,0.21,0.22,0.01,0.01,72971.15
1775840276.247,176.247,0.78,0.79,0.21,0.22,0.01,0.01,72971.15
1775840276.817,176.817,0.78,0.79,0.21,0.22,0.01,0.01,72966.07
1775840277.346,177.346,0.79,0.81,0.19,0.22,0.02,0.03,72965.34
1775840278.008,178.008,0.8,0.81,0.19,0.2,0.01,0.01,72965.34
1775840278.413,178.413,0.88,0.89,0.1,0.12,0.01,0.02,72965.56
1775840278.77,178.77,0.88,0.9,0.1,0.11,0.02,0.01,72965.56
1775840279.129,179.129,0.89,0.9,0.1,0.11,0.01,0.01,72965.56
1775840279.468,179.468,0.9,0.91,0.09,0.1,0.01,0.01,72970.19
1775840279.842,179.842,0.9,0.91,0.09,0.1,0.01,0.01,72970.19
1775840280.179,180.179,0.9,0.91,0.09,0.1,0.01,0.01,72987.99
1775840280.513,180.513,0.9,0.91,0.09,0.1,0.01,0.01,72987.99
1775840281.013,181.013,0.9,0.91,0.09,0.1,0.01,0.01,72987.99
1775840281.375,181.375,0.9,0.91,0.09,0.1,0.01,0.01,72991.11
1775840281.719,181.719,0.89,0.9,0.09,0.11,0.01,0.02,72991.11
1775840282.216,182.216,0.89,0.9,0.1,0.11,0.01,0.01,72991.31
1775840282.702,182.702,0.89,0.92,0.08,0.11,0.03,0.03,72991.31
1775840283.048,183.048,0.92,0.93,0.07,0.08,0.01,0.01,72991.31
1775840283.388,183.388,0.92,0.93,0.07,0.08,0.01,0.01,72990.94
1775840283.754,183.754,0.93,0.94,0.06,0.07,0.01,0.01,72990.94
1775840284.094,184.094,0.93,0.94,0.06,0.07,0.01,0.01,72990.94
1775840284.565,184.565,0.93,0.95,0.06,0.07,0.02,0.01,72990.94
1775840284.938,184.938,0.94,0.95,0.05,0.06,0.01,0.01,72997.23
1775840285.282,185.282,0.94,0.95,0.05,0.06,0.01,0.01,72997.23
1775840285.74,185.74,0.94,0.95,0.05,0.06,0.01,0.01,72997.23
1775840286.096,186.096,0.94,0.95,0.05,0.06,0.01,0.01,73001.4
1775840286.459,186.459,0.94,0.95,0.05,0.06,0.01,0.01,73001.4
1775840286.834,186.834,0.94,0.95,0.05,0.06,0.01,0.01,73002.89
1775840287.271,187.271,0.94,0.95,0.05,0.06,0.01,0.01,73002.89
1775840287.637,187.637,0.94,0.95,0.05,0.06,0.01,0.01,73016.69
1775840288.065,188.065,0.94,0.95,0.05,0.06,0.01,0.01,73016.69
1775840288.439,188.439,0.94,0.95,0.05,0.06,0.01,0.01,73016.69
1775840288.859,188.859,0.94,0.95,0.05,0.06,0.01,0.01,73016.39
1775840289.45,189.45,0.94,0.95,0.05,0.06,0.01,0.01,73015.67
1775840289.813,189.813,0.94,0.95,0.05,0.06,0.01,0.01,73015.67
1775840290.219,190.219,0.94,0.95,0.05,0.06,0.01,0.01,73015.67
1775840290.601,190.601,0.94,0.95,0.05,0.06,0.01,0.01,73015.67
1775840290.996,190.996,0.93,0.94,0.06,0.07,0.01,0.01,73017.46
1775840291.42,191.42,0.93,0.94,0.06,0.07,0.01,0.01,73017.46
1775840291.778,191.778,0.94,0.95,0.05,0.07,0.01,0.02,73016.98
1775840292.146,192.146,0.94,0.95,0.05,0.06,0.01,0.01,73016.98
1775840292.506,192.506,0.94,0.95,0.05,0.06,0.01,0.01,73016.17
1775840292.852,192.852,0.93,0.95,0.05,0.06,0.02,0.01,73016.17
1775840293.186,193.186,0.93,0.94,0.06,0.07,0.01,0.01,73016.17
1775840293.561,193.561,0.93,0.94,0.06,0.07,0.01,0.01,73016.17
1775840294.033,194.033,0.93,0.94,0.06,0.07,0.01,0.01,73011.81
1775840294.751,194.751,0.93,0.95,0.06,0.07,0.02,0.01,73010.53
1775840295.206,195.206,0.94,0.95,0.05,0.06,0.01,0.01,73010.25
1775840295.545,195.545,0.94,0.95,0.05,0.06,0.01,0.01,73010.25
1775840296.013,196.013,0.94,0.95,0.05,0.06,0.01,0.01,73010.25
1775840296.434,196.434,0.94,0.95,0.05,0.06,0.01,0.01,73010.25
1775840296.896,196.896,0.94,0.96,0.05,0.06,0.02,0.01,73009.49
1775840297.34,197.34,0.96,0.97,0.03,0.05,0.01,0.02,73009.49
1775840297.774,197.774,0.96,0.97,0.03,0.04,0.01,0.01,73009.37
1775840298.114,198.114,0.96,0.97,0.03,0.04,0.01,0.01,73009.37
1775840298.447,198.447,0.96,0.97,0.03,0.04,0.01,0.01,73009.37
1775840298.784,198.784,0.96,0.97,0.03,0.04,0.01,0.01,73009.37
1775840299.238,199.238,0.96,0.97,0.03,0.04,0.01,0.01,73021.32
1775840299.583,199.583,0.96,0.97,0.03,0.04,0.01,0.01,73021.32
1775840299.976,199.976,0.96,0.97,0.03,0.04,0.01,0.01,73021.32
1775840300.507,200.507,0.96,0.97,0.03,0.04,0.01,0.01,73021.32
1775840300.881,200.881,0.96,0.97,0.03,0.04,0.01,0.01,73023.24
1775840301.352,201.352,0.96,0.97,0.03,0.04,0.01,0.01,73023.24
1775840301.715,201.715,0.96,0.97,0.03,0.04,0.01,0.01,73024.69
1775840302.127,202.127,0.96,0.97,0.03,0.06,0.01,0.03,73024.69
1775840302.467,202.467,0.96,0.97,0.03,0.04,0.01,0.01,73024.69
1775840302.812,202.812,0.96,0.97,0.03,0.04,0.01,0.01,73024.69
1775840303.164,203.164,0.96,0.97,0.03,0.04,0.01,0.01,73028.84
1775840303.542,203.542,0.96,0.98,0.02,0.04,0.02,0.02,73028.84
1775840303.881,203.881,0.97,0.98,0.02,0.03,0.01,0.01,73033.97
1775840304.237,204.237,0.97,0.98,0.02,0.03,0.01,0.01,73033.97
1775840304.621,204.621,0.97,0.98,0.02,0.03,0.01,0.01,73034.14
1775840305.025,205.025,0.96,0.97,0.03,0.04,0.01,0.01,73034.14
1775840305.411,205.411,0.96,0.97,0.03,0.04,0.01,0.01,73042.2
1775840306.019,206.019,0.96,0.97,0.03,0.04,0.01,0.01,73042.2
1775840306.624,206.624,0.96,0.97,0.03,0.04,0.01,0.01,73041.72
1775840306.958,206.958,0.94,0.95,0.05,0.06,0.01,0.01,73041.72
1775840307.298,207.298,0.95,0.96,0.04,0.05,0.01,0.01,73040.0
1775840307.66,207.66,0.95,0.96,0.04,0.05,0.01,0.01,73040.0
1775840308.0,208.0,0.95,0.96,0.04,0.05,0.01,0.01,73038.83
1775840308.407,208.407,0.95,0.96,0.04,0.05,0.01,0.01,73038.83
1775840308.807,208.807,0.95,0.96,0.04,0.05,0.01,0.01,73038.83
1775840309.21,209.21,0.97,0.98,0.02,0.03,0.01,0.01,73052.68
1775840309.662,209.662,0.97,0.98,0.02,0.03,0.01,0.01,73052.68
1775840310.071,210.071,0.97,0.98,0.02,0.03,0.01,0.01,73058.46
1775840310.433,210.433,0.97,0.98,0.02,0.03,0.01,0.01,73058.46
1775840310.789,210.789,0.97,0.98,0.02,0.03,0.01,0.01,73058.46
1775840311.128,211.128,0.96,0.97,0.02,0.04,0.01,0.02,73066.39
1775840311.505,211.505,0.96,0.98,0.03,0.04,0.02,0.01,73066.39
1775840311.845,211.845,0.98,0.99,0.01,0.02,0.01,0.01,73066.39
1775840312.186,212.186,0.98,0.99,0.01,0.02,0.01,0.01,73069.3
1775840312.527,212.527,0.97,0.98,0.02,0.03,0.01,0.01,73069.3
1775840312.872,212.872,0.97,0.98,0.02,0.03,0.01,0.01,73069.3
1775840313.247,213.247,0.97,0.98,0.02,0.03,0.01,0.01,73069.16
1775840313.668,213.668,0.97,0.99,0.01,0.03,0.02,0.02,73069.16
1775840314.038,214.038,0.97,0.98,0.02,0.03,0.01,0.01,73069.16
1775840314.375,214.375,0.97,0.98,0.02,0.03,0.01,0.01,73057.16
1775840315.001,215.001,0.98,0.99,0.02,0.03,0.01,0.01,73057.16
1775840315.483,215.483,0.98,0.99,0.01,0.02,0.01,0.01,73051.71
1775840315.869,215.869,0.98,0.99,0.01,0.02,0.01,0.01,73051.71
1775840316.237,216.237,0.98,0.99,0.01,0.02,0.01,0.01,73051.71
1775840316.639,216.639,0.98,0.99,0.01,0.02,0.01,0.01,73050.92
1775840316.984,216.984,0.97,0.98,0.02,0.03,0.01,0.01,73050.92
1775840317.354,217.354,0.96,0.97,0.03,0.04,0.01,0.01,73050.55
1775840317.689,217.689,0.96,0.97,0.03,0.04,0.01,0.01,73050.55
1775840318.135,218.135,0.96,0.97,0.03,0.04,0.01,0.01,73050.55
1775840318.498,218.498,0.98,0.99,0.01,0.02,0.01,0.01,73050.16
1775840318.971,218.971,0.98,0.99,0.01,0.02,0.01,0.01,73050.16
1775840319.619,219.619,0.97,0.98,0.01,0.03,0.01,0.02,73047.29
1775840320.171,220.171,0.97,0.98,0.02,0.03,0.01,0.01,73047.29
1775840320.546,220.546,0.97,0.98,0.02,0.03,0.01,0.01,73045.5
1775840320.936,220.936,0.96,0.98,0.02,0.03,0.02,0.01,73045.5
1775840321.275,221.275,0.96,0.97,0.03,0.04,0.01,0.01,73045.5
1775840321.681,221.681,0.96,0.97,0.03,0.04,0.01,0.01,73043.18
1775840322.085,222.085,0.97,0.98,0.02,0.03,0.01,0.01,73041.41
1775840322.516,222.516,0.97,0.98,0.02,0.03,0.01,0.01,73041.41
1775840322.862,222.862,0.98,0.99,0.01,0.02,0.01,0.01,73041.41
1775840323.324,223.324,0.98,0.99,0.01,0.02,0.01,0.01,73035.66
1775840323.729,223.729,0.97,0.98,0.01,0.03,0.01,0.02,73035.66
1775840324.071,224.071,0.97,0.98,0.02,0.03,0.01,0.01,73035.66
1775840324.822,224.822,0.98,0.99,0.01,0.03,0.01,0.02,73034.92
1775840325.358,225.358,0.98,0.99,0.01,0.02,0.01,0.01,73034.92
1775840325.765,225.765,0.97,0.98,0.01,0.03,0.01,0.02,73034.85
1775840326.107,226.107,0.97,0.98,0.02,0.03,0.01,0.01,73034.7
1775840326.504,226.504,0.97,0.98,0.01,0.03,0.01,0.02,73034.7
1775840327.287,227.287,0.97,0.99,0.01,0.03,0.02,0.02,73033.23
1775840327.691,227.691,0.97,0.98,0.02,0.03,0.01,0.01,73033.23
1775840328.123,228.123,0.97,0.98,0.02,0.03,0.01,0.01,73033.23
1775840328.464,228.464,0.97,0.98,0.02,0.03,0.01,0.01,73032.82
1775840328.926,228.926,0.97,0.98,0.02,0.03,0.01,0.01,73032.82
1775840329.366,229.366,0.97,0.98,0.02,0.03,0.01,0.01,73032.82
1775840329.732,229.732,0.98,0.99,0.02,0.03,0.01,0.01,73032.82
1775840330.238,230.238,0.98,0.99,0.01,0.02,0.01,0.01,73032.75
1775840331.323,231.323,0.98,0.99,0.01,0.02,0.01,0.01,73032.98
1775840331.738,231.738,0.97,0.99,0.01,0.03,0.02,0.02,73033.86
1775840332.255,232.255,0.97,0.99,0.02,0.03,0.02,0.01,73033.86
1775840332.892,232.892,0.97,0.98,0.02,0.03,0.01,0.01,73047.96
1775840333.751,233.751,0.97,0.98,0.02,0.03,0.01,0.01,73047.28
1775840334.277,234.277,0.97,0.98,0.02,0.03,0.01,0.01,73046.12
1775840334.673,234.673,0.97,0.98,0.02,0.03,0.01,0.01,73046.12
1775840335.255,235.255,0.96,0.97,0.02,0.04,0.01,0.02,73043.38
1775840335.8,235.8,0.96,0.97,0.03,0.04,0.01,0.01,73043.38
1775840336.157,236.157,0.97,0.99,0.01,0.03,0.02,0.02,73043.38
1775840336.65,236.65,0.99,0.99,0.01,0.01,0.0,0.0,73042.17
1775840337.046,237.046,0.99,0.99,0.01,0.01,0.0,0.0,73042.17
1775840337.405,237.405,0.99,0.99,0.01,0.01,0.0,0.0,73041.82
1775840337.815,237.815,0.99,0.99,0.01,0.01,0.0,0.0,73041.82
1775840338.26,238.26,0.99,0.99,0.01,0.01,0.0,0.0,73041.82
1775840338.639,238.639,0.99,0.99,0.01,0.01,0.0,0.0,73041.82
1775840339.061,239.061,0.99,0.99,0.01,0.01,0.0,0.0,73041.45
1775840339.402,239.402,0.99,0.99,0.01,0.01,0.0,0.0,73042.68
1775840339.8,239.8,0.99,0.99,0.01,0.01,0.0,0.0,73042.68
1775840340.24,240.24,0.99,0.99,0.01,0.01,0.0,0.0,73042.68
1775840340.594,240.594,0.99,0.99,0.01,0.01,0.0,0.0,73044.89
1775840340.927,240.927,0.99,0.99,0.01,0.01,0.0,0.0,73044.89
1775840341.273,241.273,0.99,0.99,0.01,0.01,0.0,0.0,73044.89
1775840341.645,241.645,0.99,0.99,0.01,0.01,0.0,0.0,73048.46
1775840342.222,242.222,0.99,0.99,0.01,0.01,0.0,0.0,73048.46
1775840342.986,242.986,0.99,0.99,0.01,0.01,0.0,0.0,73053.69
1775840343.351,243.351,0.99,0.99,0.01,0.01,0.0,0.0,73059.78
1775840344.057,244.057,0.99,0.99,0.01,0.01,0.0,0.0,73059.78
1775840344.743,244.743,0.99,0.99,0.01,0.01,0.0,0.0,73061.75
1775840345.113,245.113,0.99,0.99,0.01,0.01,0.0,0.0,73061.75
1775840345.447,245.447,0.99,0.99,0.01,0.01,0.0,0.0,73061.75
1775840345.905,245.905,0.99,0.99,0.01,0.01,0.0,0.0,73067.29
1775840346.435,246.435,0.99,0.99,0.01,0.01,0.0,0.0,73070.73
1775840347.041,247.041,0.99,0.99,0.01,0.01,0.0,0.0,73070.73
1775840348.024,248.024,0.99,0.99,0.01,0.01,0.0,0.0,73073.78
1775840348.372,248.372,0.99,0.99,0.01,0.01,0.0,0.0,73073.78
1775840348.803,248.803,0.99,0.99,0.01,0.01,0.0,0.0,73070.73
1775840349.382,249.382,0.99,0.99,0.01,0.01,0.0,0.0,73070.73
1775840349.985,249.985,0.99,0.99,0.01,0.01,0.0,0.0,73068.84
1775840350.559,250.559,0.99,0.99,0.01,0.01,0.0,0.0,73068.84
1775840350.914,250.914,0.99,0.99,0.01,0.01,0.0,0.0,73069.28
1775840351.454,251.454,0.99,0.99,0.01,0.01,0.0,0.0,73070.68
1775840352.054,252.054,0.99,0.99,0.01,0.01,0.0,0.0,73070.68
1775840352.627,252.627,0.99,0.99,0.01,0.01,0.0,0.0,73070.87
1775840353.272,253.272,0.99,0.99,0.01,0.01,0.0,0.0,73070.87
1775840354.447,254.447,0.99,0.99,0.01,0.01,0.0,0.0,73068.1
1775840355.082,255.082,0.99,0.99,0.01,0.01,0.0,0.0,73067.74
1775840356.102,256.102,0.99,0.99,0.01,0.01,0.0,0.0,73067.74
1775840356.641,256.641,0.99,0.99,0.01,0.01,0.0,0.0,73067.37
1775840357.154,257.154,0.99,0.99,0.01,0.01,0.0,0.0,73067.38
1775840357.752,257.752,0.99,0.99,0.01,0.01,0.0,0.0,73067.38
1775840358.333,258.333,0.99,0.99,0.01,0.01,0.0,0.0,73067.38
1775840358.918,258.918,0.99,0.99,0.01,0.01,0.0,0.0,73067.22
1775840359.869,259.869,0.99,0.99,0.01,0.01,0.0,0.0,73067.73
1775840360.639,260.639,0.99,0.99,0.01,0.01,0.0,0.0,73067.73
1775840361.197,261.197,0.99,0.99,0.01,0.01,0.0,0.0,73067.55
1775840361.564,261.564,0.99,0.99,0.01,0.01,0.0,0.0,73067.55
1775840363.669,263.669,0.99,0.99,0.01,0.01,0.0,0.0,73062.6
1775840365.823,265.823,0.99,0.99,0.01,0.01,0.0,0.0,73059.64
1775840366.401,266.401,0.99,0.99,0.01,0.01,0.0,0.0,73059.64
1775840366.801,266.801,0.99,0.99,0.01,0.01,0.0,0.0,73056.96
1775840367.288,267.288,0.99,0.99,0.01,0.01,0.0,0.0,73056.96
1775840367.753,267.753,0.99,0.99,0.01,0.01,0.0,0.0,73045.2
1775840368.733,268.733,0.99,0.99,0.01,0.01,0.0,0.0,73038.21
1775840369.225,269.225,0.99,0.99,0.01,0.01,0.0,0.0,73037.38
1775840369.803,269.803,0.99,0.99,0.01,0.01,0.0,0.0,73037.38
1775840370.606,270.606,0.99,0.99,0.01,0.01,0.0,0.0,73037.38
1775840372.017,272.017,0.99,0.99,0.01,0.01,0.0,0.0,73032.41
1775840372.671,272.671,0.99,0.99,0.01,0.01,0.0,0.0,73031.77
1775840373.304,273.304,0.99,0.99,0.01,0.01,0.0,0.0,73033.23
1775840373.929,273.929,0.99,0.99,0.01,0.01,0.0,0.0,73033.23
1775840374.391,274.391,0.99,0.99,0.01,0.01,0.0,0.0,73034.12
1775840374.794,274.794,0.99,0.99,0.01,0.01,0.0,0.0,73034.12
1775840375.263,275.263,0.99,0.99,0.01,0.01,0.0,0.0,73033.1
1775840375.673,275.673,0.99,0.99,0.01,0.01,0.0,0.0,73033.1
1775840376.268,276.268,0.99,0.99,0.01,0.01,0.0,0.0,73033.1
1775840376.75,276.75,0.99,0.99,0.01,0.01,0.0,0.0,73033.1
1775840377.086,277.086,0.99,0.99,0.01,0.01,0.0,0.0,73033.1
1775840377.488,277.488,0.99,0.99,0.01,0.01,0.0,0.0,73033.42
1775840378.794,278.794,0.99,0.99,0.01,0.01,0.0,0.0,73031.1
1775840380.803,280.803,0.99,0.99,0.01,0.01,0.0,0.0,73032.63
1775840381.355,281.355,0.99,0.99,0.01,0.01,0.0,0.0,73033.52
1775840381.746,281.746,0.99,0.99,0.01,0.01,0.0,0.0,73033.52
1775840383.17,283.17,0.99,0.99,0.01,0.01,0.0,0.0,73030.52
1775840383.746,283.746,0.99,0.99,0.01,0.01,0.0,0.0,73030.52
1775840384.326,284.326,0.99,0.99,0.01,0.01,0.0,0.0,73023.72
1775840384.916,284.916,0.99,0.99,0.01,0.01,0.0,0.0,73023.72
1775840385.58,285.58,0.99,0.99,0.01,0.01,0.0,0.0,73019.39
1775840385.964,285.964,0.99,0.99,0.01,0.01,0.0,0.0,73019.39
1775840386.438,286.438,0.99,0.99,0.01,0.01,0.0,0.0,73018.32
1775840389.057,289.057,0.99,0.99,0.01,0.01,0.0,0.0,73009.97
1775840390.814,290.814,0.99,0.99,0.01,0.01,0.0,0.0,73008.9
1775840391.806,291.806,0.99,0.99,0.01,0.01,0.0,0.0,73007.38
1775840392.39,292.39,0.99,0.99,0.01,0.01,0.0,0.0,73006.24
1775840392.97,292.97,0.99,0.99,0.01,0.01,0.0,0.0,73006.13
1775840393.555,293.555,0.99,0.99,0.01,0.01,0.0,0.0,73006.13
1775840393.9,293.9,0.99,0.99,0.01,0.01,0.0,0.0,73006.13
1775840395.24,295.24,0.996,0.999,0.01,0.01,0.003,0.0,73005.85
1775840396.062,296.062,0.991,0.999,0.001,0.009,0.008,0.008,73005.72
1775840396.407,296.407,0.992,0.999,0.001,0.008,0.007,0.007,73005.72
1775840397.342,297.342,0.999,0.999,0.001,0.008,0.0,0.007,73005.72
1775840398.388,298.388,0.999,0.999,0.001,0.001,0.0,0.0,73005.65
1775840400.72,300.72,0.999,0.999,0.001,0.001,0.0,0.0,73006.08

# RESULT,winner=Up,slug=btc-updown-5m-1775840100,ticks=648
