timestamp,elapsed_sec,up_bid,up_ask,down_bid,down_ask,up_spread,down_spread,btc_price,btc_oracle_ts
1776617100.54,0.54,0.52,0.53,0.47,0.48,0.01,0.01,75595.97,1776617099000
1776617100.881,0.881,0.51,0.52,0.48,0.49,0.01,0.01,75595.97,1776617099000
1776617101.216,1.216,0.51,0.52,0.48,0.49,0.01,0.01,75595.97,1776617099000
1776617101.556,1.556,0.49,0.51,0.49,0.51,0.02,0.02,75591.96,1776617100000
1776617101.942,1.942,0.49,0.5,0.5,0.51,0.01,0.01,75591.96,1776617100000
1776617102.3,2.3,0.46,0.5,0.5,0.51,0.04,0.01,75591.96,1776617100000
1776617102.671,2.671,0.47,0.48,0.52,0.53,0.01,0.01,75590.34,1776617101000
1776617103.046,3.046,0.47,0.49,0.52,0.53,0.02,0.01,75587.33,1776617102000
1776617103.394,3.394,0.47,0.48,0.52,0.53,0.01,0.01,75587.33,1776617102000
1776617103.936,3.936,0.47,0.48,0.52,0.53,0.01,0.01,75587.33,1776617102000
1776617104.331,4.331,0.47,0.48,0.52,0.53,0.01,0.01,75584.0,1776617103000
1776617104.836,4.836,0.47,0.48,0.52,0.53,0.01,0.01,75584.0,1776617103000
1776617105.357,5.357,0.47,0.48,0.52,0.53,0.01,0.01,75583.89,1776617104000
1776617105.832,5.832,0.47,0.48,0.52,0.53,0.01,0.01,75583.89,1776617104000
1776617106.281,6.281,0.47,0.48,0.52,0.53,0.01,0.01,75583.83,1776617105000
1776617106.624,6.624,0.47,0.48,0.52,0.53,0.01,0.01,75583.83,1776617105000
1776617106.977,6.977,0.47,0.48,0.52,0.53,0.01,0.01,75583.83,1776617105000
1776617107.388,7.388,0.47,0.48,0.52,0.53,0.01,0.01,75583.49,1776617106000
1776617108.076,8.076,0.47,0.48,0.52,0.53,0.01,0.01,75583.49,1776617106000
1776617108.552,8.552,0.47,0.48,0.52,0.54,0.01,0.02,75583.49,1776617107000
1776617109.111,9.111,0.47,0.48,0.52,0.53,0.01,0.01,75583.49,1776617107000
1776617109.503,9.503,0.51,0.52,0.48,0.5,0.01,0.02,75583.5,1776617108000
1776617110.061,10.061,0.51,0.52,0.48,0.49,0.01,0.01,75583.5,1776617108000
1776617110.474,10.474,0.51,0.52,0.48,0.49,0.01,0.01,75583.55,1776617109000
1776617110.921,10.921,0.51,0.52,0.48,0.49,0.01,0.01,75583.55,1776617109000
1776617111.262,11.262,0.51,0.52,0.48,0.49,0.01,0.01,75583.55,1776617109000
1776617111.609,11.609,0.5,0.51,0.48,0.5,0.01,0.02,75587.77,1776617110000
1776617112.111,12.111,0.5,0.51,0.49,0.5,0.01,0.01,75589.77,1776617111000
1776617112.515,12.515,0.5,0.51,0.49,0.5,0.01,0.01,75589.77,1776617111000
1776617113.104,13.104,0.5,0.51,0.49,0.5,0.01,0.01,75589.77,1776617111000
1776617113.451,13.451,0.5,0.51,0.49,0.5,0.01,0.01,75589.04,1776617112000
1776617113.855,13.855,0.5,0.51,0.49,0.5,0.01,0.01,75589.04,1776617112000
1776617114.198,14.198,0.5,0.51,0.49,0.5,0.01,0.01,75589.04,1776617112000
1776617114.659,14.659,0.5,0.51,0.49,0.5,0.01,0.01,75589.0,1776617113000
1776617115.406,15.406,0.5,0.51,0.49,0.5,0.01,0.01,75589.21,1776617114000
1776617115.804,15.804,0.5,0.51,0.49,0.5,0.01,0.01,75589.21,1776617114000
1776617116.15,16.15,0.5,0.51,0.49,0.5,0.01,0.01,75589.21,1776617115000
1776617116.655,16.655,0.5,0.51,0.49,0.5,0.01,0.01,75589.21,1776617115000
1776617117.297,17.297,0.5,0.51,0.49,0.5,0.01,0.01,75589.21,1776617115000
1776617117.737,17.737,0.5,0.52,0.49,0.5,0.02,0.01,75589.16,1776617116000
1776617118.192,18.192,0.52,0.53,0.47,0.48,0.01,0.01,75589.16,1776617117000
1776617118.581,18.581,0.52,0.53,0.47,0.48,0.01,0.01,75589.16,1776617117000
1776617119.02,19.02,0.52,0.53,0.47,0.48,0.01,0.01,75589.16,1776617117000
1776617119.577,19.577,0.52,0.53,0.47,0.48,0.01,0.01,75589.21,1776617118000
1776617119.941,19.941,0.58,0.61,0.4,0.44,0.03,0.04,75589.21,1776617118000
1776617120.294,20.294,0.62,0.63,0.37,0.4,0.01,0.03,75590.39,1776617119000
1776617120.634,20.634,0.62,0.63,0.37,0.38,0.01,0.01,75590.39,1776617119000
1776617120.968,20.968,0.62,0.63,0.37,0.38,0.01,0.01,75590.39,1776617119000
1776617121.348,21.348,0.62,0.63,0.37,0.38,0.01,0.01,75590.39,1776617119000
1776617121.94,21.94,0.62,0.63,0.37,0.38,0.01,0.01,75592.1,1776617120000
1776617122.311,22.311,0.62,0.63,0.37,0.38,0.01,0.01,75603.52,1776617121000
1776617122.799,22.799,0.62,0.63,0.37,0.38,0.01,0.01,75603.52,1776617121000
1776617123.16,23.16,0.62,0.63,0.37,0.38,0.01,0.01,75603.52,1776617121000
1776617123.591,23.591,0.62,0.63,0.37,0.38,0.01,0.01,75603.56,1776617122000
1776617123.956,23.956,0.62,0.63,0.37,0.38,0.01,0.01,75603.56,1776617122000
1776617124.445,24.445,0.62,0.63,0.37,0.38,0.01,0.01,75603.89,1776617123000
1776617124.843,24.843,0.62,0.63,0.37,0.38,0.01,0.01,75605.39,1776617124000
1776617125.205,25.205,0.62,0.63,0.37,0.38,0.01,0.01,75605.39,1776617124000
1776617125.672,25.672,0.62,0.63,0.37,0.38,0.01,0.01,75605.39,1776617124000
1776617126.108,26.108,0.62,0.63,0.37,0.38,0.01,0.01,75607.32,1776617125000
1776617126.552,26.552,0.62,0.63,0.37,0.38,0.01,0.01,75607.32,1776617125000
1776617127.146,27.146,0.62,0.63,0.37,0.38,0.01,0.01,75607.44,1776617126000
1776617127.517,27.517,0.61,0.62,0.38,0.39,0.01,0.01,75607.44,1776617126000
1776617127.98,27.98,0.61,0.62,0.38,0.39,0.01,0.01,75607.5,1776617127000
1776617128.339,28.339,0.6,0.61,0.38,0.4,0.01,0.02,75607.5,1776617127000
1776617128.693,28.693,0.6,0.61,0.39,0.4,0.01,0.01,75607.5,1776617127000
1776617129.048,29.048,0.6,0.61,0.39,0.4,0.01,0.01,75603.72,1776617128000
1776617129.625,29.625,0.6,0.61,0.39,0.4,0.01,0.01,75603.72,1776617128000
1776617129.988,29.988,0.6,0.61,0.39,0.4,0.01,0.01,75603.83,1776617129000
1776617130.386,30.386,0.6,0.61,0.39,0.4,0.01,0.01,75603.83,1776617129000
1776617130.824,30.824,0.6,0.61,0.39,0.4,0.01,0.01,75603.83,1776617129000
1776617131.196,31.196,0.61,0.62,0.38,0.39,0.01,0.01,75603.82,1776617130000
1776617131.756,31.756,0.61,0.62,0.38,0.39,0.01,0.01,75603.82,1776617130000
1776617132.124,32.124,0.62,0.63,0.37,0.38,0.01,0.01,75603.82,1776617131000
1776617132.538,32.538,0.62,0.63,0.37,0.38,0.01,0.01,75603.82,1776617131000
1776617132.872,32.872,0.62,0.63,0.37,0.38,0.01,0.01,75603.82,1776617131000
1776617133.235,33.235,0.62,0.63,0.37,0.38,0.01,0.01,75603.85,1776617132000
1776617133.975,33.975,0.62,0.63,0.37,0.38,0.01,0.01,75605.47,1776617133000
1776617134.318,34.318,0.62,0.63,0.37,0.38,0.01,0.01,75605.47,1776617133000
1776617134.922,34.922,0.62,0.63,0.37,0.38,0.01,0.01,75605.47,1776617133000
1776617135.262,35.262,0.62,0.63,0.37,0.38,0.01,0.01,75607.25,1776617134000
1776617135.605,35.605,0.62,0.63,0.37,0.38,0.01,0.01,75607.25,1776617134000
1776617136.091,36.091,0.62,0.63,0.37,0.38,0.01,0.01,75607.25,1776617134000
1776617136.542,36.542,0.62,0.63,0.37,0.38,0.01,0.01,75607.25,1776617134000
1776617136.898,36.898,0.62,0.63,0.37,0.38,0.01,0.01,75607.25,1776617135000
1776617137.555,37.555,0.62,0.63,0.37,0.38,0.01,0.01,75607.25,1776617136000
1776617137.958,37.958,0.62,0.63,0.37,0.38,0.01,0.01,75607.25,1776617136000
1776617138.299,38.299,0.63,0.64,0.36,0.38,0.01,0.02,75607.25,1776617136000
1776617138.646,38.646,0.64,0.65,0.35,0.36,0.01,0.01,75606.73,1776617137000
1776617139.048,39.048,0.64,0.65,0.35,0.36,0.01,0.01,75606.91,1776617138000
1776617139.435,39.435,0.64,0.65,0.35,0.36,0.01,0.01,75606.91,1776617138000
1776617139.796,39.796,0.64,0.65,0.35,0.36,0.01,0.01,75606.91,1776617138000
1776617140.216,40.216,0.64,0.65,0.35,0.36,0.01,0.01,75607.06,1776617139000
1776617140.549,40.549,0.64,0.65,0.35,0.36,0.01,0.01,75607.06,1776617139000
1776617141.032,41.032,0.64,0.65,0.35,0.36,0.01,0.01,75607.06,1776617139000
1776617141.375,41.375,0.64,0.65,0.35,0.36,0.01,0.01,75608.52,1776617140000
1776617141.727,41.727,0.64,0.65,0.35,0.36,0.01,0.01,75608.52,1776617140000
1776617142.214,42.214,0.64,0.65,0.35,0.36,0.01,0.01,75608.52,1776617141000
1776617142.566,42.566,0.63,0.64,0.36,0.37,0.01,0.01,75608.52,1776617141000
1776617142.962,42.962,0.62,0.63,0.37,0.38,0.01,0.01,75608.52,1776617141000
1776617143.589,43.589,0.62,0.63,0.37,0.38,0.01,0.01,75608.86,1776617142000
1776617144.271,44.271,0.62,0.63,0.37,0.38,0.01,0.01,75608.58,1776617143000
1776617144.703,44.703,0.69,0.72,0.28,0.31,0.03,0.03,75608.58,1776617143000
1776617145.057,45.057,0.72,0.74,0.25,0.29,0.02,0.04,75608.58,1776617143000
1776617145.401,45.401,0.74,0.75,0.25,0.26,0.01,0.01,75607.56,1776617144000
1776617145.756,45.756,0.74,0.75,0.25,0.26,0.01,0.01,75607.56,1776617144000
1776617146.201,46.201,0.74,0.75,0.25,0.26,0.01,0.01,75610.67,1776617145000
1776617146.589,46.589,0.74,0.75,0.25,0.26,0.01,0.01,75610.67,1776617145000
1776617146.928,46.928,0.74,0.75,0.25,0.26,0.01,0.01,75610.67,1776617145000
1776617147.304,47.304,0.73,0.74,0.26,0.27,0.01,0.01,75621.14,1776617146000
1776617147.64,47.64,0.72,0.73,0.27,0.28,0.01,0.01,75621.14,1776617146000
1776617148.159,48.159,0.7,0.71,0.29,0.3,0.01,0.01,75621.14,1776617146000
1776617148.51,48.51,0.7,0.71,0.29,0.3,0.01,0.01,75626.77,1776617147000
1776617148.848,48.848,0.7,0.71,0.29,0.3,0.01,0.01,75626.77,1776617147000
1776617149.184,49.184,0.7,0.71,0.29,0.3,0.01,0.01,75626.77,1776617147000
1776617149.581,49.581,0.7,0.71,0.29,0.3,0.01,0.01,75623.75,1776617148000
1776617150.038,50.038,0.71,0.72,0.28,0.29,0.01,0.01,75622.51,1776617149000
1776617150.381,50.381,0.71,0.72,0.28,0.29,0.01,0.01,75622.51,1776617149000
1776617150.718,50.718,0.71,0.72,0.28,0.29,0.01,0.01,75622.51,1776617149000
1776617151.078,51.078,0.71,0.72,0.28,0.29,0.01,0.01,75622.51,1776617149000
1776617151.424,51.424,0.71,0.72,0.28,0.29,0.01,0.01,75622.51,1776617149000
1776617151.775,51.775,0.71,0.72,0.28,0.29,0.01,0.01,75622.51,1776617149000
1776617152.111,52.111,0.71,0.72,0.28,0.29,0.01,0.01,75622.09,1776617150000
1776617152.553,52.553,0.71,0.72,0.28,0.29,0.01,0.01,75622.09,1776617151000
1776617153.12,53.12,0.71,0.72,0.28,0.29,0.01,0.01,75622.09,1776617152000
1776617153.739,53.739,0.71,0.72,0.28,0.29,0.01,0.01,75622.09,1776617152000
1776617154.133,54.133,0.71,0.72,0.28,0.29,0.01,0.01,75622.09,1776617152000
1776617154.83,54.83,0.71,0.72,0.28,0.29,0.01,0.01,75622.07,1776617153000
1776617155.244,55.244,0.68,0.69,0.31,0.32,0.01,0.01,75622.07,1776617153000
1776617155.578,55.578,0.68,0.69,0.31,0.32,0.01,0.01,75621.22,1776617154000
1776617155.947,55.947,0.67,0.68,0.31,0.33,0.01,0.02,75621.22,1776617154000
1776617156.323,56.323,0.66,0.67,0.33,0.34,0.01,0.01,75617.96,1776617155000
1776617156.781,56.781,0.66,0.67,0.33,0.34,0.01,0.01,75617.96,1776617155000
1776617157.165,57.165,0.65,0.67,0.33,0.34,0.02,0.01,75617.96,1776617155000
1776617157.641,57.641,0.65,0.66,0.33,0.35,0.01,0.02,75616.23,1776617156000
1776617158.155,58.155,0.64,0.65,0.34,0.35,0.01,0.01,75616.23,1776617156000
1776617158.509,58.509,0.63,0.64,0.36,0.37,0.01,0.01,75615.38,1776617157000
1776617159.137,59.137,0.62,0.63,0.37,0.38,0.01,0.01,75615.38,1776617157000
1776617159.527,59.527,0.62,0.63,0.37,0.38,0.01,0.01,75615.06,1776617158000
1776617159.932,59.932,0.62,0.63,0.37,0.38,0.01,0.01,75615.06,1776617158000
1776617160.275,60.275,0.62,0.63,0.37,0.39,0.01,0.02,75615.06,1776617158000
1776617160.631,60.631,0.61,0.62,0.38,0.39,0.01,0.01,75610.13,1776617159000
1776617160.97,60.97,0.61,0.62,0.38,0.39,0.01,0.01,75608.75,1776617160000
1776617161.363,61.363,0.61,0.62,0.38,0.39,0.01,0.01,75608.75,1776617160000
1776617161.759,61.759,0.61,0.62,0.38,0.39,0.01,0.01,75608.75,1776617160000
1776617162.275,62.275,0.61,0.62,0.38,0.39,0.01,0.01,75607.87,1776617161000
1776617162.63,62.63,0.61,0.62,0.38,0.39,0.01,0.01,75607.87,1776617161000
1776617162.989,62.989,0.61,0.62,0.38,0.39,0.01,0.01,75607.87,1776617161000
1776617163.593,63.593,0.61,0.62,0.38,0.39,0.01,0.01,75608.15,1776617162000
1776617163.975,63.975,0.62,0.63,0.37,0.39,0.01,0.02,75608.15,1776617162000
1776617164.322,64.322,0.62,0.63,0.37,0.38,0.01,0.01,75608.15,1776617162000
1776617164.723,64.723,0.63,0.64,0.36,0.37,0.01,0.01,75608.17,1776617163000
1776617165.419,65.419,0.63,0.64,0.36,0.37,0.01,0.01,75608.17,1776617164000
1776617165.926,65.926,0.69,0.7,0.3,0.31,0.01,0.01,75608.17,1776617164000
1776617166.39,66.39,0.7,0.71,0.28,0.3,0.01,0.02,75608.73,1776617165000
1776617166.823,66.823,0.7,0.71,0.29,0.3,0.01,0.01,75608.73,1776617165000
1776617167.16,67.16,0.7,0.71,0.29,0.3,0.01,0.01,75614.59,1776617166000
1776617167.506,67.506,0.7,0.71,0.29,0.3,0.01,0.01,75614.59,1776617166000
1776617167.992,67.992,0.7,0.71,0.29,0.3,0.01,0.01,75614.59,1776617166000
1776617168.475,68.475,0.7,0.71,0.29,0.3,0.01,0.01,75621.4,1776617167000
1776617168.843,68.843,0.7,0.71,0.29,0.3,0.01,0.01,75621.4,1776617167000
1776617169.744,69.744,0.7,0.71,0.29,0.3,0.01,0.01,75623.18,1776617168000
1776617170.111,70.111,0.7,0.71,0.29,0.3,0.01,0.01,75623.19,1776617169000
1776617170.576,70.576,0.7,0.73,0.28,0.3,0.03,0.02,75623.19,1776617169000
1776617170.942,70.942,0.71,0.73,0.27,0.29,0.02,0.02,75623.19,1776617169000
1776617171.497,71.497,0.71,0.73,0.27,0.29,0.02,0.02,75623.17,1776617170000
1776617171.922,71.922,0.73,0.74,0.26,0.27,0.01,0.01,75623.17,1776617170000
1776617172.499,72.499,0.72,0.73,0.27,0.28,0.01,0.01,75623.65,1776617171000
1776617172.951,72.951,0.74,0.75,0.25,0.26,0.01,0.01,75624.81,1776617172000
1776617173.522,73.522,0.74,0.75,0.25,0.26,0.01,0.01,75624.81,1776617172000
1776617173.861,73.861,0.74,0.75,0.25,0.26,0.01,0.01,75624.81,1776617172000
1776617174.325,74.325,0.74,0.76,0.24,0.26,0.02,0.02,75626.54,1776617173000
1776617174.662,74.662,0.76,0.8,0.2,0.24,0.04,0.04,75626.54,1776617173000
1776617175.065,75.065,0.77,0.78,0.22,0.25,0.01,0.03,75626.54,1776617173000
1776617175.424,75.424,0.77,0.8,0.21,0.22,0.03,0.01,75637.45,1776617174000
1776617175.78,75.78,0.78,0.79,0.21,0.22,0.01,0.01,75637.45,1776617174000
1776617176.118,76.118,0.79,0.8,0.2,0.21,0.01,0.01,75640.4,1776617175000
1776617176.488,76.488,0.79,0.8,0.2,0.21,0.01,0.01,75640.4,1776617175000
1776617176.851,76.851,0.79,0.8,0.2,0.21,0.01,0.01,75640.4,1776617175000
1776617177.339,77.339,0.79,0.8,0.2,0.21,0.01,0.01,75639.59,1776617176000
1776617177.686,77.686,0.79,0.8,0.2,0.21,0.01,0.01,75639.59,1776617176000
1776617178.042,78.042,0.78,0.79,0.21,0.22,0.01,0.01,75640.34,1776617177000
1776617178.376,78.376,0.78,0.79,0.21,0.22,0.01,0.01,75640.34,1776617177000
1776617178.748,78.748,0.78,0.79,0.21,0.22,0.01,0.01,75640.34,1776617177000
1776617179.09,79.09,0.78,0.79,0.21,0.22,0.01,0.01,75641.61,1776617178000
1776617179.435,79.435,0.78,0.79,0.21,0.22,0.01,0.01,75641.61,1776617178000
1776617179.775,79.775,0.78,0.79,0.21,0.22,0.01,0.01,75641.61,1776617178000
1776617180.259,80.259,0.78,0.79,0.21,0.22,0.01,0.01,75639.04,1776617179000
1776617180.63,80.63,0.78,0.79,0.21,0.22,0.01,0.01,75639.04,1776617179000
1776617181.265,81.265,0.78,0.79,0.21,0.22,0.01,0.01,75639.04,1776617179000
1776617181.612,81.612,0.79,0.8,0.2,0.22,0.01,0.02,75639.22,1776617180000
1776617181.948,81.948,0.79,0.8,0.2,0.21,0.01,0.01,75639.22,1776617180000
1776617182.32,82.32,0.79,0.8,0.2,0.21,0.01,0.01,75639.27,1776617181000
1776617182.771,82.771,0.79,0.8,0.2,0.21,0.01,0.01,75639.27,1776617181000
1776617183.226,83.226,0.8,0.81,0.19,0.21,0.01,0.02,75639.35,1776617182000
1776617183.578,83.578,0.8,0.81,0.19,0.2,0.01,0.01,75639.35,1776617182000
1776617183.937,83.937,0.8,0.81,0.19,0.2,0.01,0.01,75638.98,1776617183000
1776617184.295,84.295,0.8,0.81,0.19,0.2,0.01,0.01,75638.98,1776617183000
1776617184.663,84.663,0.81,0.82,0.18,0.19,0.01,0.01,75638.98,1776617183000
1776617185.009,85.009,0.81,0.82,0.18,0.19,0.01,0.01,75639.08,1776617184000
1776617185.438,85.438,0.81,0.82,0.18,0.19,0.01,0.01,75639.08,1776617184000
1776617185.875,85.875,0.81,0.82,0.18,0.19,0.01,0.01,75639.08,1776617184000
1776617186.282,86.282,0.81,0.82,0.18,0.19,0.01,0.01,75641.0,1776617185000
1776617186.718,86.718,0.79,0.8,0.2,0.21,0.01,0.01,75641.0,1776617185000
1776617187.117,87.117,0.79,0.8,0.2,0.21,0.01,0.01,75641.0,1776617185000
1776617187.469,87.469,0.79,0.8,0.2,0.21,0.01,0.01,75641.3,1776617186000
1776617188.171,88.171,0.79,0.8,0.2,0.21,0.01,0.01,75641.3,1776617186000
1776617188.851,88.851,0.79,0.8,0.2,0.21,0.01,0.01,75639.46,1776617187000
1776617189.269,89.269,0.79,0.8,0.2,0.21,0.01,0.01,75638.53,1776617188000
1776617189.614,89.614,0.79,0.8,0.2,0.21,0.01,0.01,75638.53,1776617188000
1776617190.412,90.412,0.79,0.8,0.2,0.21,0.01,0.01,75638.53,1776617188000
1776617190.777,90.777,0.78,0.79,0.2,0.22,0.01,0.02,75638.35,1776617189000
1776617191.114,91.114,0.78,0.79,0.21,0.22,0.01,0.01,75638.35,1776617190000
1776617191.49,91.49,0.78,0.79,0.21,0.22,0.01,0.01,75638.35,1776617190000
1776617191.837,91.837,0.78,0.79,0.21,0.22,0.01,0.01,75638.35,1776617190000
1776617192.218,92.218,0.78,0.79,0.21,0.22,0.01,0.01,75638.35,1776617190000
1776617192.612,92.612,0.78,0.79,0.21,0.22,0.01,0.01,75637.05,1776617191000
1776617192.957,92.957,0.75,0.77,0.23,0.25,0.02,0.02,75637.05,1776617191000
1776617193.331,93.331,0.71,0.72,0.28,0.29,0.01,0.01,75637.05,1776617191000
1776617193.668,93.668,0.7,0.72,0.28,0.3,0.02,0.02,75638.47,1776617192000
1776617194.003,94.003,0.67,0.71,0.29,0.3,0.04,0.01,75638.47,1776617192000
1776617194.474,94.474,0.67,0.7,0.3,0.33,0.03,0.03,75628.91,1776617193000
1776617194.807,94.807,0.66,0.67,0.33,0.34,0.01,0.01,75628.91,1776617193000
1776617195.247,95.247,0.66,0.67,0.33,0.34,0.01,0.01,75628.91,1776617193000
1776617195.666,95.666,0.65,0.66,0.34,0.35,0.01,0.01,75625.88,1776617194000
1776617196.03,96.03,0.65,0.66,0.34,0.35,0.01,0.01,75625.88,1776617194000
1776617196.564,96.564,0.65,0.66,0.34,0.35,0.01,0.01,75621.85,1776617195000
1776617197.028,97.028,0.65,0.66,0.34,0.35,0.01,0.01,75621.85,1776617195000
1776617197.399,97.399,0.65,0.66,0.34,0.35,0.01,0.01,75621.85,1776617195000
1776617197.761,97.761,0.65,0.66,0.34,0.35,0.01,0.01,75617.23,1776617196000
1776617198.117,98.117,0.65,0.66,0.34,0.35,0.01,0.01,75617.23,1776617196000
1776617198.627,98.627,0.65,0.66,0.34,0.35,0.01,0.01,75617.17,1776617197000
1776617199.02,99.02,0.65,0.66,0.34,0.35,0.01,0.01,75617.17,1776617198000
1776617199.466,99.466,0.65,0.66,0.34,0.35,0.01,0.01,75617.17,1776617198000
1776617200.001,100.001,0.66,0.67,0.33,0.35,0.01,0.02,75617.17,1776617198000
1776617200.35,100.35,0.66,0.67,0.33,0.34,0.01,0.01,75617.17,1776617198000
1776617200.9,100.9,0.66,0.67,0.33,0.34,0.01,0.01,75618.42,1776617199000
1776617201.237,101.237,0.66,0.67,0.33,0.34,0.01,0.01,75618.42,1776617200000
1776617201.698,101.698,0.66,0.67,0.33,0.34,0.01,0.01,75618.42,1776617200000
1776617202.237,102.237,0.66,0.67,0.33,0.34,0.01,0.01,75618.42,1776617200000
1776617202.606,102.606,0.66,0.67,0.33,0.34,0.01,0.01,75618.43,1776617201000
1776617203.034,103.034,0.66,0.67,0.33,0.34,0.01,0.01,75618.43,1776617201000
1776617203.412,103.412,0.66,0.67,0.33,0.34,0.01,0.01,75618.21,1776617202000
1776617203.812,103.812,0.66,0.67,0.33,0.34,0.01,0.01,75618.21,1776617202000
1776617204.375,104.375,0.66,0.67,0.33,0.34,0.01,0.01,75618.2,1776617203000
1776617204.791,104.791,0.66,0.67,0.33,0.34,0.01,0.01,75618.2,1776617203000
1776617205.154,105.154,0.66,0.67,0.33,0.34,0.01,0.01,75618.2,1776617203000
1776617205.529,105.529,0.66,0.67,0.33,0.34,0.01,0.01,75618.2,1776617203000
1776617205.898,105.898,0.66,0.67,0.33,0.34,0.01,0.01,75618.21,1776617204000
1776617206.231,106.231,0.66,0.67,0.33,0.34,0.01,0.01,75618.21,1776617204000
1776617206.831,106.831,0.66,0.67,0.33,0.34,0.01,0.01,75618.21,1776617205000
1776617207.196,107.196,0.66,0.67,0.33,0.34,0.01,0.01,75618.21,1776617205000
1776617207.542,107.542,0.66,0.67,0.33,0.34,0.01,0.01,75618.21,1776617205000
1776617207.912,107.912,0.66,0.67,0.33,0.34,0.01,0.01,75618.22,1776617206000
1776617208.477,108.477,0.66,0.67,0.33,0.34,0.01,0.01,75618.22,1776617206000
1776617208.98,108.98,0.66,0.67,0.33,0.34,0.01,0.01,75618.2,1776617207000
1776617209.499,109.499,0.66,0.67,0.33,0.34,0.01,0.01,75615.02,1776617208000
1776617209.989,109.989,0.66,0.67,0.33,0.34,0.01,0.01,75615.02,1776617208000
1776617210.474,110.474,0.66,0.67,0.33,0.34,0.01,0.01,75614.96,1776617209000
1776617210.827,110.827,0.66,0.67,0.33,0.34,0.01,0.01,75614.96,1776617209000
1776617211.464,111.464,0.66,0.67,0.33,0.34,0.01,0.01,75614.96,1776617209000
1776617211.817,111.817,0.66,0.67,0.33,0.34,0.01,0.01,75615.43,1776617210000
1776617212.19,112.19,0.66,0.67,0.33,0.34,0.01,0.01,75615.43,1776617210000
1776617212.759,112.759,0.66,0.67,0.33,0.34,0.01,0.01,75615.02,1776617211000
1776617213.106,113.106,0.66,0.67,0.33,0.34,0.01,0.01,75615.02,1776617211000
1776617213.546,113.546,0.66,0.67,0.33,0.34,0.01,0.01,75615.04,1776617212000
1776617214.281,114.281,0.66,0.67,0.33,0.34,0.01,0.01,75615.04,1776617212000
1776617214.627,114.627,0.66,0.67,0.33,0.34,0.01,0.01,75615.98,1776617213000
1776617214.987,114.987,0.66,0.67,0.33,0.34,0.01,0.01,75615.98,1776617213000
1776617215.354,115.354,0.66,0.67,0.33,0.34,0.01,0.01,75615.98,1776617213000
1776617215.821,115.821,0.66,0.68,0.33,0.34,0.02,0.01,75615.54,1776617214000
1776617216.22,116.22,0.71,0.72,0.27,0.29,0.01,0.02,75615.54,1776617214000
1776617216.578,116.578,0.67,0.71,0.29,0.32,0.04,0.03,75615.54,1776617215000
1776617216.917,116.917,0.68,0.69,0.31,0.32,0.01,0.01,75615.54,1776617215000
1776617217.251,117.251,0.68,0.69,0.31,0.32,0.01,0.01,75615.63,1776617216000
1776617217.68,117.68,0.68,0.69,0.31,0.32,0.01,0.01,75615.63,1776617216000
1776617218.346,118.346,0.68,0.69,0.31,0.32,0.01,0.01,75618.65,1776617217000
1776617218.947,118.947,0.68,0.69,0.31,0.32,0.01,0.01,75618.65,1776617217000
1776617219.36,119.36,0.68,0.69,0.31,0.32,0.01,0.01,75618.39,1776617218000
1776617219.706,119.706,0.68,0.69,0.31,0.32,0.01,0.01,75618.39,1776617218000
1776617220.072,120.072,0.68,0.69,0.31,0.32,0.01,0.01,75618.39,1776617218000
1776617220.488,120.488,0.68,0.69,0.31,0.32,0.01,0.01,75618.39,1776617219000
1776617220.907,120.907,0.68,0.69,0.31,0.32,0.01,0.01,75618.39,1776617219000
1776617221.431,121.431,0.68,0.69,0.31,0.32,0.01,0.01,75618.18,1776617220000
1776617221.956,121.956,0.67,0.69,0.31,0.32,0.02,0.01,75618.18,1776617220000
1776617222.296,122.296,0.66,0.67,0.35,0.36,0.01,0.01,75617.42,1776617221000
1776617222.702,122.702,0.64,0.65,0.35,0.36,0.01,0.01,75617.42,1776617221000
1776617223.038,123.038,0.64,0.65,0.35,0.36,0.01,0.01,75617.42,1776617221000
1776617223.392,123.392,0.64,0.65,0.35,0.36,0.01,0.01,75614.84,1776617222000
1776617223.897,123.897,0.64,0.65,0.35,0.36,0.01,0.01,75614.84,1776617222000
1776617224.329,124.329,0.64,0.65,0.35,0.36,0.01,0.01,75610.88,1776617223000
1776617224.943,124.943,0.64,0.65,0.35,0.36,0.01,0.01,75610.88,1776617223000
1776617225.307,125.307,0.64,0.65,0.35,0.36,0.01,0.01,75610.52,1776617224000
1776617225.894,125.894,0.64,0.65,0.35,0.36,0.01,0.01,75610.52,1776617224000
1776617226.388,126.388,0.64,0.65,0.35,0.36,0.01,0.01,75610.52,1776617224000
1776617226.733,126.733,0.63,0.64,0.36,0.37,0.01,0.01,75610.52,1776617224000
1776617227.106,127.106,0.63,0.64,0.36,0.37,0.01,0.01,75610.51,1776617226000
1776617227.676,127.676,0.63,0.64,0.36,0.37,0.01,0.01,75610.51,1776617226000
1776617228.145,128.145,0.63,0.64,0.36,0.37,0.01,0.01,75609.61,1776617227000
1776617229.095,129.095,0.63,0.64,0.36,0.37,0.01,0.01,75609.61,1776617227000
1776617229.767,129.767,0.63,0.64,0.36,0.37,0.01,0.01,75609.16,1776617228000
1776617230.623,130.623,0.63,0.64,0.36,0.37,0.01,0.01,75609.22,1776617229000
1776617231.012,131.012,0.63,0.64,0.36,0.37,0.01,0.01,75609.19,1776617230000
1776617231.475,131.475,0.63,0.64,0.36,0.37,0.01,0.01,75609.19,1776617230000
1776617231.85,131.85,0.63,0.64,0.36,0.37,0.01,0.01,75609.19,1776617230000
1776617232.189,132.189,0.63,0.64,0.36,0.37,0.01,0.01,75608.52,1776617231000
1776617232.535,132.535,0.63,0.64,0.36,0.37,0.01,0.01,75608.52,1776617231000
1776617232.979,132.979,0.63,0.64,0.36,0.37,0.01,0.01,75608.52,1776617231000
1776617233.313,133.313,0.63,0.64,0.36,0.37,0.01,0.01,75608.53,1776617232000
1776617233.786,133.786,0.63,0.64,0.36,0.37,0.01,0.01,75608.53,1776617232000
1776617234.271,134.271,0.63,0.64,0.36,0.37,0.01,0.01,75608.53,1776617233000
1776617235.091,135.091,0.63,0.64,0.36,0.37,0.01,0.01,75608.54,1776617234000
1776617235.459,135.459,0.63,0.64,0.36,0.37,0.01,0.01,75608.54,1776617234000
1776617235.807,135.807,0.63,0.64,0.36,0.37,0.01,0.01,75608.54,1776617234000
1776617236.141,136.141,0.63,0.64,0.36,0.37,0.01,0.01,75608.54,1776617235000
1776617236.496,136.496,0.63,0.64,0.36,0.37,0.01,0.01,75608.54,1776617235000
1776617236.834,136.834,0.63,0.64,0.36,0.37,0.01,0.01,75608.54,1776617235000
1776617237.323,137.323,0.63,0.64,0.36,0.37,0.01,0.01,75608.54,1776617236000
1776617237.664,137.664,0.58,0.61,0.38,0.41,0.03,0.03,75608.54,1776617236000
1776617238.265,138.265,0.53,0.56,0.42,0.45,0.03,0.03,75608.54,1776617237000
1776617238.647,138.647,0.52,0.54,0.46,0.49,0.02,0.03,75608.54,1776617237000
1776617238.989,138.989,0.52,0.53,0.47,0.5,0.01,0.03,75604.4,1776617238000
1776617239.407,139.407,0.52,0.53,0.47,0.5,0.01,0.03,75604.4,1776617238000
1776617239.845,139.845,0.51,0.52,0.48,0.49,0.01,0.01,75604.4,1776617238000
1776617240.27,140.27,0.5,0.51,0.49,0.5,0.01,0.01,75596.36,1776617239000
1776617240.625,140.625,0.5,0.51,0.49,0.5,0.01,0.01,75596.36,1776617239000
1776617240.962,140.962,0.49,0.51,0.49,0.51,0.02,0.02,75596.36,1776617239000
1776617241.316,141.316,0.48,0.49,0.51,0.52,0.01,0.01,75596.36,1776617239000
1776617241.682,141.682,0.47,0.49,0.51,0.53,0.02,0.02,75596.36,1776617239000
1776617242.022,142.022,0.39,0.44,0.56,0.6,0.05,0.04,75594.46,1776617240000
1776617242.442,142.442,0.39,0.45,0.55,0.61,0.06,0.06,75594.01,1776617241000
1776617243.038,143.038,0.39,0.4,0.6,0.61,0.01,0.01,75579.13,1776617242000
1776617243.379,143.379,0.33,0.37,0.63,0.67,0.04,0.04,75579.13,1776617242000
1776617243.712,143.712,0.4,0.42,0.58,0.6,0.02,0.02,75579.13,1776617242000
1776617244.154,144.154,0.34,0.36,0.64,0.66,0.02,0.02,75579.13,1776617242000
1776617244.535,144.535,0.34,0.35,0.65,0.66,0.01,0.01,75579.13,1776617242000
1776617244.886,144.886,0.34,0.35,0.65,0.66,0.01,0.01,75571.86,1776617243000
1776617245.291,145.291,0.34,0.35,0.65,0.66,0.01,0.01,75571.62,1776617244000
1776617245.63,145.63,0.33,0.34,0.66,0.67,0.01,0.01,75571.62,1776617244000
1776617246.076,146.076,0.32,0.33,0.66,0.68,0.01,0.02,75571.62,1776617244000
1776617246.434,146.434,0.32,0.33,0.67,0.68,0.01,0.01,75570.83,1776617245000
1776617246.777,146.777,0.32,0.33,0.67,0.68,0.01,0.01,75570.83,1776617245000
1776617247.112,147.112,0.32,0.33,0.67,0.68,0.01,0.01,75570.85,1776617246000
1776617247.448,147.448,0.31,0.33,0.67,0.69,0.02,0.02,75570.85,1776617246000
1776617247.8,147.8,0.31,0.32,0.68,0.69,0.01,0.01,75570.85,1776617246000
1776617248.141,148.141,0.31,0.32,0.68,0.69,0.01,0.01,75570.85,1776617246000
1776617248.49,148.49,0.3,0.31,0.69,0.7,0.01,0.01,75571.2,1776617247000
1776617249.046,149.046,0.3,0.31,0.69,0.7,0.01,0.01,75571.2,1776617247000
1776617249.391,149.391,0.3,0.31,0.69,0.7,0.01,0.01,75568.58,1776617248000
1776617249.877,149.877,0.29,0.3,0.7,0.71,0.01,0.01,75568.58,1776617248000
1776617250.215,150.215,0.3,0.32,0.69,0.7,0.02,0.01,75567.24,1776617249000
1776617250.561,150.561,0.36,0.38,0.62,0.64,0.02,0.02,75567.24,1776617249000
1776617250.931,150.931,0.37,0.4,0.62,0.63,0.03,0.01,75567.24,1776617249000
1776617251.283,151.283,0.42,0.43,0.55,0.58,0.01,0.03,75567.24,1776617249000
1776617251.718,151.718,0.44,0.45,0.57,0.58,0.01,0.01,75565.9,1776617250000
1776617252.137,152.137,0.44,0.45,0.55,0.56,0.01,0.01,75566.8,1776617251000
1776617252.667,152.667,0.44,0.45,0.55,0.56,0.01,0.01,75566.8,1776617251000
1776617253.144,153.144,0.45,0.48,0.52,0.55,0.03,0.03,75577.48,1776617252000
1776617253.491,153.491,0.51,0.53,0.47,0.49,0.02,0.02,75577.48,1776617252000
1776617253.845,153.845,0.54,0.56,0.44,0.46,0.02,0.02,75577.48,1776617252000
1776617254.18,154.18,0.54,0.55,0.42,0.46,0.01,0.04,75577.48,1776617252000
1776617254.514,154.514,0.57,0.58,0.42,0.43,0.01,0.01,75590.24,1776617253000
1776617254.855,154.855,0.57,0.59,0.42,0.43,0.02,0.01,75590.24,1776617253000
1776617255.21,155.21,0.58,0.59,0.41,0.42,0.01,0.01,75593.06,1776617254000
1776617255.589,155.589,0.58,0.59,0.41,0.42,0.01,0.01,75593.06,1776617254000
1776617255.978,155.978,0.58,0.59,0.41,0.42,0.01,0.01,75593.06,1776617254000
1776617256.347,156.347,0.58,0.59,0.41,0.42,0.01,0.01,75593.06,1776617254000
1776617256.705,156.705,0.58,0.59,0.41,0.42,0.01,0.01,75593.87,1776617255000
1776617257.087,157.087,0.58,0.59,0.41,0.42,0.01,0.01,75594.22,1776617256000
1776617257.588,157.588,0.61,0.64,0.37,0.4,0.03,0.03,75594.22,1776617256000
1776617257.963,157.963,0.63,0.65,0.36,0.38,0.02,0.02,75594.22,1776617256000
1776617258.349,158.349,0.63,0.64,0.36,0.37,0.01,0.01,75594.22,1776617256000
1776617258.732,158.732,0.63,0.64,0.36,0.37,0.01,0.01,75594.44,1776617257000
1776617259.133,159.133,0.63,0.64,0.36,0.37,0.01,0.01,75594.44,1776617257000
1776617259.626,159.626,0.63,0.64,0.36,0.37,0.01,0.01,75594.45,1776617258000
1776617260.122,160.122,0.63,0.64,0.36,0.37,0.01,0.01,75594.45,1776617258000
1776617260.463,160.463,0.63,0.64,0.36,0.37,0.01,0.01,75601.45,1776617259000
1776617260.906,160.906,0.63,0.64,0.36,0.37,0.01,0.01,75601.45,1776617259000
1776617261.263,161.263,0.63,0.65,0.36,0.37,0.02,0.01,75601.95,1776617260000
1776617261.703,161.703,0.64,0.65,0.35,0.36,0.01,0.01,75601.95,1776617260000
1776617262.189,162.189,0.64,0.65,0.35,0.36,0.01,0.01,75601.96,1776617261000
1776617263.106,163.106,0.64,0.65,0.35,0.36,0.01,0.01,75601.96,1776617261000
1776617263.462,163.462,0.64,0.65,0.35,0.36,0.01,0.01,75601.96,1776617261000
1776617263.799,163.799,0.64,0.66,0.35,0.36,0.02,0.01,75603.69,1776617262000
1776617264.18,164.18,0.65,0.67,0.33,0.35,0.02,0.02,75606.51,1776617263000
1776617264.527,164.527,0.66,0.67,0.33,0.34,0.01,0.01,75606.51,1776617263000
1776617264.928,164.928,0.66,0.67,0.32,0.34,0.01,0.02,75606.51,1776617263000
1776617265.749,165.749,0.66,0.67,0.33,0.34,0.01,0.01,75607.88,1776617264000
1776617266.162,166.162,0.66,0.67,0.33,0.34,0.01,0.01,75607.88,1776617264000
1776617266.511,166.511,0.66,0.68,0.33,0.34,0.02,0.01,75609.75,1776617265000
1776617266.844,166.844,0.67,0.68,0.32,0.33,0.01,0.01,75609.75,1776617265000
1776617268.059,168.059,0.67,0.68,0.32,0.33,0.01,0.01,75609.73,1776617267000
1776617268.503,168.503,0.67,0.68,0.32,0.33,0.01,0.01,75609.73,1776617267000
1776617269.265,169.265,0.67,0.68,0.32,0.33,0.01,0.01,75607.72,1776617268000
1776617269.696,169.696,0.67,0.68,0.32,0.33,0.01,0.01,75607.72,1776617268000
1776617270.422,170.422,0.67,0.68,0.32,0.33,0.01,0.01,75607.72,1776617268000
1776617270.894,170.894,0.67,0.68,0.32,0.33,0.01,0.01,75608.82,1776617269000
1776617271.23,171.23,0.66,0.68,0.32,0.34,0.02,0.02,75608.82,1776617269000
1776617271.604,171.604,0.67,0.68,0.32,0.33,0.01,0.01,75606.99,1776617270000
1776617271.939,171.939,0.65,0.68,0.32,0.33,0.03,0.01,75606.99,1776617270000
1776617272.282,172.282,0.64,0.68,0.32,0.36,0.04,0.04,75605.78,1776617271000
1776617272.803,172.803,0.65,0.66,0.34,0.35,0.01,0.01,75605.78,1776617271000
1776617273.2,173.2,0.65,0.66,0.33,0.35,0.01,0.02,75605.77,1776617272000
1776617273.649,173.649,0.63,0.64,0.34,0.38,0.01,0.04,75605.77,1776617272000
1776617274.183,174.183,0.63,0.64,0.36,0.37,0.01,0.01,75605.75,1776617273000
1776617274.816,174.816,0.63,0.64,0.36,0.37,0.01,0.01,75605.75,1776617273000
1776617275.25,175.25,0.63,0.64,0.36,0.37,0.01,0.01,75605.75,1776617274000
1776617276.236,176.236,0.63,0.64,0.36,0.37,0.01,0.01,75604.54,1776617275000
1776617277.27,177.27,0.63,0.64,0.36,0.37,0.01,0.01,75604.69,1776617276000
1776617278.289,178.289,0.63,0.64,0.36,0.37,0.01,0.01,75604.69,1776617277000
1776617279.199,179.199,0.63,0.64,0.36,0.37,0.01,0.01,75604.69,1776617277000
1776617280.036,180.036,0.63,0.64,0.36,0.37,0.01,0.01,75604.69,1776617279000
1776617280.373,180.373,0.63,0.64,0.36,0.37,0.01,0.01,75604.69,1776617279000
1776617280.784,180.784,0.63,0.64,0.36,0.37,0.01,0.01,75604.69,1776617279000
1776617281.19,181.19,0.63,0.64,0.36,0.37,0.01,0.01,75603.98,1776617280000
1776617281.79,181.79,0.63,0.64,0.36,0.37,0.01,0.01,75603.98,1776617280000
1776617282.373,182.373,0.63,0.64,0.36,0.37,0.01,0.01,75604.67,1776617281000
1776617282.711,182.711,0.63,0.64,0.36,0.37,0.01,0.01,75604.67,1776617281000
1776617283.046,183.046,0.63,0.64,0.36,0.37,0.01,0.01,75604.67,1776617281000
1776617283.388,183.388,0.63,0.64,0.36,0.37,0.01,0.01,75601.24,1776617282000
1776617283.723,183.723,0.63,0.64,0.36,0.37,0.01,0.01,75601.24,1776617282000
1776617284.073,184.073,0.63,0.65,0.36,0.37,0.02,0.01,75601.24,1776617282000
1776617284.409,184.409,0.64,0.65,0.35,0.36,0.01,0.01,75606.59,1776617283000
1776617284.801,184.801,0.66,0.67,0.32,0.35,0.01,0.03,75606.59,1776617283000
1776617285.145,185.145,0.66,0.67,0.33,0.34,0.01,0.01,75609.04,1776617284000
1776617285.864,185.864,0.66,0.68,0.32,0.34,0.02,0.02,75609.04,1776617284000
1776617286.568,186.568,0.66,0.68,0.32,0.34,0.02,0.02,75609.04,1776617284000
1776617287.12,187.12,0.66,0.68,0.32,0.34,0.02,0.02,75607.1,1776617286000
1776617287.762,187.762,0.67,0.68,0.32,0.34,0.01,0.02,75607.1,1776617286000
1776617288.271,188.271,0.67,0.68,0.32,0.33,0.01,0.01,75610.49,1776617287000
1776617289.305,189.305,0.67,0.68,0.32,0.33,0.01,0.01,75610.51,1776617288000
1776617289.823,189.823,0.67,0.68,0.32,0.33,0.01,0.01,75610.51,1776617288000
1776617290.229,190.229,0.67,0.68,0.32,0.33,0.01,0.01,75610.96,1776617289000
1776617290.705,190.705,0.67,0.69,0.32,0.34,0.02,0.02,75610.96,1776617289000
1776617291.058,191.058,0.67,0.68,0.32,0.33,0.01,0.01,75610.96,1776617289000
1776617291.393,191.393,0.67,0.69,0.31,0.33,0.02,0.02,75615.23,1776617290000
1776617291.763,191.763,0.69,0.72,0.28,0.31,0.03,0.03,75615.23,1776617290000
1776617292.102,192.102,0.72,0.74,0.26,0.28,0.02,0.02,75615.23,1776617290000
1776617292.467,192.467,0.75,0.77,0.24,0.26,0.02,0.02,75621.45,1776617291000
1776617292.818,192.818,0.75,0.76,0.24,0.25,0.01,0.01,75621.45,1776617291000
1776617293.18,193.18,0.75,0.76,0.24,0.25,0.01,0.01,75627.07,1776617292000
1776617294.162,194.162,0.75,0.76,0.24,0.25,0.01,0.01,75627.07,1776617292000
1776617294.508,194.508,0.75,0.76,0.24,0.25,0.01,0.01,75626.51,1776617293000
1776617294.872,194.872,0.75,0.76,0.24,0.25,0.01,0.01,75626.51,1776617293000
1776617295.25,195.25,0.75,0.81,0.19,0.25,0.06,0.06,75626.51,1776617294000
1776617295.688,195.688,0.77,0.78,0.19,0.23,0.01,0.04,75626.51,1776617294000
1776617296.315,196.315,0.77,0.78,0.22,0.23,0.01,0.01,75626.53,1776617295000
1776617297.186,197.186,0.77,0.78,0.22,0.23,0.01,0.01,75626.53,1776617295000
1776617297.547,197.547,0.77,0.81,0.2,0.23,0.04,0.03,75625.19,1776617296000
1776617297.9,197.9,0.77,0.8,0.19,0.23,0.03,0.04,75625.19,1776617296000
1776617298.296,198.296,0.76,0.78,0.22,0.24,0.02,0.02,75621.81,1776617297000
1776617298.633,198.633,0.77,0.78,0.22,0.24,0.01,0.02,75621.81,1776617297000
1776617299.045,199.045,0.77,0.78,0.22,0.23,0.01,0.01,75621.81,1776617297000
1776617299.424,199.424,0.77,0.78,0.22,0.23,0.01,0.01,75622.37,1776617298000
1776617299.797,199.797,0.76,0.78,0.22,0.24,0.02,0.02,75622.37,1776617298000
1776617300.25,200.25,0.76,0.77,0.23,0.24,0.01,0.01,75619.51,1776617299000
1776617300.584,200.584,0.75,0.76,0.24,0.25,0.01,0.01,75619.51,1776617299000
1776617300.922,200.922,0.74,0.75,0.25,0.26,0.01,0.01,75619.51,1776617299000
1776617301.284,201.284,0.74,0.75,0.25,0.26,0.01,0.01,75619.51,1776617299000
1776617301.646,201.646,0.74,0.75,0.25,0.26,0.01,0.01,75617.03,1776617300000
1776617302.031,202.031,0.77,0.79,0.22,0.23,0.02,0.01,75617.03,1776617300000
1776617302.377,202.377,0.79,0.8,0.2,0.21,0.01,0.01,75617.03,1776617300000
1776617302.741,202.741,0.8,0.81,0.19,0.2,0.01,0.01,75617.03,1776617301000
1776617303.25,203.25,0.81,0.82,0.18,0.2,0.01,0.02,75617.03,1776617301000
1776617303.633,203.633,0.82,0.83,0.17,0.18,0.01,0.01,75617.64,1776617302000
1776617304.005,204.005,0.82,0.83,0.17,0.18,0.01,0.01,75617.64,1776617302000
1776617304.369,204.369,0.82,0.83,0.17,0.18,0.01,0.01,75621.25,1776617303000
1776617304.703,204.703,0.83,0.84,0.16,0.17,0.01,0.01,75621.25,1776617303000
1776617305.076,205.076,0.83,0.84,0.16,0.17,0.01,0.01,75625.11,1776617304000
1776617305.425,205.425,0.83,0.84,0.16,0.17,0.01,0.01,75625.11,1776617304000
1776617305.793,205.793,0.84,0.85,0.16,0.17,0.01,0.01,75625.11,1776617304000
1776617306.217,206.217,0.84,0.85,0.15,0.16,0.01,0.01,75625.12,1776617305000
1776617306.555,206.555,0.84,0.85,0.15,0.16,0.01,0.01,75625.12,1776617305000
1776617306.893,206.893,0.84,0.85,0.15,0.16,0.01,0.01,75625.12,1776617305000
1776617307.284,207.284,0.84,0.85,0.15,0.16,0.01,0.01,75625.12,1776617305000
1776617307.659,207.659,0.84,0.85,0.15,0.16,0.01,0.01,75625.12,1776617306000
1776617308.017,208.017,0.84,0.85,0.15,0.16,0.01,0.01,75625.11,1776617307000
1776617308.401,208.401,0.84,0.86,0.14,0.16,0.02,0.02,75625.11,1776617307000
1776617308.809,208.809,0.86,0.87,0.13,0.14,0.01,0.01,75625.11,1776617307000
1776617309.19,209.19,0.86,0.87,0.13,0.14,0.01,0.01,75625.28,1776617308000
1776617309.565,209.565,0.87,0.88,0.12,0.13,0.01,0.01,75625.28,1776617308000
1776617309.931,209.931,0.87,0.88,0.12,0.13,0.01,0.01,75625.28,1776617308000
1776617310.315,210.315,0.87,0.88,0.12,0.13,0.01,0.01,75625.43,1776617309000
1776617310.664,210.664,0.87,0.88,0.12,0.13,0.01,0.01,75625.43,1776617309000
1776617311.096,211.096,0.87,0.88,0.12,0.13,0.01,0.01,75625.43,1776617309000
1776617311.432,211.432,0.87,0.88,0.12,0.13,0.01,0.01,75625.43,1776617310000
1776617311.788,211.788,0.87,0.88,0.12,0.13,0.01,0.01,75625.43,1776617310000
1776617312.218,212.218,0.87,0.88,0.12,0.13,0.01,0.01,75625.43,1776617310000
1776617312.645,212.645,0.87,0.88,0.12,0.13,0.01,0.01,75625.4,1776617311000
1776617313.028,213.028,0.87,0.88,0.12,0.13,0.01,0.01,75624.05,1776617312000
1776617313.366,213.366,0.87,0.88,0.12,0.13,0.01,0.01,75624.05,1776617312000
1776617313.75,213.75,0.8,0.81,0.19,0.21,0.01,0.02,75624.05,1776617312000
1776617314.088,214.088,0.8,0.81,0.19,0.2,0.01,0.01,75624.05,1776617312000
1776617314.44,214.44,0.8,0.81,0.19,0.2,0.01,0.01,75624.05,1776617312000
1776617314.781,214.781,0.8,0.81,0.19,0.2,0.01,0.01,75624.05,1776617312000
1776617315.246,215.246,0.8,0.82,0.19,0.2,0.02,0.01,75625.37,1776617313000
1776617315.588,215.588,0.83,0.84,0.16,0.17,0.01,0.01,75620.59,1776617314000
1776617315.951,215.951,0.84,0.85,0.15,0.16,0.01,0.01,75620.59,1776617314000
1776617316.323,216.323,0.84,0.85,0.15,0.16,0.01,0.01,75620.59,1776617314000
1776617316.715,216.715,0.85,0.86,0.14,0.15,0.01,0.01,75619.46,1776617315000
1776617317.122,217.122,0.85,0.86,0.14,0.15,0.01,0.01,75620.09,1776617316000
1776617317.608,217.608,0.85,0.86,0.14,0.15,0.01,0.01,75620.09,1776617316000
1776617317.97,217.97,0.87,0.88,0.12,0.13,0.01,0.01,75620.09,1776617316000
1776617318.313,218.313,0.87,0.88,0.12,0.13,0.01,0.01,75620.09,1776617316000
1776617318.802,218.802,0.87,0.88,0.12,0.13,0.01,0.01,75623.83,1776617317000
1776617319.179,219.179,0.87,0.88,0.12,0.13,0.01,0.01,75624.11,1776617318000
1776617319.732,219.732,0.87,0.88,0.12,0.13,0.01,0.01,75624.11,1776617318000
1776617320.155,220.155,0.87,0.88,0.12,0.13,0.01,0.01,75624.11,1776617318000
1776617320.55,220.55,0.87,0.88,0.12,0.13,0.01,0.01,75627.52,1776617319000
1776617321.249,221.249,0.87,0.88,0.12,0.13,0.01,0.01,75627.52,1776617319000
1776617322.122,222.122,0.87,0.88,0.12,0.13,0.01,0.01,75627.49,1776617320000
1776617322.466,222.466,0.88,0.89,0.11,0.13,0.01,0.02,75627.49,1776617320000
1776617322.806,222.806,0.88,0.9,0.11,0.12,0.02,0.01,75627.49,1776617321000
1776617323.189,223.189,0.89,0.9,0.1,0.11,0.01,0.01,75627.49,1776617321000
1776617323.562,223.562,0.91,0.93,0.08,0.09,0.02,0.01,75627.58,1776617322000
1776617323.909,223.909,0.93,0.94,0.06,0.07,0.01,0.01,75627.58,1776617322000
1776617324.28,224.28,0.93,0.94,0.06,0.07,0.01,0.01,75627.58,1776617322000
1776617324.751,224.751,0.93,0.94,0.06,0.07,0.01,0.01,75627.48,1776617323000
1776617325.136,225.136,0.93,0.94,0.06,0.07,0.01,0.01,75627.48,1776617323000
1776617325.549,225.549,0.93,0.94,0.06,0.07,0.01,0.01,75638.59,1776617324000
1776617325.923,225.923,0.93,0.94,0.06,0.07,0.01,0.01,75638.59,1776617324000
1776617326.261,226.261,0.94,0.95,0.05,0.06,0.01,0.01,75641.42,1776617325000
1776617326.607,226.607,0.94,0.95,0.05,0.06,0.01,0.01,75641.42,1776617325000
1776617326.988,226.988,0.94,0.95,0.05,0.06,0.01,0.01,75641.42,1776617325000
1776617327.338,227.338,0.94,0.95,0.05,0.06,0.01,0.01,75644.19,1776617326000
1776617328.117,228.117,0.94,0.95,0.05,0.06,0.01,0.01,75644.19,1776617326000
1776617328.559,228.559,0.95,0.96,0.04,0.05,0.01,0.01,75644.8,1776617327000
1776617328.952,228.952,0.95,0.96,0.04,0.05,0.01,0.01,75644.8,1776617327000
1776617329.301,229.301,0.95,0.96,0.04,0.05,0.01,0.01,75646.64,1776617328000
1776617329.669,229.669,0.95,0.96,0.04,0.05,0.01,0.01,75646.64,1776617328000
1776617330.242,230.242,0.95,0.96,0.04,0.05,0.01,0.01,75647.19,1776617329000
1776617330.576,230.576,0.95,0.96,0.04,0.05,0.01,0.01,75647.19,1776617329000
1776617330.934,230.934,0.95,0.96,0.04,0.06,0.01,0.02,75647.19,1776617329000
1776617331.31,231.31,0.95,0.96,0.04,0.05,0.01,0.01,75647.19,1776617329000
1776617331.726,231.726,0.94,0.95,0.05,0.06,0.01,0.01,75647.19,1776617329000
1776617332.081,232.081,0.94,0.95,0.05,0.06,0.01,0.01,75651.4,1776617330000
1776617332.423,232.423,0.94,0.95,0.05,0.06,0.01,0.01,75651.4,1776617330000
1776617332.805,232.805,0.94,0.95,0.05,0.06,0.01,0.01,75651.42,1776617331000
1776617333.196,233.196,0.94,0.95,0.05,0.06,0.01,0.01,75651.41,1776617332000
1776617333.545,233.545,0.94,0.95,0.05,0.06,0.01,0.01,75651.41,1776617332000
1776617333.956,233.956,0.94,0.95,0.05,0.06,0.01,0.01,75651.41,1776617332000
1776617334.321,234.321,0.94,0.95,0.05,0.06,0.01,0.01,75651.41,1776617333000
1776617334.75,234.75,0.94,0.95,0.05,0.06,0.01,0.01,75651.41,1776617333000
1776617335.115,235.115,0.94,0.95,0.05,0.06,0.01,0.01,75651.41,1776617333000
1776617335.45,235.45,0.94,0.95,0.05,0.06,0.01,0.01,75649.52,1776617334000
1776617335.825,235.825,0.94,0.95,0.05,0.06,0.01,0.01,75649.52,1776617334000
1776617336.391,236.391,0.94,0.95,0.05,0.06,0.01,0.01,75648.69,1776617335000
1776617336.734,236.734,0.94,0.95,0.05,0.06,0.01,0.01,75648.69,1776617335000
1776617337.123,237.123,0.94,0.95,0.05,0.06,0.01,0.01,75648.69,1776617335000
1776617337.475,237.475,0.95,0.96,0.05,0.06,0.01,0.01,75648.76,1776617336000
1776617337.83,237.83,0.95,0.96,0.04,0.05,0.01,0.01,75648.76,1776617336000
1776617338.17,238.17,0.96,0.97,0.03,0.04,0.01,0.01,75648.76,1776617336000
1776617338.587,238.587,0.96,0.97,0.03,0.04,0.01,0.01,75648.75,1776617337000
1776617339.024,239.024,0.96,0.97,0.03,0.04,0.01,0.01,75648.75,1776617337000
1776617339.517,239.517,0.96,0.97,0.03,0.04,0.01,0.01,75648.76,1776617338000
1776617339.88,239.88,0.96,0.97,0.03,0.04,0.01,0.01,75648.76,1776617338000
1776617340.22,240.22,0.96,0.97,0.03,0.04,0.01,0.01,75649.16,1776617339000
1776617340.611,240.611,0.96,0.97,0.03,0.04,0.01,0.01,75649.16,1776617339000
1776617340.961,240.961,0.96,0.97,0.03,0.04,0.01,0.01,75649.16,1776617339000
1776617341.294,241.294,0.96,0.97,0.03,0.04,0.01,0.01,75649.16,1776617339000
1776617341.628,241.628,0.97,0.98,0.02,0.04,0.01,0.02,75648.17,1776617340000
1776617341.966,241.966,0.97,0.98,0.02,0.03,0.01,0.01,75648.17,1776617340000
1776617342.353,242.353,0.97,0.98,0.02,0.03,0.01,0.01,75648.21,1776617341000
1776617342.743,242.743,0.97,0.98,0.02,0.03,0.01,0.01,75648.21,1776617341000
1776617343.101,243.101,0.97,0.98,0.02,0.03,0.01,0.01,75648.21,1776617341000
1776617343.542,243.542,0.97,0.98,0.02,0.03,0.01,0.01,75649.15,1776617342000
1776617343.941,243.941,0.97,0.98,0.02,0.03,0.01,0.01,75653.11,1776617343000
1776617344.507,244.507,0.97,0.98,0.02,0.03,0.01,0.01,75653.11,1776617343000
1776617344.968,244.968,0.97,0.98,0.02,0.03,0.01,0.01,75653.11,1776617343000
1776617345.558,245.558,0.97,0.98,0.02,0.03,0.01,0.01,75657.98,1776617344000
1776617345.931,245.931,0.97,0.98,0.02,0.03,0.01,0.01,75657.98,1776617344000
1776617346.305,246.305,0.97,0.98,0.02,0.03,0.01,0.01,75657.98,1776617344000
1776617346.701,246.701,0.97,0.98,0.02,0.03,0.01,0.01,75658.97,1776617345000
1776617347.125,247.125,0.97,0.98,0.02,0.03,0.01,0.01,75658.97,1776617345000
1776617348.06,248.06,0.97,0.98,0.02,0.03,0.01,0.01,75659.16,1776617346000
1776617348.746,248.746,0.97,0.98,0.02,0.03,0.01,0.01,75659.15,1776617347000
1776617349.219,249.219,0.97,0.98,0.02,0.03,0.01,0.01,75659.15,1776617347000
1776617349.652,249.652,0.97,0.98,0.02,0.03,0.01,0.01,75659.15,1776617348000
1776617350.363,250.363,0.97,0.98,0.02,0.03,0.01,0.01,75659.15,1776617348000
1776617350.723,250.723,0.97,0.98,0.02,0.03,0.01,0.01,75659.14,1776617349000
1776617351.205,251.205,0.98,0.99,0.01,0.03,0.01,0.02,75659.14,1776617349000
1776617351.54,251.54,0.98,0.99,0.01,0.02,0.01,0.01,75659.14,1776617350000
1776617351.88,251.88,0.98,0.99,0.01,0.02,0.01,0.01,75659.14,1776617350000
1776617352.251,252.251,0.98,0.99,0.01,0.02,0.01,0.01,75659.14,1776617351000
1776617352.736,252.736,0.98,0.99,0.01,0.02,0.01,0.01,75659.14,1776617351000
1776617353.074,253.074,0.98,0.99,0.01,0.02,0.01,0.01,75659.14,1776617351000
1776617353.471,253.471,0.98,0.99,0.01,0.02,0.01,0.01,75659.14,1776617351000
1776617353.961,253.961,0.98,0.99,0.01,0.02,0.01,0.01,75659.15,1776617352000
1776617354.332,254.332,0.98,0.99,0.01,0.02,0.01,0.01,75659.15,1776617352000
1776617354.669,254.669,0.98,0.99,0.01,0.02,0.01,0.01,75658.37,1776617353000
1776617355.02,255.02,0.98,0.99,0.01,0.02,0.01,0.01,75658.37,1776617353000
1776617355.361,255.361,0.98,0.99,0.01,0.02,0.01,0.01,75658.37,1776617353000
1776617355.728,255.728,0.98,0.99,0.01,0.02,0.01,0.01,75658.37,1776617354000
1776617356.11,256.11,0.98,0.99,0.01,0.02,0.01,0.01,75658.37,1776617355000
1776617356.85,256.85,0.98,0.99,0.01,0.02,0.01,0.01,75658.37,1776617355000
1776617357.308,257.308,0.98,0.99,0.01,0.02,0.01,0.01,75658.37,1776617355000
1776617357.652,257.652,0.98,0.99,0.01,0.02,0.01,0.01,75659.06,1776617356000
1776617358.039,258.039,0.98,0.99,0.01,0.02,0.01,0.01,75659.06,1776617356000
1776617358.395,258.395,0.98,0.99,0.01,0.02,0.01,0.01,75659.06,1776617356000
1776617358.894,258.894,0.98,0.99,0.01,0.02,0.01,0.01,75659.06,1776617357000
1776617359.284,259.284,0.98,0.99,0.01,0.02,0.01,0.01,75659.06,1776617357000
1776617359.677,259.677,0.98,0.99,0.01,0.02,0.01,0.01,75659.06,1776617358000
1776617360.056,260.056,0.98,0.99,0.01,0.02,0.01,0.01,75659.04,1776617359000
1776617360.743,260.743,0.98,0.99,0.01,0.02,0.01,0.01,75659.04,1776617359000
1776617361.173,261.173,0.98,0.99,0.01,0.02,0.01,0.01,75659.04,1776617359000
1776617361.524,261.524,0.98,0.99,0.01,0.02,0.01,0.01,75659.14,1776617360000
1776617361.947,261.947,0.98,0.99,0.01,0.02,0.01,0.01,75659.14,1776617360000
1776617362.31,262.31,0.98,0.99,0.01,0.02,0.01,0.01,75659.14,1776617361000
1776617362.645,262.645,0.99,0.99,0.01,0.02,0.0,0.01,75659.14,1776617361000
1776617363.005,263.005,0.99,0.99,0.01,0.01,0.0,0.0,75659.14,1776617361000
1776617363.347,263.347,0.99,0.99,0.01,0.01,0.0,0.0,75659.14,1776617361000
1776617363.786,263.786,0.99,0.99,0.01,0.01,0.0,0.0,75659.13,1776617362000
1776617364.51,264.51,0.99,0.99,0.01,0.01,0.0,0.0,75659.09,1776617363000
1776617365.122,265.122,0.99,0.99,0.01,0.01,0.0,0.0,75659.09,1776617363000
1776617366.368,266.368,0.99,0.99,0.01,0.01,0.0,0.0,75659.58,1776617365000
1776617366.869,266.869,0.99,0.99,0.01,0.01,0.0,0.0,75659.58,1776617365000
1776617367.298,267.298,0.99,0.99,0.01,0.01,0.0,0.0,75659.58,1776617365000
1776617368.009,268.009,0.99,0.99,0.01,0.01,0.0,0.0,75658.21,1776617367000
1776617369.062,269.062,0.99,0.99,0.01,0.01,0.0,0.0,75658.41,1776617368000
1776617369.71,269.71,0.99,0.99,0.01,0.01,0.0,0.0,75658.41,1776617368000
1776617370.21,270.21,0.99,0.99,0.01,0.01,0.0,0.0,75658.41,1776617368000
1776617370.741,270.741,0.99,0.99,0.01,0.01,0.0,0.0,75658.41,1776617369000
1776617371.118,271.118,0.99,0.99,0.01,0.01,0.0,0.0,75658.41,1776617369000
1776617371.53,271.53,0.99,0.99,0.01,0.01,0.0,0.0,75658.33,1776617370000
1776617372.216,272.216,0.99,0.99,0.01,0.01,0.0,0.0,75655.84,1776617371000
1776617373.518,273.518,0.99,0.99,0.01,0.01,0.0,0.0,75655.36,1776617372000
1776617374.018,274.018,0.99,0.99,0.01,0.01,0.0,0.0,75655.37,1776617373000
1776617375.29,275.29,0.99,0.99,0.01,0.01,0.0,0.0,75655.28,1776617374000
1776617375.93,275.93,0.99,0.99,0.01,0.01,0.0,0.0,75655.28,1776617374000
1776617376.379,276.379,0.99,0.99,0.01,0.01,0.0,0.0,75655.28,1776617375000
1776617376.969,276.969,0.99,0.99,0.01,0.01,0.0,0.0,75655.9,1776617376000
1776617378.06,278.06,0.99,0.99,0.01,0.01,0.0,0.0,75656.27,1776617377000
1776617378.548,278.548,0.99,0.99,0.01,0.01,0.0,0.0,75656.27,1776617377000
1776617378.928,278.928,0.99,0.99,0.01,0.01,0.0,0.0,75656.27,1776617377000
1776617380.3,280.3,0.99,0.99,0.01,0.01,0.0,0.0,75659.29,1776617379000
1776617380.988,280.988,0.99,0.99,0.01,0.01,0.0,0.0,75659.29,1776617379000
1776617382.095,282.095,0.99,0.99,0.01,0.01,0.0,0.0,75657.73,1776617380000
1776617382.586,282.586,0.99,0.99,0.01,0.01,0.0,0.0,75657.73,1776617381000
1776617383.184,283.184,0.99,0.99,0.01,0.01,0.0,0.0,75657.74,1776617382000
1776617384.612,284.612,0.99,0.99,0.01,0.01,0.0,0.0,75657.82,1776617383000
1776617385.294,285.294,0.99,0.99,0.01,0.01,0.0,0.0,75657.82,1776617384000
1776617385.912,285.912,0.99,0.99,0.01,0.01,0.0,0.0,75657.82,1776617385000
1776617387.08,287.08,0.99,0.99,0.01,0.01,0.0,0.0,75655.87,1776617386000
1776617388.448,288.448,0.99,0.99,0.01,0.01,0.0,0.0,75657.66,1776617387000
1776617389.022,289.022,0.99,0.99,0.01,0.01,0.0,0.0,75657.66,1776617388000
1776617389.876,289.876,0.99,0.99,0.01,0.01,0.0,0.0,75657.66,1776617388000
1776617390.327,290.327,0.99,0.99,0.01,0.01,0.0,0.0,75656.26,1776617389000
1776617391.446,291.446,0.99,0.99,0.01,0.01,0.0,0.0,75654.6,1776617390000
1776617392.108,292.108,0.99,0.99,0.01,0.01,0.0,0.0,75654.54,1776617391000
1776617392.809,292.809,0.99,0.99,0.01,0.01,0.0,0.0,75654.54,1776617391000
1776617393.362,293.362,0.99,0.99,0.01,0.01,0.0,0.0,75653.18,1776617392000
1776617393.799,293.799,0.99,0.99,0.01,0.01,0.0,0.0,75653.18,1776617392000
1776617394.372,294.372,0.99,0.99,0.01,0.01,0.0,0.0,75650.31,1776617393000
1776617394.834,294.834,0.99,0.99,0.01,0.01,0.0,0.0,75650.31,1776617393000
1776617396.172,296.172,0.99,0.99,0.01,0.01,0.0,0.0,75637.18,1776617395000
1776617397.494,297.494,0.99,0.99,0.01,0.01,0.0,0.0,75637.18,1776617395000
1776617397.924,297.924,0.99,0.99,0.01,0.01,0.0,0.0,75635.52,1776617396000
1776617398.666,298.666,0.99,0.99,0.01,0.01,0.0,0.0,75634.74,1776617397000
1776617399.31,299.31,0.99,0.99,0.01,0.01,0.0,0.0,75634.8,1776617398000
1776617400.609,300.609,0.99,0.99,0.01,0.01,0.0,0.0,75634.06,1776617399000

# RESULT,winner=Up,slug=btc-updown-5m-1776617100,ticks=660
