timestamp,elapsed_sec,up_bid,up_ask,down_bid,down_ask,up_spread,down_spread,btc_price,btc_oracle_ts
1776922200.668,0.668,0.61,0.62,0.38,0.39,0.01,0.01,77927.12,1776922199000
1776922201.008,1.008,0.61,0.62,0.38,0.39,0.01,0.01,77927.12,1776922199000
1776922201.367,1.367,0.6,0.61,0.39,0.4,0.01,0.01,77923.87,1776922200000
1776922201.705,1.705,0.6,0.61,0.39,0.4,0.01,0.01,77923.87,1776922200000
1776922202.242,2.242,0.58,0.59,0.39,0.4,0.01,0.01,77923.87,1776922200000
1776922202.643,2.643,0.56,0.57,0.41,0.43,0.01,0.02,77923.93,1776922201000
1776922202.976,2.976,0.56,0.57,0.43,0.44,0.01,0.01,77923.93,1776922201000
1776922203.414,3.414,0.54,0.55,0.43,0.46,0.01,0.03,77924.47,1776922202000
1776922203.782,3.782,0.54,0.55,0.45,0.46,0.01,0.01,77924.47,1776922202000
1776922204.174,4.174,0.54,0.55,0.45,0.46,0.01,0.01,77924.09,1776922203000
1776922204.509,4.509,0.53,0.54,0.45,0.47,0.01,0.02,77924.09,1776922203000
1776922204.852,4.852,0.51,0.54,0.46,0.47,0.03,0.01,77924.09,1776922203000
1776922205.251,5.251,0.51,0.52,0.48,0.49,0.01,0.01,77920.48,1776922204000
1776922205.587,5.587,0.51,0.52,0.48,0.49,0.01,0.01,77920.48,1776922204000
1776922205.963,5.963,0.49,0.5,0.5,0.51,0.01,0.01,77920.48,1776922204000
1776922206.386,6.386,0.49,0.5,0.5,0.51,0.01,0.01,77920.48,1776922204000
1776922206.752,6.752,0.49,0.5,0.5,0.51,0.01,0.01,77920.48,1776922204000
1776922207.242,7.242,0.46,0.47,0.53,0.54,0.01,0.01,77920.48,1776922204000
1776922207.589,7.589,0.46,0.47,0.53,0.54,0.01,0.01,77911.51,1776922206000
1776922207.936,7.936,0.46,0.47,0.53,0.54,0.01,0.01,77911.51,1776922206000
1776922208.3,8.3,0.46,0.47,0.53,0.54,0.01,0.01,77909.89,1776922207000
1776922208.694,8.694,0.46,0.47,0.53,0.54,0.01,0.01,77909.89,1776922207000
1776922209.153,9.153,0.46,0.47,0.53,0.54,0.01,0.01,77909.89,1776922207000
1776922209.562,9.562,0.45,0.47,0.53,0.54,0.02,0.01,77903.27,1776922208000
1776922209.93,9.93,0.45,0.46,0.54,0.55,0.01,0.01,77903.27,1776922208000
1776922210.389,10.389,0.45,0.46,0.54,0.55,0.01,0.01,77903.27,1776922208000
1776922210.861,10.861,0.42,0.44,0.56,0.57,0.02,0.01,77902.1,1776922209000
1776922211.214,11.214,0.41,0.42,0.58,0.59,0.01,0.01,77901.23,1776922210000
1776922211.573,11.573,0.41,0.42,0.58,0.59,0.01,0.01,77901.23,1776922210000
1776922212.151,12.151,0.41,0.42,0.58,0.59,0.01,0.01,77901.23,1776922210000
1776922212.545,12.545,0.41,0.42,0.58,0.59,0.01,0.01,77901.23,1776922211000
1776922212.974,12.974,0.41,0.42,0.58,0.59,0.01,0.01,77901.23,1776922211000
1776922213.38,13.38,0.41,0.42,0.58,0.59,0.01,0.01,77901.23,1776922211000
1776922213.814,13.814,0.41,0.42,0.58,0.59,0.01,0.01,77900.79,1776922212000
1776922214.7,14.7,0.41,0.42,0.58,0.59,0.01,0.01,77900.76,1776922213000
1776922215.068,15.068,0.41,0.42,0.58,0.59,0.01,0.01,77900.76,1776922213000
1776922215.424,15.424,0.41,0.42,0.58,0.59,0.01,0.01,77900.78,1776922214000
1776922215.882,15.882,0.34,0.41,0.59,0.66,0.07,0.07,77900.78,1776922214000
1776922216.216,16.216,0.35,0.36,0.64,0.65,0.01,0.01,77900.78,1776922214000
1776922216.587,16.587,0.35,0.36,0.64,0.65,0.01,0.01,77898.56,1776922215000
1776922216.932,16.932,0.35,0.36,0.64,0.65,0.01,0.01,77896.59,1776922216000
1776922217.52,17.52,0.34,0.35,0.65,0.66,0.01,0.01,77896.59,1776922216000
1776922218.046,18.046,0.33,0.35,0.65,0.67,0.02,0.02,77889,1776922217000
1776922218.511,18.511,0.3,0.31,0.69,0.7,0.01,0.01,77889,1776922217000
1776922219.077,19.077,0.3,0.31,0.69,0.7,0.01,0.01,77889,1776922217000
1776922219.495,19.495,0.29,0.3,0.69,0.71,0.01,0.02,77891,1776922218000
1776922219.828,19.828,0.29,0.3,0.7,0.71,0.01,0.01,77891,1776922218000
1776922220.208,20.208,0.29,0.3,0.7,0.71,0.01,0.01,77891,1776922218000
1776922220.563,20.563,0.29,0.3,0.7,0.71,0.01,0.01,77890.48,1776922219000
1776922221.279,21.279,0.29,0.3,0.7,0.71,0.01,0.01,77887.56,1776922220000
1776922221.713,21.713,0.27,0.28,0.71,0.73,0.01,0.02,77887.56,1776922220000
1776922222.319,22.319,0.26,0.27,0.72,0.73,0.01,0.01,77887.56,1776922220000
1776922222.821,22.821,0.26,0.27,0.73,0.74,0.01,0.01,77887.57,1776922221000
1776922223.16,23.16,0.26,0.27,0.73,0.74,0.01,0.01,77885.55,1776922222000
1776922223.519,23.519,0.26,0.27,0.73,0.74,0.01,0.01,77885.55,1776922222000
1776922224.271,24.271,0.26,0.27,0.73,0.74,0.01,0.01,77885.55,1776922222000
1776922224.754,24.754,0.26,0.27,0.73,0.74,0.01,0.01,77885.55,1776922222000
1776922225.254,25.254,0.26,0.27,0.73,0.74,0.01,0.01,77883.5,1776922223000
1776922225.73,25.73,0.26,0.27,0.73,0.74,0.01,0.01,77883.96,1776922224000
1776922226.189,26.189,0.26,0.27,0.73,0.74,0.01,0.01,77884.24,1776922225000
1776922226.694,26.694,0.26,0.27,0.73,0.74,0.01,0.01,77884.24,1776922225000
1776922227.065,27.065,0.26,0.27,0.73,0.74,0.01,0.01,77884.24,1776922225000
1776922227.499,27.499,0.27,0.28,0.72,0.73,0.01,0.01,77884.24,1776922225000
1776922227.838,27.838,0.27,0.28,0.72,0.73,0.01,0.01,77884.15,1776922226000
1776922228.294,28.294,0.27,0.28,0.72,0.73,0.01,0.01,77884.15,1776922226000
1776922229.155,29.155,0.27,0.28,0.72,0.73,0.01,0.01,77884.3,1776922227000
1776922229.497,29.497,0.27,0.28,0.72,0.73,0.01,0.01,77884.3,1776922227000
1776922229.859,29.859,0.27,0.28,0.72,0.73,0.01,0.01,77884.36,1776922228000
1776922230.214,30.214,0.26,0.27,0.72,0.74,0.01,0.02,77884.36,1776922228000
1776922230.55,30.55,0.25,0.26,0.73,0.75,0.01,0.02,77884.38,1776922229000
1776922231.219,31.219,0.24,0.25,0.75,0.76,0.01,0.01,77884.38,1776922229000
1776922231.579,31.579,0.24,0.25,0.75,0.76,0.01,0.01,77884.38,1776922229000
1776922231.997,31.997,0.24,0.25,0.75,0.76,0.01,0.01,77882.44,1776922230000
1776922232.36,32.36,0.24,0.26,0.74,0.76,0.02,0.02,77882.44,1776922230000
1776922232.901,32.901,0.25,0.26,0.74,0.75,0.01,0.01,77881.33,1776922231000
1776922233.238,33.238,0.25,0.26,0.74,0.75,0.01,0.01,77873.98,1776922232000
1776922233.619,33.619,0.25,0.26,0.74,0.75,0.01,0.01,77873.98,1776922232000
1776922234.252,34.252,0.25,0.26,0.74,0.75,0.01,0.01,77873.98,1776922232000
1776922234.628,34.628,0.25,0.26,0.74,0.75,0.01,0.01,77875.62,1776922233000
1776922235.134,35.134,0.25,0.26,0.74,0.75,0.01,0.01,77875.62,1776922233000
1776922235.476,35.476,0.25,0.26,0.74,0.75,0.01,0.01,77873.09,1776922234000
1776922235.867,35.867,0.25,0.26,0.74,0.75,0.01,0.01,77873.09,1776922234000
1776922236.256,36.256,0.23,0.26,0.74,0.75,0.03,0.01,77873.09,1776922234000
1776922236.782,36.782,0.23,0.24,0.76,0.77,0.01,0.01,77873.12,1776922235000
1776922237.161,37.161,0.23,0.24,0.76,0.77,0.01,0.01,77873.12,1776922236000
1776922237.521,37.521,0.23,0.24,0.76,0.77,0.01,0.01,77873.12,1776922236000
1776922237.92,37.92,0.24,0.25,0.76,0.77,0.01,0.01,77873.12,1776922236000
1776922238.281,38.281,0.25,0.26,0.74,0.75,0.01,0.01,77873.12,1776922236000
1776922238.771,38.771,0.25,0.26,0.74,0.75,0.01,0.01,77873.15,1776922237000
1776922239.186,39.186,0.25,0.26,0.74,0.75,0.01,0.01,77873.15,1776922238000
1776922239.911,39.911,0.25,0.26,0.74,0.75,0.01,0.01,77873.15,1776922238000
1776922240.266,40.266,0.25,0.26,0.74,0.75,0.01,0.01,77873.05,1776922239000
1776922240.627,40.627,0.25,0.26,0.74,0.75,0.01,0.01,77873.05,1776922239000
1776922241.154,41.154,0.25,0.26,0.74,0.75,0.01,0.01,77873.05,1776922239000
1776922241.516,41.516,0.25,0.26,0.74,0.75,0.01,0.01,77873.05,1776922239000
1776922241.928,41.928,0.25,0.26,0.74,0.75,0.01,0.01,77872.27,1776922240000
1776922242.354,42.354,0.25,0.26,0.74,0.75,0.01,0.01,77872.27,1776922241000
1776922242.82,42.82,0.25,0.26,0.74,0.75,0.01,0.01,77872.27,1776922241000
1776922243.155,43.155,0.24,0.25,0.75,0.76,0.01,0.01,77872.27,1776922241000
1776922243.742,43.742,0.24,0.25,0.75,0.76,0.01,0.01,77867.97,1776922242000
1776922244.129,44.129,0.24,0.25,0.75,0.76,0.01,0.01,77866.98,1776922243000
1776922244.768,44.768,0.24,0.25,0.75,0.76,0.01,0.01,77866.98,1776922243000
1776922245.256,45.256,0.24,0.25,0.75,0.76,0.01,0.01,77866.91,1776922244000
1776922245.969,45.969,0.24,0.25,0.75,0.76,0.01,0.01,77866.91,1776922244000
1776922246.62,46.62,0.23,0.26,0.74,0.77,0.03,0.03,77866.92,1776922245000
1776922247.071,47.071,0.23,0.24,0.76,0.77,0.01,0.01,77866.92,1776922245000
1776922247.414,47.414,0.21,0.23,0.76,0.79,0.02,0.03,77866.92,1776922245000
1776922247.749,47.749,0.2,0.21,0.79,0.8,0.01,0.01,77866.93,1776922246000
1776922248.152,48.152,0.2,0.21,0.79,0.8,0.01,0.01,77866.93,1776922246000
1776922248.528,48.528,0.17,0.21,0.79,0.82,0.04,0.03,77866.94,1776922247000
1776922248.883,48.883,0.18,0.19,0.81,0.82,0.01,0.01,77866.94,1776922247000
1776922249.317,49.317,0.21,0.22,0.78,0.8,0.01,0.02,77866.94,1776922247000
1776922249.661,49.661,0.23,0.24,0.76,0.77,0.01,0.01,77862.39,1776922248000
1776922250.081,50.081,0.23,0.24,0.76,0.77,0.01,0.01,77862.39,1776922248000
1776922250.438,50.438,0.23,0.25,0.76,0.77,0.02,0.01,77857.56,1776922249000
1776922250.788,50.788,0.25,0.26,0.74,0.75,0.01,0.01,77857.56,1776922249000
1776922251.229,51.229,0.25,0.26,0.74,0.75,0.01,0.01,77857.56,1776922249000
1776922251.565,51.565,0.25,0.26,0.74,0.75,0.01,0.01,77858.17,1776922250000
1776922252.183,52.183,0.25,0.26,0.74,0.75,0.01,0.01,77858.17,1776922250000
1776922252.524,52.524,0.25,0.26,0.74,0.75,0.01,0.01,77863.91,1776922251000
1776922253.056,53.056,0.23,0.24,0.76,0.77,0.01,0.01,77863.91,1776922251000
1776922253.467,53.467,0.26,0.27,0.73,0.74,0.01,0.01,77865.18,1776922252000
1776922253.848,53.848,0.27,0.28,0.72,0.73,0.01,0.01,77865.18,1776922252000
1776922254.187,54.187,0.29,0.3,0.7,0.71,0.01,0.01,77866.03,1776922253000
1776922254.641,54.641,0.29,0.3,0.7,0.71,0.01,0.01,77866.03,1776922253000
1776922255.045,55.045,0.29,0.3,0.7,0.71,0.01,0.01,77866.03,1776922253000
1776922255.486,55.486,0.29,0.3,0.7,0.71,0.01,0.01,77866.03,1776922253000
1776922255.92,55.92,0.29,0.3,0.7,0.71,0.01,0.01,77872.66,1776922254000
1776922256.404,56.404,0.29,0.3,0.7,0.71,0.01,0.01,77872.66,1776922254000
1776922256.835,56.835,0.3,0.31,0.69,0.7,0.01,0.01,77876.23,1776922255000
1776922257.314,57.314,0.3,0.31,0.69,0.7,0.01,0.01,77876.32,1776922256000
1776922258.013,58.013,0.3,0.31,0.69,0.7,0.01,0.01,77876.32,1776922256000
1776922258.509,58.509,0.3,0.32,0.68,0.7,0.02,0.02,77878.34,1776922257000
1776922258.867,58.867,0.31,0.34,0.68,0.69,0.03,0.01,77878.34,1776922257000
1776922259.208,59.208,0.31,0.35,0.65,0.69,0.04,0.04,77878.4,1776922258000
1776922259.67,59.67,0.34,0.35,0.65,0.66,0.01,0.01,77878.4,1776922258000
1776922260.121,60.121,0.34,0.35,0.65,0.66,0.01,0.01,77878.4,1776922258000
1776922260.503,60.503,0.34,0.35,0.65,0.66,0.01,0.01,77880.71,1776922259000
1776922261.319,61.319,0.34,0.35,0.65,0.66,0.01,0.01,77883.92,1776922260000
1776922261.668,61.668,0.34,0.36,0.65,0.66,0.02,0.01,77883.92,1776922260000
1776922262.122,62.122,0.38,0.39,0.61,0.62,0.01,0.01,77883.92,1776922260000
1776922262.485,62.485,0.38,0.39,0.61,0.62,0.01,0.01,77900.5,1776922261000
1776922262.917,62.917,0.38,0.4,0.6,0.62,0.02,0.02,77900.5,1776922261000
1776922263.283,63.283,0.41,0.44,0.56,0.59,0.03,0.03,77907.05,1776922262000
1776922263.719,63.719,0.4,0.44,0.56,0.59,0.04,0.03,77907.05,1776922262000
1776922264.053,64.053,0.39,0.5,0.51,0.61,0.11,0.1,77907.05,1776922262000
1776922264.405,64.405,0.5,0.52,0.47,0.58,0.02,0.11,77907.05,1776922262000
1776922264.879,64.879,0.5,0.52,0.48,0.5,0.02,0.02,77918.61,1776922263000
1776922265.214,65.214,0.51,0.55,0.45,0.49,0.04,0.04,77918.61,1776922263000
1776922265.576,65.576,0.54,0.55,0.45,0.46,0.01,0.01,77923.77,1776922264000
1776922266.01,66.01,0.54,0.55,0.45,0.46,0.01,0.01,77923.77,1776922264000
1776922266.353,66.353,0.54,0.55,0.45,0.46,0.01,0.01,77923.77,1776922264000
1776922266.784,66.784,0.52,0.53,0.45,0.46,0.01,0.01,77923.86,1776922265000
1776922267.159,67.159,0.45,0.48,0.52,0.54,0.03,0.02,77923.86,1776922265000
1776922267.506,67.506,0.44,0.46,0.54,0.56,0.02,0.02,77923.84,1776922266000
1776922267.866,67.866,0.43,0.44,0.56,0.57,0.01,0.01,77923.84,1776922266000
1776922268.276,68.276,0.42,0.43,0.56,0.58,0.01,0.02,77923.84,1776922266000
1776922268.623,68.623,0.42,0.43,0.57,0.58,0.01,0.01,77921.58,1776922267000
1776922269.06,69.06,0.42,0.43,0.57,0.58,0.01,0.01,77921.58,1776922267000
1776922269.928,69.928,0.42,0.43,0.57,0.58,0.01,0.01,77913.99,1776922268000
1776922270.284,70.284,0.44,0.48,0.52,0.56,0.04,0.04,77913.99,1776922268000
1776922270.916,70.916,0.44,0.48,0.52,0.56,0.04,0.04,77909.97,1776922269000
1776922271.335,71.335,0.47,0.48,0.52,0.53,0.01,0.01,77912.73,1776922270000
1776922271.668,71.668,0.45,0.48,0.52,0.55,0.03,0.03,77912.73,1776922270000
1776922272.004,72.004,0.45,0.47,0.54,0.55,0.02,0.01,77912.73,1776922270000
1776922272.348,72.348,0.51,0.54,0.46,0.51,0.03,0.05,77912.73,1776922270000
1776922272.691,72.691,0.53,0.55,0.43,0.47,0.02,0.04,77912.73,1776922270000
1776922273.072,73.072,0.54,0.56,0.44,0.46,0.02,0.02,77918.06,1776922271000
1776922273.423,73.423,0.56,0.57,0.44,0.46,0.01,0.02,77920.17,1776922272000
1776922273.887,73.887,0.56,0.57,0.43,0.44,0.01,0.01,77920.17,1776922272000
1776922274.266,74.266,0.56,0.57,0.43,0.44,0.01,0.01,77920.17,1776922272000
1776922274.601,74.601,0.53,0.54,0.43,0.45,0.01,0.02,77922.07,1776922273000
1776922275.014,75.014,0.52,0.53,0.47,0.48,0.01,0.01,77922.8,1776922274000
1776922275.413,75.413,0.51,0.53,0.47,0.48,0.02,0.01,77922.8,1776922274000
1776922275.757,75.757,0.51,0.52,0.48,0.49,0.01,0.01,77922.8,1776922274000
1776922276.19,76.19,0.5,0.52,0.48,0.5,0.02,0.02,77921.67,1776922275000
1776922276.525,76.525,0.49,0.51,0.49,0.51,0.02,0.02,77921.67,1776922275000
1776922277.01,77.01,0.49,0.5,0.5,0.51,0.01,0.01,77921.67,1776922275000
1776922277.386,77.386,0.49,0.5,0.5,0.51,0.01,0.01,77920.16,1776922276000
1776922277.81,77.81,0.49,0.5,0.5,0.51,0.01,0.01,77920.16,1776922276000
1776922278.339,78.339,0.49,0.5,0.5,0.51,0.01,0.01,77918.87,1776922277000
1776922278.841,78.841,0.49,0.5,0.5,0.51,0.01,0.01,77918.87,1776922277000
1776922279.209,79.209,0.49,0.5,0.5,0.51,0.01,0.01,77918.87,1776922277000
1776922279.636,79.636,0.49,0.5,0.5,0.51,0.01,0.01,77918.87,1776922277000
1776922280.066,80.066,0.49,0.5,0.5,0.51,0.01,0.01,77917.54,1776922278000
1776922280.87,80.87,0.49,0.5,0.5,0.51,0.01,0.01,77917.54,1776922279000
1776922281.413,81.413,0.49,0.5,0.5,0.51,0.01,0.01,77917.64,1776922280000
1776922281.967,81.967,0.48,0.49,0.5,0.52,0.01,0.02,77917.64,1776922280000
1776922282.323,82.323,0.48,0.49,0.51,0.52,0.01,0.01,77917.56,1776922281000
1776922282.99,82.99,0.48,0.49,0.51,0.52,0.01,0.01,77917.56,1776922281000
1776922283.521,83.521,0.48,0.49,0.51,0.52,0.01,0.01,77917.48,1776922282000
1776922283.973,83.973,0.48,0.49,0.51,0.52,0.01,0.01,77917.48,1776922282000
1776922284.377,84.377,0.48,0.49,0.51,0.52,0.01,0.01,77916.81,1776922283000
1776922284.716,84.716,0.48,0.49,0.51,0.52,0.01,0.01,77916.81,1776922283000
1776922285.055,85.055,0.48,0.49,0.51,0.52,0.01,0.01,77916.47,1776922284000
1776922285.395,85.395,0.46,0.48,0.51,0.54,0.02,0.03,77916.47,1776922284000
1776922285.747,85.747,0.43,0.47,0.53,0.57,0.04,0.04,77916.47,1776922284000
1776922286.08,86.08,0.41,0.43,0.57,0.58,0.02,0.01,77916.47,1776922284000
1776922286.462,86.462,0.41,0.42,0.58,0.6,0.01,0.02,77915.37,1776922285000
1776922286.796,86.796,0.4,0.42,0.58,0.59,0.02,0.01,77915.37,1776922285000
1776922287.151,87.151,0.38,0.39,0.61,0.62,0.01,0.01,77915.17,1776922286000
1776922287.549,87.549,0.38,0.39,0.61,0.62,0.01,0.01,77915.17,1776922286000
1776922287.883,87.883,0.35,0.39,0.61,0.64,0.04,0.03,77915.17,1776922286000
1776922288.524,88.524,0.35,0.36,0.64,0.65,0.01,0.01,77906.25,1776922287000
1776922288.905,88.905,0.35,0.36,0.64,0.65,0.01,0.01,77906.25,1776922287000
1776922289.77,89.77,0.35,0.36,0.64,0.65,0.01,0.01,77905.72,1776922288000
1776922290.179,90.179,0.35,0.36,0.64,0.65,0.01,0.01,77899.94,1776922289000
1776922290.981,90.981,0.35,0.36,0.64,0.65,0.01,0.01,77899.34,1776922290000
1776922291.927,91.927,0.35,0.36,0.64,0.65,0.01,0.01,77899.36,1776922291000
1776922292.268,92.268,0.28,0.31,0.69,0.72,0.03,0.03,77899.36,1776922291000
1776922292.64,92.64,0.28,0.29,0.71,0.72,0.01,0.01,77899.36,1776922291000
1776922292.986,92.986,0.28,0.29,0.71,0.72,0.01,0.01,77899.18,1776922292000
1776922293.341,93.341,0.28,0.29,0.71,0.72,0.01,0.01,77899.18,1776922292000
1776922293.867,93.867,0.28,0.29,0.71,0.72,0.01,0.01,77891.55,1776922293000
1776922294.223,94.223,0.28,0.29,0.71,0.72,0.01,0.01,77891.55,1776922293000
1776922294.669,94.669,0.28,0.29,0.71,0.72,0.01,0.01,77891.55,1776922293000
1776922295.177,95.177,0.28,0.29,0.71,0.72,0.01,0.01,77884,1776922294000
1776922295.605,95.605,0.28,0.29,0.71,0.72,0.01,0.01,77884,1776922294000
1776922296.051,96.051,0.28,0.29,0.71,0.72,0.01,0.01,77884.01,1776922295000
1776922296.516,96.516,0.28,0.29,0.71,0.72,0.01,0.01,77884.01,1776922295000
1776922296.869,96.869,0.28,0.29,0.71,0.72,0.01,0.01,77884.01,1776922295000
1776922297.286,97.286,0.27,0.28,0.72,0.73,0.01,0.01,77884.01,1776922295000
1776922298.286,98.286,0.27,0.28,0.72,0.73,0.01,0.01,77884.18,1776922296000
1776922298.835,98.835,0.27,0.28,0.72,0.73,0.01,0.01,77884.01,1776922297000
1776922299.365,99.365,0.25,0.26,0.74,0.75,0.01,0.01,77884.01,1776922297000
1776922299.867,99.867,0.25,0.26,0.74,0.75,0.01,0.01,77884.01,1776922297000
1776922300.215,100.215,0.25,0.26,0.74,0.75,0.01,0.01,77883.99,1776922298000
1776922300.893,100.893,0.25,0.26,0.74,0.75,0.01,0.01,77883.99,1776922299000
1776922301.501,101.501,0.25,0.26,0.74,0.75,0.01,0.01,77883.57,1776922300000
1776922302.083,102.083,0.25,0.26,0.74,0.75,0.01,0.01,77883.56,1776922301000
1776922302.711,102.711,0.25,0.26,0.74,0.75,0.01,0.01,77883.56,1776922301000
1776922303.069,103.069,0.25,0.26,0.74,0.75,0.01,0.01,77883.56,1776922301000
1776922303.704,103.704,0.25,0.26,0.74,0.75,0.01,0.01,77883.68,1776922302000
1776922304.503,104.503,0.25,0.26,0.74,0.75,0.01,0.01,77883.67,1776922303000
1776922304.888,104.888,0.26,0.27,0.73,0.74,0.01,0.01,77883.67,1776922303000
1776922305.329,105.329,0.26,0.27,0.73,0.74,0.01,0.01,77883.67,1776922303000
1776922305.773,105.773,0.26,0.27,0.73,0.74,0.01,0.01,77883.68,1776922304000
1776922306.221,106.221,0.26,0.27,0.73,0.74,0.01,0.01,77883.66,1776922305000
1776922306.682,106.682,0.26,0.27,0.73,0.74,0.01,0.01,77883.66,1776922305000
1776922307.025,107.025,0.29,0.3,0.7,0.71,0.01,0.01,77883.7,1776922306000
1776922307.488,107.488,0.29,0.3,0.7,0.71,0.01,0.01,77883.7,1776922306000
1776922308.192,108.192,0.29,0.3,0.7,0.71,0.01,0.01,77883.68,1776922307000
1776922308.539,108.539,0.29,0.3,0.7,0.71,0.01,0.01,77883.68,1776922307000
1776922308.9,108.9,0.29,0.3,0.7,0.71,0.01,0.01,77883.68,1776922307000
1776922309.283,109.283,0.29,0.3,0.7,0.71,0.01,0.01,77883.96,1776922308000
1776922309.678,109.678,0.29,0.3,0.7,0.71,0.01,0.01,77883.96,1776922308000
1776922310.023,110.023,0.29,0.3,0.7,0.71,0.01,0.01,77883.93,1776922309000
1776922310.38,110.38,0.29,0.3,0.7,0.71,0.01,0.01,77883.93,1776922309000
1776922311.157,111.157,0.27,0.29,0.72,0.73,0.02,0.01,77883.93,1776922309000
1776922311.572,111.572,0.28,0.29,0.71,0.72,0.01,0.01,77884.57,1776922310000
1776922312.355,112.355,0.28,0.29,0.71,0.72,0.01,0.01,77883.98,1776922311000
1776922312.823,112.823,0.28,0.29,0.71,0.72,0.01,0.01,77883.98,1776922311000
1776922313.998,113.998,0.28,0.29,0.71,0.72,0.01,0.01,77883.99,1776922312000
1776922314.539,114.539,0.28,0.29,0.71,0.72,0.01,0.01,77883.99,1776922312000
1776922314.963,114.963,0.27,0.28,0.71,0.72,0.01,0.01,77883.99,1776922313000
1776922315.41,115.41,0.27,0.28,0.72,0.73,0.01,0.01,77883.99,1776922314000
1776922315.831,115.831,0.26,0.27,0.72,0.73,0.01,0.01,77883.99,1776922314000
1776922316.262,116.262,0.26,0.27,0.73,0.74,0.01,0.01,77884.01,1776922315000
1776922316.894,116.894,0.26,0.27,0.73,0.74,0.01,0.01,77884.01,1776922315000
1776922317.637,117.637,0.26,0.27,0.73,0.74,0.01,0.01,77884.01,1776922316000
1776922318.184,118.184,0.26,0.27,0.73,0.74,0.01,0.01,77884.02,1776922317000
1776922318.684,118.684,0.26,0.27,0.73,0.74,0.01,0.01,77884.02,1776922317000
1776922319.136,119.136,0.26,0.27,0.73,0.74,0.01,0.01,77884.02,1776922318000
1776922319.851,119.851,0.26,0.27,0.73,0.74,0.01,0.01,77884.02,1776922318000
1776922320.24,120.24,0.26,0.27,0.73,0.74,0.01,0.01,77884.03,1776922319000
1776922320.67,120.67,0.25,0.26,0.73,0.75,0.01,0.02,77884.03,1776922319000
1776922321.038,121.038,0.25,0.26,0.74,0.75,0.01,0.01,77884.03,1776922319000
1776922321.378,121.378,0.25,0.27,0.73,0.75,0.02,0.02,77884.04,1776922320000
1776922321.853,121.853,0.26,0.27,0.73,0.75,0.01,0.02,77884.04,1776922320000
1776922322.267,122.267,0.26,0.27,0.73,0.74,0.01,0.01,77884.04,1776922321000
1776922322.854,122.854,0.26,0.27,0.73,0.74,0.01,0.01,77884.04,1776922321000
1776922323.286,123.286,0.25,0.26,0.74,0.75,0.01,0.01,77884.04,1776922321000
1776922323.706,123.706,0.25,0.26,0.74,0.75,0.01,0.01,77884.05,1776922322000
1776922324.26,124.26,0.25,0.26,0.74,0.75,0.01,0.01,77884.05,1776922322000
1776922324.817,124.817,0.25,0.26,0.74,0.75,0.01,0.01,77884.05,1776922323000
1776922325.158,125.158,0.24,0.26,0.74,0.75,0.02,0.01,77884.05,1776922323000
1776922325.775,125.775,0.23,0.24,0.74,0.77,0.01,0.03,77884.06,1776922324000
1776922326.374,126.374,0.23,0.25,0.76,0.77,0.02,0.01,77884.06,1776922324000
1776922326.843,126.843,0.24,0.26,0.75,0.76,0.02,0.01,77884.06,1776922325000
1776922327.275,127.275,0.25,0.26,0.74,0.75,0.01,0.01,77880.56,1776922326000
1776922327.98,127.98,0.26,0.27,0.73,0.74,0.01,0.01,77880.56,1776922326000
1776922328.319,128.319,0.26,0.27,0.73,0.74,0.01,0.01,77880.56,1776922326000
1776922328.864,128.864,0.28,0.3,0.71,0.73,0.02,0.02,77880.45,1776922327000
1776922329.603,129.603,0.34,0.36,0.65,0.67,0.02,0.02,77883.07,1776922328000
1776922330.127,130.127,0.35,0.36,0.64,0.65,0.01,0.01,77883.07,1776922328000
1776922330.521,130.521,0.36,0.39,0.61,0.64,0.03,0.03,77884.46,1776922329000
1776922330.983,130.983,0.38,0.39,0.61,0.64,0.01,0.03,77884.46,1776922329000
1776922331.319,131.319,0.38,0.39,0.61,0.62,0.01,0.01,77893.93,1776922330000
1776922331.747,131.747,0.38,0.39,0.61,0.62,0.01,0.01,77893.93,1776922330000
1776922332.273,132.273,0.38,0.39,0.61,0.62,0.01,0.01,77893.93,1776922330000
1776922332.622,132.622,0.42,0.43,0.57,0.58,0.01,0.01,77899.2,1776922331000
1776922332.983,132.983,0.42,0.43,0.57,0.58,0.01,0.01,77899.2,1776922331000
1776922333.379,133.379,0.42,0.43,0.57,0.58,0.01,0.01,77899.2,1776922331000
1776922333.712,133.712,0.42,0.43,0.57,0.58,0.01,0.01,77901.14,1776922332000
1776922334.155,134.155,0.42,0.43,0.57,0.58,0.01,0.01,77901.16,1776922333000
1776922334.534,134.534,0.4,0.43,0.57,0.58,0.03,0.01,77901.16,1776922333000
1776922334.875,134.875,0.39,0.4,0.57,0.6,0.01,0.03,77901.16,1776922333000
1776922335.237,135.237,0.39,0.4,0.6,0.61,0.01,0.01,77902.56,1776922334000
1776922335.656,135.656,0.39,0.4,0.6,0.61,0.01,0.01,77902.56,1776922334000
1776922335.996,135.996,0.39,0.4,0.6,0.61,0.01,0.01,77902.56,1776922334000
1776922336.514,136.514,0.38,0.39,0.6,0.61,0.01,0.01,77902.19,1776922335000
1776922336.913,136.913,0.38,0.39,0.61,0.62,0.01,0.01,77902.19,1776922335000
1776922337.258,137.258,0.38,0.39,0.61,0.62,0.01,0.01,77902.19,1776922335000
1776922337.609,137.609,0.38,0.39,0.61,0.62,0.01,0.01,77899.91,1776922336000
1776922337.99,137.99,0.38,0.39,0.61,0.62,0.01,0.01,77899.91,1776922336000
1776922338.339,138.339,0.38,0.39,0.61,0.62,0.01,0.01,77899.69,1776922337000
1776922338.703,138.703,0.38,0.39,0.61,0.62,0.01,0.01,77899.69,1776922337000
1776922339.075,139.075,0.38,0.39,0.61,0.62,0.01,0.01,77899.69,1776922337000
1776922339.41,139.41,0.37,0.38,0.61,0.63,0.01,0.02,77899.09,1776922338000
1776922339.855,139.855,0.36,0.38,0.62,0.63,0.02,0.01,77899.09,1776922338000
1776922340.195,140.195,0.29,0.31,0.69,0.71,0.02,0.02,77898.34,1776922339000
1776922340.703,140.703,0.27,0.28,0.72,0.73,0.01,0.01,77898.34,1776922339000
1776922341.045,141.045,0.26,0.28,0.72,0.74,0.02,0.02,77898.34,1776922339000
1776922341.389,141.389,0.26,0.27,0.73,0.74,0.01,0.01,77898.91,1776922340000
1776922341.828,141.828,0.26,0.27,0.73,0.74,0.01,0.01,77898.91,1776922340000
1776922342.193,142.193,0.26,0.27,0.73,0.74,0.01,0.01,77898.91,1776922340000
1776922342.533,142.533,0.26,0.27,0.73,0.74,0.01,0.01,77895.54,1776922341000
1776922342.874,142.874,0.26,0.27,0.73,0.74,0.01,0.01,77895.54,1776922341000
1776922343.249,143.249,0.26,0.27,0.73,0.74,0.01,0.01,77895.54,1776922341000
1776922343.59,143.59,0.26,0.27,0.73,0.74,0.01,0.01,77890.2,1776922342000
1776922343.98,143.98,0.26,0.27,0.73,0.74,0.01,0.01,77890.2,1776922342000
1776922344.413,144.413,0.24,0.25,0.75,0.76,0.01,0.01,77890.2,1776922342000
1776922344.822,144.822,0.23,0.24,0.75,0.76,0.01,0.01,77889.34,1776922343000
1776922345.179,145.179,0.22,0.23,0.77,0.78,0.01,0.01,77889.34,1776922344000
1776922345.719,145.719,0.22,0.23,0.77,0.78,0.01,0.01,77889.34,1776922344000
1776922346.115,146.115,0.22,0.23,0.77,0.78,0.01,0.01,77889.34,1776922344000
1776922346.579,146.579,0.22,0.23,0.77,0.78,0.01,0.01,77889.05,1776922345000
1776922346.918,146.918,0.22,0.23,0.77,0.78,0.01,0.01,77889.05,1776922345000
1776922347.267,147.267,0.22,0.23,0.77,0.78,0.01,0.01,77889.05,1776922345000
1776922347.733,147.733,0.22,0.23,0.77,0.78,0.01,0.01,77881.15,1776922346000
1776922348.195,148.195,0.2,0.21,0.79,0.8,0.01,0.01,77880.91,1776922347000
1776922348.539,148.539,0.2,0.21,0.79,0.8,0.01,0.01,77880.91,1776922347000
1776922348.921,148.921,0.2,0.21,0.79,0.8,0.01,0.01,77880.91,1776922347000
1776922349.373,149.373,0.2,0.21,0.79,0.8,0.01,0.01,77880.51,1776922348000
1776922349.706,149.706,0.2,0.21,0.79,0.8,0.01,0.01,77880.51,1776922348000
1776922350.078,150.078,0.2,0.21,0.79,0.8,0.01,0.01,77880.51,1776922348000
1776922350.415,150.415,0.2,0.21,0.79,0.8,0.01,0.01,77876.56,1776922349000
1776922351.181,151.181,0.22,0.23,0.77,0.78,0.01,0.01,77874.74,1776922350000
1776922351.623,151.623,0.2,0.21,0.79,0.8,0.01,0.01,77874.74,1776922350000
1776922352.008,152.008,0.2,0.21,0.79,0.8,0.01,0.01,77874.74,1776922350000
1776922352.676,152.676,0.2,0.21,0.79,0.8,0.01,0.01,77875.88,1776922351000
1776922353.069,153.069,0.2,0.21,0.79,0.8,0.01,0.01,77875.87,1776922352000
1776922353.998,153.998,0.2,0.21,0.79,0.8,0.01,0.01,77875.87,1776922352000
1776922354.339,154.339,0.2,0.21,0.79,0.8,0.01,0.01,77875.0,1776922353000
1776922354.791,154.791,0.2,0.21,0.79,0.8,0.01,0.01,77875.0,1776922353000
1776922355.166,155.166,0.18,0.21,0.79,0.8,0.03,0.01,77875.0,1776922353000
1776922355.55,155.55,0.19,0.21,0.79,0.81,0.02,0.02,77875.88,1776922354000
1776922355.972,155.972,0.19,0.2,0.79,0.81,0.01,0.02,77875.88,1776922354000
1776922356.338,156.338,0.19,0.2,0.8,0.81,0.01,0.01,77875.88,1776922354000
1776922356.691,156.691,0.19,0.2,0.8,0.81,0.01,0.01,77875.88,1776922354000
1776922357.025,157.025,0.19,0.2,0.8,0.81,0.01,0.01,77871.69,1776922355000
1776922357.361,157.361,0.19,0.2,0.8,0.81,0.01,0.01,77871.72,1776922356000
1776922357.742,157.742,0.19,0.2,0.8,0.81,0.01,0.01,77871.72,1776922356000
1776922358.252,158.252,0.19,0.2,0.8,0.81,0.01,0.01,77871.72,1776922356000
1776922358.725,158.725,0.19,0.2,0.8,0.81,0.01,0.01,77869.68,1776922357000
1776922359.23,159.23,0.19,0.2,0.8,0.81,0.01,0.01,77870.49,1776922358000
1776922359.864,159.864,0.2,0.21,0.79,0.8,0.01,0.01,77870.49,1776922358000
1776922360.273,160.273,0.2,0.21,0.79,0.8,0.01,0.01,77870.49,1776922358000
1776922360.67,160.67,0.2,0.22,0.79,0.8,0.02,0.01,77870.81,1776922359000
1776922361.042,161.042,0.21,0.22,0.78,0.79,0.01,0.01,77870.81,1776922359000
1776922361.47,161.47,0.2,0.21,0.79,0.8,0.01,0.01,77870.82,1776922360000
1776922361.803,161.803,0.2,0.21,0.79,0.8,0.01,0.01,77870.82,1776922360000
1776922362.234,162.234,0.2,0.21,0.79,0.8,0.01,0.01,77874.39,1776922361000
1776922363.039,163.039,0.17,0.18,0.79,0.8,0.01,0.01,77874.39,1776922361000
1776922363.643,163.643,0.17,0.18,0.82,0.83,0.01,0.01,77874.47,1776922362000
1776922363.991,163.991,0.16,0.18,0.82,0.84,0.02,0.02,77874.47,1776922362000
1776922364.326,164.326,0.12,0.16,0.84,0.87,0.04,0.03,77867.04,1776922363000
1776922364.797,164.797,0.11,0.13,0.87,0.89,0.02,0.02,77867.04,1776922363000
1776922365.133,165.133,0.1,0.16,0.84,0.9,0.06,0.06,77867.04,1776922363000
1776922365.486,165.486,0.1,0.11,0.89,0.9,0.01,0.01,77844.6,1776922364000
1776922365.867,165.867,0.1,0.11,0.89,0.9,0.01,0.01,77844.6,1776922364000
1776922366.202,166.202,0.1,0.11,0.89,0.9,0.01,0.01,77844.6,1776922364000
1776922366.538,166.538,0.1,0.11,0.89,0.9,0.01,0.01,77840.53,1776922365000
1776922366.937,166.937,0.09,0.1,0.9,0.91,0.01,0.01,77840.53,1776922365000
1776922367.308,167.308,0.09,0.1,0.9,0.91,0.01,0.01,77834.65,1776922366000
1776922367.653,167.653,0.09,0.1,0.9,0.91,0.01,0.01,77834.65,1776922366000
1776922367.987,167.987,0.08,0.1,0.9,0.91,0.02,0.01,77834.65,1776922366000
1776922368.457,168.457,0.08,0.09,0.91,0.92,0.01,0.01,77835.6,1776922367000
1776922368.824,168.824,0.08,0.09,0.91,0.92,0.01,0.01,77835.6,1776922367000
1776922369.212,169.212,0.08,0.09,0.91,0.92,0.01,0.01,77835.6,1776922367000
1776922369.606,169.606,0.07,0.08,0.91,0.93,0.01,0.02,77835.6,1776922367000
1776922369.952,169.952,0.07,0.08,0.92,0.93,0.01,0.01,77836.02,1776922368000
1776922370.286,170.286,0.07,0.08,0.92,0.93,0.01,0.01,77835.47,1776922369000
1776922370.65,170.65,0.07,0.08,0.92,0.93,0.01,0.01,77835.47,1776922369000
1776922371.021,171.021,0.07,0.08,0.92,0.93,0.01,0.01,77835.47,1776922369000
1776922371.362,171.362,0.07,0.08,0.92,0.93,0.01,0.01,77834.45,1776922370000
1776922371.911,171.911,0.07,0.08,0.92,0.93,0.01,0.01,77834.45,1776922370000
1776922372.258,172.258,0.07,0.08,0.92,0.93,0.01,0.01,77834.95,1776922371000
1776922372.763,172.763,0.07,0.08,0.92,0.93,0.01,0.01,77834.95,1776922371000
1776922373.196,173.196,0.07,0.08,0.92,0.93,0.01,0.01,77835.63,1776922372000
1776922373.567,173.567,0.07,0.08,0.92,0.93,0.01,0.01,77835.63,1776922372000
1776922373.904,173.904,0.07,0.08,0.92,0.93,0.01,0.01,77835.63,1776922372000
1776922374.253,174.253,0.07,0.08,0.92,0.93,0.01,0.01,77835.41,1776922373000
1776922374.586,174.586,0.07,0.08,0.92,0.93,0.01,0.01,77835.41,1776922373000
1776922374.927,174.927,0.07,0.08,0.92,0.93,0.01,0.01,77835.41,1776922373000
1776922375.268,175.268,0.07,0.08,0.92,0.93,0.01,0.01,77834.14,1776922374000
1776922375.605,175.605,0.07,0.08,0.92,0.93,0.01,0.01,77834.14,1776922374000
1776922375.945,175.945,0.07,0.08,0.92,0.93,0.01,0.01,77834.14,1776922374000
1776922376.287,176.287,0.07,0.08,0.92,0.93,0.01,0.01,77834.57,1776922375000
1776922376.627,176.627,0.07,0.08,0.92,0.93,0.01,0.01,77834.57,1776922375000
1776922376.97,176.97,0.07,0.08,0.92,0.93,0.01,0.01,77834.57,1776922375000
1776922377.308,177.308,0.06,0.07,0.93,0.94,0.01,0.01,77833.53,1776922376000
1776922377.664,177.664,0.06,0.07,0.93,0.94,0.01,0.01,77833.53,1776922376000
1776922377.997,177.997,0.06,0.07,0.93,0.94,0.01,0.01,77833.53,1776922376000
1776922378.363,178.363,0.06,0.07,0.93,0.94,0.01,0.01,77834.35,1776922377000
1776922378.794,178.794,0.05,0.07,0.93,0.94,0.02,0.01,77834.35,1776922377000
1776922379.136,179.136,0.05,0.06,0.94,0.95,0.01,0.01,77834.05,1776922378000
1776922379.522,179.522,0.05,0.06,0.94,0.95,0.01,0.01,77834.05,1776922378000
1776922380.052,180.052,0.05,0.06,0.94,0.95,0.01,0.01,77834.05,1776922378000
1776922380.459,180.459,0.05,0.06,0.94,0.95,0.01,0.01,77834.46,1776922379000
1776922380.841,180.841,0.05,0.06,0.94,0.95,0.01,0.01,77834.46,1776922379000
1776922381.257,181.257,0.05,0.06,0.94,0.95,0.01,0.01,77833.13,1776922380000
1776922381.615,181.615,0.05,0.06,0.94,0.95,0.01,0.01,77833.13,1776922380000
1776922382.372,182.372,0.04,0.05,0.94,0.96,0.01,0.02,77833.13,1776922380000
1776922382.737,182.737,0.04,0.06,0.94,0.96,0.02,0.02,77833.13,1776922380000
1776922383.075,183.075,0.05,0.06,0.94,0.95,0.01,0.01,77832.92,1776922381000
1776922383.496,183.496,0.05,0.06,0.94,0.95,0.01,0.01,77832.92,1776922381000
1776922384.338,184.338,0.05,0.06,0.94,0.95,0.01,0.01,77832.23,1776922383000
1776922385.376,185.376,0.05,0.06,0.94,0.95,0.01,0.01,77832.23,1776922383000
1776922385.729,185.729,0.02,0.04,0.95,0.98,0.02,0.03,77832.23,1776922383000
1776922386.389,186.389,0.02,0.04,0.96,0.98,0.02,0.02,77810.3,1776922384000
1776922386.754,186.754,0.02,0.03,0.97,0.98,0.01,0.01,77801.39,1776922385000
1776922387.091,187.091,0.02,0.03,0.97,0.98,0.01,0.01,77801.39,1776922385000
1776922387.435,187.435,0.02,0.03,0.97,0.98,0.01,0.01,77801.87,1776922386000
1776922387.799,187.799,0.02,0.03,0.97,0.98,0.01,0.01,77801.87,1776922386000
1776922388.172,188.172,0.01,0.02,0.98,0.99,0.01,0.01,77801.87,1776922386000
1776922388.533,188.533,0.01,0.02,0.98,0.99,0.01,0.01,77803.98,1776922387000
1776922389.227,189.227,0.01,0.02,0.98,0.99,0.01,0.01,77803.96,1776922388000
1776922389.589,189.589,0.01,0.02,0.98,0.99,0.01,0.01,77803.96,1776922388000
1776922390.046,190.046,0.01,0.02,0.98,0.99,0.01,0.01,77803.96,1776922388000
1776922390.592,190.592,0.01,0.02,0.98,0.99,0.01,0.01,77803.98,1776922389000
1776922390.97,190.97,0.01,0.02,0.98,0.99,0.01,0.01,77803.98,1776922389000
1776922391.323,191.323,0.01,0.02,0.98,0.99,0.01,0.01,77803.98,1776922390000
1776922391.95,191.95,0.01,0.02,0.98,0.99,0.01,0.01,77803.98,1776922390000
1776922392.468,192.468,0.01,0.02,0.98,0.99,0.01,0.01,77803.98,1776922390000
1776922392.936,192.936,0.01,0.02,0.98,0.99,0.01,0.01,77803.87,1776922391000
1776922393.291,193.291,0.01,0.02,0.98,0.99,0.01,0.01,77803.87,1776922392000
1776922393.626,193.626,0.01,0.02,0.98,0.99,0.01,0.01,77803.87,1776922392000
1776922393.998,193.998,0.01,0.03,0.97,0.99,0.02,0.02,77803.87,1776922392000
1776922394.63,194.63,0.02,0.03,0.97,0.99,0.01,0.02,77803.87,1776922392000
1776922395.128,195.128,0.02,0.03,0.97,0.98,0.01,0.01,77803.86,1776922393000
1776922395.492,195.492,0.02,0.03,0.97,0.98,0.01,0.01,77803.86,1776922394000
1776922396.355,196.355,0.02,0.03,0.97,0.98,0.01,0.01,77803.93,1776922395000
1776922396.717,196.717,0.02,0.03,0.97,0.98,0.01,0.01,77803.93,1776922395000
1776922397.075,197.075,0.02,0.03,0.97,0.98,0.01,0.01,77803.93,1776922395000
1776922397.409,197.409,0.02,0.03,0.97,0.98,0.01,0.01,77803.93,1776922395000
1776922398.365,198.365,0.02,0.03,0.97,0.98,0.01,0.01,77810.92,1776922397000
1776922398.738,198.738,0.02,0.03,0.97,0.98,0.01,0.01,77810.92,1776922397000
1776922399.258,199.258,0.02,0.04,0.96,0.98,0.02,0.02,77810.92,1776922397000
1776922399.597,199.597,0.02,0.04,0.96,0.98,0.02,0.02,77813.04,1776922398000
1776922400.577,200.577,0.02,0.04,0.96,0.98,0.02,0.02,77813.06,1776922399000
1776922400.936,200.936,0.01,0.03,0.97,0.98,0.02,0.01,77813.06,1776922399000
1776922401.457,201.457,0.02,0.03,0.97,0.98,0.01,0.01,77813.05,1776922400000
1776922401.816,201.816,0.02,0.03,0.97,0.98,0.01,0.01,77813.05,1776922400000
1776922402.411,202.411,0.01,0.03,0.98,0.99,0.02,0.01,77813.05,1776922400000
1776922402.751,202.751,0.02,0.03,0.97,0.98,0.01,0.01,77817.51,1776922401000
1776922403.124,203.124,0.02,0.03,0.97,0.98,0.01,0.01,77817.51,1776922401000
1776922403.474,203.474,0.02,0.03,0.97,0.98,0.01,0.01,77817.92,1776922402000
1776922403.821,203.821,0.03,0.04,0.96,0.97,0.01,0.01,77817.92,1776922402000
1776922404.256,204.256,0.03,0.04,0.96,0.97,0.01,0.01,77817.92,1776922402000
1776922404.591,204.591,0.02,0.03,0.96,0.98,0.01,0.02,77818.16,1776922403000
1776922404.934,204.934,0.02,0.04,0.96,0.97,0.02,0.01,77818.16,1776922403000
1776922405.33,205.33,0.03,0.04,0.96,0.97,0.01,0.01,77818.47,1776922404000
1776922405.783,205.783,0.03,0.04,0.96,0.97,0.01,0.01,77818.47,1776922404000
1776922406.121,206.121,0.03,0.04,0.96,0.97,0.01,0.01,77818.47,1776922404000
1776922406.456,206.456,0.01,0.03,0.97,0.99,0.02,0.02,77822.06,1776922405000
1776922407.051,207.051,0.01,0.02,0.98,0.99,0.01,0.01,77822.06,1776922405000
1776922407.414,207.414,0.01,0.02,0.98,0.99,0.01,0.01,77822.18,1776922406000
1776922407.774,207.774,0.02,0.03,0.97,0.98,0.01,0.01,77822.18,1776922406000
1776922408.158,208.158,0.02,0.03,0.97,0.98,0.01,0.01,77822.18,1776922406000
1776922408.501,208.501,0.02,0.03,0.97,0.98,0.01,0.01,77818.48,1776922407000
1776922408.851,208.851,0.02,0.03,0.97,0.98,0.01,0.01,77818.48,1776922407000
1776922409.205,209.205,0.02,0.03,0.97,0.98,0.01,0.01,77817.94,1776922408000
1776922409.604,209.604,0.01,0.02,0.98,0.99,0.01,0.01,77817.94,1776922408000
1776922410.061,210.061,0.01,0.02,0.98,0.99,0.01,0.01,77817.94,1776922408000
1776922410.565,210.565,0.01,0.02,0.98,0.99,0.01,0.01,77818.85,1776922409000
1776922411.029,211.029,0.01,0.02,0.98,0.99,0.01,0.01,77818.85,1776922409000
1776922411.453,211.453,0.01,0.02,0.98,0.99,0.01,0.01,77814.94,1776922410000
1776922411.834,211.834,0.01,0.02,0.98,0.99,0.01,0.01,77814.94,1776922410000
1776922412.261,212.261,0.01,0.03,0.97,0.99,0.02,0.02,77809.75,1776922411000
1776922412.629,212.629,0.02,0.03,0.97,0.99,0.01,0.02,77809.75,1776922411000
1776922413.05,213.05,0.01,0.02,0.97,0.99,0.01,0.02,77809.75,1776922411000
1776922413.407,213.407,0.01,0.02,0.97,0.98,0.01,0.01,77809.84,1776922412000
1776922413.911,213.911,0.01,0.03,0.97,0.99,0.02,0.02,77809.84,1776922412000
1776922414.277,214.277,0.01,0.03,0.98,0.99,0.02,0.01,77809.84,1776922412000
1776922414.663,214.663,0.01,0.02,0.97,0.99,0.01,0.02,77806.12,1776922413000
1776922414.997,214.997,0.01,0.02,0.98,0.99,0.01,0.01,77806.12,1776922413000
1776922415.345,215.345,0.02,0.03,0.97,0.98,0.01,0.01,77806.12,1776922413000
1776922415.724,215.724,0.02,0.03,0.97,0.98,0.01,0.01,77806.12,1776922413000
1776922416.162,216.162,0.02,0.03,0.97,0.98,0.01,0.01,77806.12,1776922413000
1776922416.562,216.562,0.02,0.03,0.97,0.98,0.01,0.01,77806.11,1776922414000
1776922416.906,216.906,0.02,0.03,0.97,0.98,0.01,0.01,77806.11,1776922415000
1776922417.488,217.488,0.02,0.03,0.97,0.98,0.01,0.01,77806.12,1776922416000
1776922417.838,217.838,0.01,0.03,0.97,0.98,0.02,0.01,77806.12,1776922416000
1776922418.219,218.219,0.01,0.02,0.98,0.99,0.01,0.01,77806.12,1776922417000
1776922418.618,218.618,0.01,0.03,0.98,0.99,0.02,0.01,77806.12,1776922417000
1776922419.062,219.062,0.02,0.03,0.97,0.99,0.01,0.02,77806.12,1776922417000
1776922419.488,219.488,0.02,0.03,0.97,0.98,0.01,0.01,77806.03,1776922418000
1776922420.088,220.088,0.02,0.03,0.97,0.98,0.01,0.01,77806.05,1776922419000
1776922420.44,220.44,0.02,0.03,0.97,0.98,0.01,0.01,77806.05,1776922419000
1776922420.968,220.968,0.02,0.03,0.97,0.98,0.01,0.01,77806.05,1776922419000
1776922421.531,221.531,0.02,0.03,0.97,0.98,0.01,0.01,77806.1,1776922420000
1776922422.137,222.137,0.02,0.03,0.97,0.98,0.01,0.01,77806.1,1776922420000
1776922422.538,222.538,0.02,0.03,0.97,0.98,0.01,0.01,77806.1,1776922421000
1776922423.003,223.003,0.01,0.03,0.97,0.99,0.02,0.02,77806.1,1776922422000
1776922423.413,223.413,0.01,0.02,0.98,0.99,0.01,0.01,77806.1,1776922422000
1776922423.75,223.75,0.01,0.02,0.98,0.99,0.01,0.01,77806.1,1776922422000
1776922424.212,224.212,0.01,0.02,0.98,0.99,0.01,0.01,77806.1,1776922422000
1776922424.943,224.943,0.01,0.02,0.98,0.99,0.01,0.01,77806.1,1776922423000
1776922425.503,225.503,0.01,0.02,0.98,0.99,0.01,0.01,77806.1,1776922424000
1776922426.156,226.156,0.01,0.02,0.98,0.99,0.01,0.01,77806.1,1776922424000
1776922426.722,226.722,0.01,0.02,0.98,0.99,0.01,0.01,77806.1,1776922425000
1776922427.282,227.282,0.01,0.02,0.98,0.99,0.01,0.01,77806.1,1776922425000
1776922427.627,227.627,0.01,0.02,0.98,0.99,0.01,0.01,77806.1,1776922425000
1776922428.129,228.129,0.01,0.02,0.98,0.99,0.01,0.01,77806.09,1776922426000
1776922428.958,228.958,0.01,0.02,0.98,0.99,0.01,0.01,77805.4,1776922427000
1776922429.32,229.32,0.01,0.02,0.98,0.99,0.01,0.01,77800.38,1776922428000
1776922429.875,229.875,0.01,0.02,0.98,0.99,0.01,0.01,77800.38,1776922428000
1776922430.385,230.385,0.01,0.02,0.98,0.99,0.01,0.01,77800.2,1776922429000
1776922430.736,230.736,0.01,0.02,0.98,0.99,0.01,0.01,77800.2,1776922429000
1776922431.098,231.098,0.01,0.02,0.98,0.99,0.01,0.01,77800.2,1776922430000
1776922432.24,232.24,0.01,0.02,0.98,0.99,0.01,0.01,77800.2,1776922430000
1776922432.795,232.795,0.01,0.02,0.98,0.99,0.01,0.01,77800.2,1776922430000
1776922433.152,233.152,0.01,0.02,0.98,0.99,0.01,0.01,77800.21,1776922432000
1776922433.603,233.603,0.01,0.02,0.98,0.99,0.01,0.01,77800.21,1776922432000
1776922434.085,234.085,0.01,0.02,0.98,0.99,0.01,0.01,77800.22,1776922433000
1776922434.422,234.422,0.01,0.02,0.98,0.99,0.01,0.01,77800.22,1776922433000
1776922435.022,235.022,0.01,0.02,0.98,0.99,0.01,0.01,77800.22,1776922434000
1776922436.045,236.045,0.01,0.02,0.98,0.99,0.01,0.01,77800.11,1776922435000
1776922436.605,236.605,0.01,0.02,0.98,0.99,0.01,0.01,77800.11,1776922435000
1776922437.005,237.005,0.01,0.02,0.98,0.99,0.01,0.01,77800.11,1776922436000
1776922437.389,237.389,0.01,0.02,0.98,0.99,0.01,0.01,77800.11,1776922436000
1776922438.005,238.005,0.01,0.02,0.98,0.99,0.01,0.01,77799.94,1776922437000
1776922438.428,238.428,0.01,0.02,0.98,0.99,0.01,0.01,77799.94,1776922437000
1776922438.823,238.823,0.01,0.02,0.98,0.99,0.01,0.01,77799.94,1776922437000
1776922439.971,239.971,0.01,0.02,0.98,0.99,0.01,0.01,77799.91,1776922438000
1776922440.345,240.345,0.01,0.02,0.98,0.99,0.01,0.01,77799.48,1776922439000
1776922440.718,240.718,0.01,0.02,0.98,0.99,0.01,0.01,77799.48,1776922439000
1776922441.177,241.177,0.01,0.02,0.98,0.99,0.01,0.01,77799.44,1776922440000
1776922441.764,241.764,0.01,0.02,0.98,0.99,0.01,0.01,77799.44,1776922440000
1776922442.113,242.113,0.01,0.02,0.98,0.99,0.01,0.01,77800.46,1776922441000
1776922442.465,242.465,0.01,0.02,0.98,0.99,0.01,0.01,77800.46,1776922441000
1776922443.045,243.045,0.01,0.02,0.98,0.99,0.01,0.01,77812.93,1776922442000
1776922443.451,243.451,0.01,0.02,0.98,0.99,0.01,0.01,77812.93,1776922442000
1776922443.799,243.799,0.01,0.02,0.98,0.99,0.01,0.01,77812.93,1776922442000
1776922444.319,244.319,0.01,0.02,0.98,0.99,0.01,0.01,77816.82,1776922443000
1776922445.126,245.126,0.01,0.02,0.98,0.99,0.01,0.01,77825.0,1776922444000
1776922445.929,245.929,0.01,0.02,0.98,0.99,0.01,0.01,77825.0,1776922444000
1776922446.472,246.472,0.01,0.02,0.98,0.99,0.01,0.01,77832.0,1776922445000
1776922446.883,246.883,0.01,0.02,0.98,0.99,0.01,0.01,77832.0,1776922445000
1776922447.239,247.239,0.01,0.02,0.98,0.99,0.01,0.01,77834.82,1776922446000
1776922447.812,247.812,0.01,0.02,0.98,0.99,0.01,0.01,77834.82,1776922446000
1776922448.148,248.148,0.01,0.02,0.98,0.99,0.01,0.01,77835.09,1776922447000
1776922448.533,248.533,0.01,0.02,0.98,0.99,0.01,0.01,77835.09,1776922447000
1776922448.897,248.897,0.01,0.02,0.98,0.99,0.01,0.01,77835.09,1776922447000
1776922449.235,249.235,0.01,0.02,0.98,0.99,0.01,0.01,77835.1,1776922448000
1776922449.58,249.58,0.01,0.02,0.98,0.99,0.01,0.01,77835.1,1776922448000
1776922450.45,250.45,0.01,0.02,0.98,0.99,0.01,0.01,77835.1,1776922448000
1776922450.83,250.83,0.01,0.02,0.98,0.99,0.01,0.01,77833.8,1776922449000
1776922451.18,251.18,0.01,0.02,0.98,0.99,0.01,0.01,77833.8,1776922450000
1776922451.645,251.645,0.01,0.02,0.98,0.99,0.01,0.01,77833.8,1776922450000
1776922451.993,251.993,0.01,0.02,0.98,0.99,0.01,0.01,77833.8,1776922450000
1776922452.347,252.347,0.01,0.02,0.98,0.99,0.01,0.01,77833.8,1776922451000
1776922452.806,252.806,0.01,0.02,0.98,0.99,0.01,0.01,77833.8,1776922451000
1776922453.159,253.159,0.01,0.02,0.98,0.99,0.01,0.01,77833.8,1776922451000
1776922453.524,253.524,0.01,0.02,0.98,0.99,0.01,0.01,77833.75,1776922452000
1776922453.873,253.873,0.01,0.02,0.98,0.99,0.01,0.01,77833.75,1776922452000
1776922454.511,254.511,0.01,0.02,0.98,0.99,0.01,0.01,77831.33,1776922453000
1776922455.064,255.064,0.01,0.02,0.98,0.99,0.01,0.01,77831.33,1776922453000
1776922455.457,255.457,0.01,0.02,0.98,0.99,0.01,0.01,77830.2,1776922454000
1776922455.84,255.84,0.01,0.02,0.98,0.99,0.01,0.01,77830.2,1776922454000
1776922456.326,256.326,0.01,0.02,0.98,0.99,0.01,0.01,77828.88,1776922455000
1776922457.022,257.022,0.01,0.02,0.98,0.99,0.01,0.01,77828.88,1776922455000
1776922457.408,257.408,0.01,0.02,0.98,0.99,0.01,0.01,77827.5,1776922456000
1776922457.741,257.741,0.01,0.02,0.98,0.99,0.01,0.01,77827.5,1776922456000
1776922458.168,258.168,0.01,0.02,0.98,0.99,0.01,0.01,77827.5,1776922456000
1776922458.613,258.613,0.01,0.02,0.98,0.99,0.01,0.01,77827.04,1776922457000
1776922459.03,259.03,0.02,0.03,0.97,0.99,0.01,0.02,77827.04,1776922457000
1776922459.382,259.382,0.03,0.04,0.95,0.97,0.01,0.02,77827.04,1776922457000
1776922459.721,259.721,0.04,0.05,0.95,0.96,0.01,0.01,77828.87,1776922458000
1776922460.064,260.064,0.04,0.05,0.95,0.96,0.01,0.01,77828.87,1776922458000
1776922460.406,260.406,0.04,0.05,0.95,0.96,0.01,0.01,77828.87,1776922458000
1776922460.896,260.896,0.04,0.05,0.95,0.96,0.01,0.01,77832.08,1776922459000
1776922461.261,261.261,0.04,0.05,0.95,0.96,0.01,0.01,77834.13,1776922460000
1776922461.688,261.688,0.04,0.05,0.95,0.96,0.01,0.01,77834.13,1776922460000
1776922462.218,262.218,0.04,0.05,0.95,0.96,0.01,0.01,77834.13,1776922460000
1776922462.662,262.662,0.04,0.05,0.95,0.96,0.01,0.01,77834.13,1776922460000
1776922463.024,263.024,0.01,0.05,0.95,0.99,0.04,0.04,77840.33,1776922462000
1776922463.537,263.537,0.01,0.02,0.98,0.99,0.01,0.01,77840.33,1776922462000
1776922464.149,264.149,0.01,0.02,0.98,0.99,0.01,0.01,77840.33,1776922462000
1776922464.728,264.728,0.01,0.02,0.98,0.99,0.01,0.01,77839.11,1776922463000
1776922465.162,265.162,0.03,0.04,0.96,0.98,0.01,0.02,77839.11,1776922463000
1776922465.535,265.535,0.03,0.04,0.96,0.97,0.01,0.01,77839.11,1776922463000
1776922466.055,266.055,0.03,0.04,0.96,0.97,0.01,0.01,77838.32,1776922464000
1776922466.437,266.437,0.03,0.04,0.96,0.97,0.01,0.01,77837.4,1776922465000
1776922466.845,266.845,0.01,0.02,0.98,0.99,0.01,0.01,77837.4,1776922465000
1776922467.186,267.186,0.02,0.03,0.97,0.98,0.01,0.01,77837.4,1776922465000
1776922467.664,267.664,0.02,0.03,0.97,0.98,0.01,0.01,77837.28,1776922466000
1776922468.059,268.059,0.03,0.04,0.96,0.97,0.01,0.01,77837.28,1776922466000
1776922468.393,268.393,0.03,0.04,0.96,0.97,0.01,0.01,77835.67,1776922467000
1776922468.903,268.903,0.03,0.04,0.96,0.99,0.01,0.03,77835.67,1776922467000
1776922469.609,269.609,0.03,0.04,0.96,0.97,0.01,0.01,77835.67,1776922467000
1776922469.948,269.948,0.03,0.04,0.96,0.97,0.01,0.01,77829.48,1776922468000
1776922470.338,270.338,0.03,0.04,0.96,0.97,0.01,0.01,77829.48,1776922468000
1776922470.737,270.737,0.01,0.02,0.98,0.99,0.01,0.01,77828.64,1776922469000
1776922471.106,271.106,0.01,0.02,0.98,0.99,0.01,0.01,77828.64,1776922469000
1776922471.452,271.452,0.01,0.02,0.98,0.99,0.01,0.01,77834.01,1776922470000
1776922471.828,271.828,0.01,0.02,0.98,0.99,0.01,0.01,77834.01,1776922470000
1776922472.193,272.193,0.01,0.02,0.98,0.99,0.01,0.01,77834.01,1776922470000
1776922472.536,272.536,0.01,0.02,0.98,0.99,0.01,0.01,77834.01,1776922470000
1776922473.059,273.059,0.01,0.02,0.98,0.99,0.01,0.01,77835.39,1776922471000
1776922473.705,273.705,0.01,0.02,0.98,0.99,0.01,0.01,77836.16,1776922472000
1776922474.417,274.417,0.01,0.02,0.98,0.99,0.01,0.01,77836.16,1776922472000
1776922474.789,274.789,0.01,0.02,0.98,0.99,0.01,0.01,77841.79,1776922473000
1776922475.184,275.184,0.01,0.02,0.98,0.99,0.01,0.01,77841.79,1776922473000
1776922475.551,275.551,0.01,0.02,0.98,0.99,0.01,0.01,77844.78,1776922474000
1776922475.891,275.891,0.01,0.01,0.98,0.99,0.0,0.01,77844.78,1776922474000
1776922476.227,276.227,0.01,0.01,0.99,0.99,0.0,0.0,77848.42,1776922475000
1776922476.607,276.607,0.01,0.01,0.99,0.99,0.0,0.0,77848.42,1776922475000
1776922476.957,276.957,0.01,0.01,0.99,0.99,0.0,0.0,77848.42,1776922475000
1776922477.614,277.614,0.01,0.01,0.99,0.99,0.0,0.0,77848.42,1776922475000
1776922478.007,278.007,0.01,0.01,0.99,0.99,0.0,0.0,77850.75,1776922476000
1776922478.361,278.361,0.01,0.01,0.99,0.99,0.0,0.0,77854.82,1776922477000
1776922478.722,278.722,0.01,0.01,0.99,0.99,0.0,0.0,77854.82,1776922477000
1776922479.505,279.505,0.01,0.01,0.99,0.99,0.0,0.0,77854.82,1776922478000
1776922480.045,280.045,0.01,0.01,0.99,0.99,0.0,0.0,77854.41,1776922479000
1776922480.866,280.866,0.01,0.01,0.99,0.99,0.0,0.0,77854.41,1776922479000
1776922481.312,281.312,0.01,0.01,0.99,0.99,0.0,0.0,77854.41,1776922479000
1776922482.186,282.186,0.01,0.01,0.99,0.99,0.0,0.0,77853.81,1776922480000
1776922482.953,282.953,0.01,0.01,0.99,0.99,0.0,0.0,77853.8,1776922481000
1776922483.358,283.358,0.01,0.01,0.99,0.99,0.0,0.0,77853.85,1776922482000
1776922483.899,283.899,0.01,0.01,0.99,0.99,0.0,0.0,77853.85,1776922483000
1776922484.389,284.389,0.01,0.01,0.99,0.99,0.0,0.0,77853.85,1776922483000
1776922485.087,285.087,0.01,0.01,0.99,0.99,0.0,0.0,77854.78,1776922484000
1776922486.312,286.312,0.01,0.01,0.99,0.99,0.0,0.0,77854.78,1776922484000
1776922486.988,286.988,0.01,0.01,0.99,0.99,0.0,0.0,77855.17,1776922485000
1776922487.357,287.357,0.01,0.01,0.99,0.99,0.0,0.0,77855.74,1776922486000
1776922488.246,288.246,0.01,0.01,0.99,0.99,0.0,0.0,77855.14,1776922487000
1776922488.788,288.788,0.01,0.01,0.99,0.99,0.0,0.0,77855.14,1776922487000
1776922489.396,289.396,0.01,0.01,0.99,0.99,0.0,0.0,77854.08,1776922488000
1776922489.967,289.967,0.01,0.01,0.99,0.99,0.0,0.0,77853.72,1776922489000
1776922491.005,291.005,0.01,0.01,0.99,0.99,0.0,0.0,77853.64,1776922490000
1776922492.007,292.007,0.01,0.01,0.99,0.99,0.0,0.0,77853.77,1776922491000
1776922492.857,292.857,0.01,0.01,0.99,0.99,0.0,0.0,77853.77,1776922491000
1776922494.188,294.188,0.01,0.01,0.99,0.99,0.0,0.0,77853.77,1776922491000
1776922495.177,295.177,0.01,0.01,0.99,0.99,0.0,0.0,77861.58,1776922493000
1776922496.083,296.083,0.01,0.01,0.99,0.99,0.0,0.0,77859.96,1776922494000
1776922496.804,296.804,0.01,0.01,0.99,0.99,0.0,0.0,77859.96,1776922495000
1776922497.643,297.643,0.01,0.01,0.99,0.99,0.0,0.0,77860.53,1776922496000
1776922498.462,298.462,0.01,0.01,0.99,0.99,0.0,0.0,77860.62,1776922497000
1776922498.803,298.803,0.01,0.01,0.99,0.99,0.0,0.0,77860.62,1776922497000
1776922499.314,299.314,0.01,0.01,0.99,0.99,0.0,0.0,77861.31,1776922498000
1776922499.912,299.912,0.01,0.01,0.99,0.99,0.0,0.0,77861.31,1776922498000
1776922500.381,300.381,0.01,0.01,0.99,0.99,0.0,0.0,77861.31,1776922498000
1776922501.189,301.189,0.01,0.01,0.99,0.99,0.0,0.0,77861.77,1776922500000
1776922502.532,302.532,0.01,0.01,0.99,0.99,0.0,0.0,77861.72,1776922501000

# RESULT,winner=Down,slug=btc-updown-5m-1776922200,ticks=656
