timestamp,elapsed_sec,up_bid,up_ask,down_bid,down_ask,up_spread,down_spread,btc_price,btc_oracle_ts
1776390900.526,0.526,0.53,0.54,0.47,0.48,0.01,0.01,74601.88,1776390899000
1776390900.877,0.877,0.53,0.55,0.46,0.47,0.02,0.01,74601.88,1776390899000
1776390901.257,1.257,0.54,0.55,0.45,0.46,0.01,0.01,74600.15,1776390900000
1776390901.692,1.692,0.54,0.55,0.45,0.46,0.01,0.01,74600.15,1776390900000
1776390902.035,2.035,0.54,0.56,0.44,0.46,0.02,0.02,74600.15,1776390900000
1776390902.369,2.369,0.56,0.62,0.39,0.44,0.06,0.05,74601.5,1776390901000
1776390902.718,2.718,0.65,0.66,0.34,0.38,0.01,0.04,74601.5,1776390901000
1776390903.087,3.087,0.65,0.66,0.34,0.35,0.01,0.01,74601.5,1776390901000
1776390903.423,3.423,0.65,0.66,0.34,0.35,0.01,0.01,74608.15,1776390902000
1776390903.761,3.761,0.65,0.66,0.34,0.35,0.01,0.01,74608.15,1776390902000
1776390904.376,4.376,0.66,0.67,0.33,0.35,0.01,0.02,74608.15,1776390902000
1776390904.715,4.715,0.67,0.69,0.31,0.34,0.02,0.03,74626.31,1776390903000
1776390905.066,5.066,0.68,0.69,0.31,0.32,0.01,0.01,74626.31,1776390903000
1776390905.443,5.443,0.69,0.7,0.3,0.32,0.01,0.02,74629.73,1776390904000
1776390905.813,5.813,0.7,0.71,0.29,0.31,0.01,0.02,74629.73,1776390904000
1776390906.285,6.285,0.7,0.71,0.29,0.3,0.01,0.01,74630.74,1776390905000
1776390906.708,6.708,0.7,0.71,0.29,0.3,0.01,0.01,74630.74,1776390905000
1776390907.117,7.117,0.71,0.72,0.29,0.3,0.01,0.01,74630.74,1776390905000
1776390907.456,7.456,0.71,0.72,0.28,0.29,0.01,0.01,74636.2,1776390906000
1776390907.812,7.812,0.71,0.72,0.28,0.29,0.01,0.01,74636.2,1776390906000
1776390908.451,8.451,0.71,0.72,0.28,0.29,0.01,0.01,74636.77,1776390907000
1776390908.803,8.803,0.65,0.66,0.33,0.35,0.01,0.02,74636.77,1776390907000
1776390909.241,9.241,0.65,0.66,0.34,0.35,0.01,0.01,74637.46,1776390908000
1776390909.602,9.602,0.65,0.66,0.34,0.35,0.01,0.01,74637.46,1776390908000
1776390910.12,10.12,0.66,0.69,0.33,0.34,0.03,0.01,74637.46,1776390908000
1776390910.542,10.542,0.68,0.69,0.31,0.32,0.01,0.01,74634.48,1776390909000
1776390910.876,10.876,0.7,0.73,0.27,0.3,0.03,0.03,74634.48,1776390909000
1776390911.225,11.225,0.71,0.74,0.26,0.29,0.03,0.03,74631.48,1776390910000
1776390911.568,11.568,0.72,0.73,0.27,0.28,0.01,0.01,74631.48,1776390910000
1776390911.983,11.983,0.72,0.73,0.27,0.28,0.01,0.01,74631.48,1776390910000
1776390912.461,12.461,0.73,0.74,0.26,0.27,0.01,0.01,74631.48,1776390910000
1776390913.153,13.153,0.73,0.75,0.25,0.27,0.02,0.02,74642.08,1776390912000
1776390913.496,13.496,0.74,0.75,0.25,0.27,0.01,0.02,74642.08,1776390912000
1776390913.89,13.89,0.74,0.75,0.25,0.26,0.01,0.01,74642.08,1776390912000
1776390914.25,14.25,0.74,0.75,0.25,0.26,0.01,0.01,74642.08,1776390912000
1776390914.594,14.594,0.74,0.75,0.25,0.26,0.01,0.01,74643.72,1776390913000
1776390914.958,14.958,0.74,0.75,0.25,0.26,0.01,0.01,74643.72,1776390913000
1776390915.355,15.355,0.74,0.75,0.25,0.26,0.01,0.01,74643.72,1776390914000
1776390915.707,15.707,0.73,0.74,0.26,0.27,0.01,0.01,74643.72,1776390914000
1776390916.127,16.127,0.71,0.73,0.26,0.27,0.02,0.01,74643.72,1776390914000
1776390916.492,16.492,0.69,0.71,0.29,0.3,0.02,0.01,74643.89,1776390915000
1776390916.832,16.832,0.68,0.7,0.29,0.31,0.02,0.02,74643.89,1776390915000
1776390917.25,17.25,0.68,0.69,0.31,0.32,0.01,0.01,74643.89,1776390915000
1776390917.595,17.595,0.68,0.69,0.31,0.32,0.01,0.01,74642.55,1776390916000
1776390918.155,18.155,0.69,0.7,0.29,0.32,0.01,0.03,74642.55,1776390916000
1776390919.147,19.147,0.69,0.71,0.3,0.31,0.02,0.01,74639.53,1776390917000
1776390919.508,19.508,0.7,0.71,0.29,0.3,0.01,0.01,74639.53,1776390917000
1776390919.844,19.844,0.7,0.71,0.29,0.3,0.01,0.01,74637.17,1776390918000
1776390920.305,20.305,0.7,0.71,0.29,0.3,0.01,0.01,74637.17,1776390919000
1776390921.03,21.03,0.7,0.71,0.29,0.3,0.01,0.01,74637.17,1776390919000
1776390921.502,21.502,0.7,0.71,0.29,0.3,0.01,0.01,74637.17,1776390919000
1776390922.657,22.657,0.7,0.71,0.29,0.3,0.01,0.01,74637.17,1776390919000
1776390923.219,23.219,0.72,0.73,0.27,0.28,0.01,0.01,74639.2,1776390922000
1776390923.601,23.601,0.73,0.74,0.26,0.27,0.01,0.01,74639.2,1776390922000
1776390924.529,24.529,0.73,0.74,0.26,0.27,0.01,0.01,74639.2,1776390922000
1776390924.878,24.878,0.74,0.75,0.26,0.27,0.01,0.01,74639.43,1776390923000
1776390925.418,25.418,0.74,0.75,0.25,0.26,0.01,0.01,74639.43,1776390923000
1776390925.97,25.97,0.73,0.74,0.26,0.27,0.01,0.01,74640.95,1776390924000
1776390926.492,26.492,0.73,0.74,0.26,0.27,0.01,0.01,74641.13,1776390925000
1776390927.071,27.071,0.73,0.74,0.26,0.27,0.01,0.01,74641.13,1776390925000
1776390927.675,27.675,0.73,0.74,0.26,0.27,0.01,0.01,74640.91,1776390926000
1776390928.025,28.025,0.74,0.75,0.25,0.27,0.01,0.02,74640.91,1776390926000
1776390928.404,28.404,0.74,0.75,0.25,0.26,0.01,0.01,74640.87,1776390927000
1776390929.121,29.121,0.74,0.75,0.25,0.26,0.01,0.01,74640.87,1776390927000
1776390929.602,29.602,0.74,0.75,0.25,0.26,0.01,0.01,74640.39,1776390928000
1776390929.98,29.98,0.74,0.75,0.25,0.26,0.01,0.01,74640.39,1776390928000
1776390930.371,30.371,0.74,0.75,0.25,0.26,0.01,0.01,74640.39,1776390928000
1776390930.918,30.918,0.75,0.76,0.24,0.26,0.01,0.02,74640.24,1776390929000
1776390931.258,31.258,0.75,0.76,0.24,0.25,0.01,0.01,74640.24,1776390929000
1776390931.728,31.728,0.75,0.76,0.24,0.25,0.01,0.01,74640.09,1776390930000
1776390932.088,32.088,0.73,0.76,0.24,0.25,0.03,0.01,74640.09,1776390930000
1776390932.646,32.646,0.74,0.75,0.25,0.26,0.01,0.01,74639.66,1776390931000
1776390933.046,33.046,0.74,0.75,0.25,0.26,0.01,0.01,74639.66,1776390931000
1776390933.625,33.625,0.74,0.75,0.25,0.26,0.01,0.01,74639.91,1776390932000
1776390934.361,34.361,0.74,0.75,0.25,0.26,0.01,0.01,74640.97,1776390933000
1776390935.052,35.052,0.74,0.76,0.25,0.26,0.02,0.01,74640.97,1776390933000
1776390935.389,35.389,0.65,0.8,0.2,0.23,0.15,0.03,74642.88,1776390934000
1776390935.751,35.751,0.79,0.8,0.2,0.21,0.01,0.01,74642.88,1776390934000
1776390936.09,36.09,0.8,0.81,0.19,0.2,0.01,0.01,74642.88,1776390934000
1776390936.473,36.473,0.81,0.82,0.18,0.19,0.01,0.01,74642.88,1776390934000
1776390936.828,36.828,0.81,0.83,0.17,0.19,0.02,0.02,74662.97,1776390935000
1776390937.174,37.174,0.82,0.84,0.16,0.19,0.02,0.03,74662.97,1776390935000
1776390937.515,37.515,0.83,0.86,0.15,0.18,0.03,0.03,74665.14,1776390936000
1776390937.89,37.89,0.85,0.88,0.12,0.14,0.03,0.02,74665.14,1776390936000
1776390938.229,38.229,0.86,0.87,0.13,0.14,0.01,0.01,74687.05,1776390937000
1776390938.565,38.565,0.85,0.87,0.13,0.15,0.02,0.02,74687.05,1776390937000
1776390938.903,38.903,0.86,0.87,0.13,0.14,0.01,0.01,74687.05,1776390937000
1776390939.318,39.318,0.86,0.87,0.13,0.14,0.01,0.01,74687.05,1776390937000
1776390939.69,39.69,0.86,0.87,0.13,0.14,0.01,0.01,74687.05,1776390937000
1776390940.03,40.03,0.86,0.87,0.13,0.14,0.01,0.01,74694.44,1776390938000
1776390940.463,40.463,0.87,0.88,0.13,0.14,0.01,0.01,74694.44,1776390938000
1776390940.842,40.842,0.87,0.88,0.12,0.13,0.01,0.01,74695.3,1776390939000
1776390941.597,41.597,0.87,0.88,0.12,0.13,0.01,0.01,74694.27,1776390940000
1776390941.931,41.931,0.88,0.89,0.11,0.12,0.01,0.01,74694.27,1776390940000
1776390942.417,42.417,0.88,0.89,0.11,0.12,0.01,0.01,74696.29,1776390941000
1776390942.899,42.899,0.89,0.91,0.09,0.11,0.02,0.02,74696.29,1776390941000
1776390943.297,43.297,0.9,0.92,0.09,0.1,0.02,0.01,74696.29,1776390941000
1776390943.64,43.64,0.91,0.92,0.08,0.09,0.01,0.01,74704.11,1776390942000
1776390943.975,43.975,0.91,0.93,0.07,0.09,0.02,0.02,74704.11,1776390942000
1776390944.346,44.346,0.93,0.94,0.06,0.07,0.01,0.01,74704.11,1776390942000
1776390944.686,44.686,0.93,0.94,0.06,0.07,0.01,0.01,74728.6,1776390943000
1776390945.059,45.059,0.93,0.94,0.06,0.07,0.01,0.01,74731.37,1776390944000
1776390945.763,45.763,0.93,0.94,0.06,0.07,0.01,0.01,74731.37,1776390944000
1776390946.138,46.138,0.93,0.94,0.06,0.07,0.01,0.01,74732.94,1776390945000
1776390946.513,46.513,0.94,0.95,0.06,0.07,0.01,0.01,74732.94,1776390945000
1776390946.849,46.849,0.93,0.95,0.05,0.07,0.02,0.02,74732.94,1776390945000
1776390947.212,47.212,0.92,0.95,0.05,0.07,0.03,0.02,74745.42,1776390946000
1776390947.741,47.741,0.94,0.95,0.05,0.08,0.01,0.03,74745.42,1776390946000
1776390948.13,48.13,0.94,0.95,0.05,0.06,0.01,0.01,74753.82,1776390947000
1776390948.476,48.476,0.94,0.95,0.05,0.06,0.01,0.01,74753.82,1776390947000
1776390948.833,48.833,0.94,0.95,0.05,0.06,0.01,0.01,74753.82,1776390947000
1776390949.18,49.18,0.94,0.95,0.05,0.06,0.01,0.01,74756.48,1776390948000
1776390949.642,49.642,0.94,0.95,0.05,0.06,0.01,0.01,74756.48,1776390948000
1776390950.023,50.023,0.94,0.95,0.05,0.06,0.01,0.01,74758.99,1776390949000
1776390950.397,50.397,0.94,0.95,0.04,0.06,0.01,0.02,74758.99,1776390949000
1776390951.044,51.044,0.94,0.95,0.05,0.06,0.01,0.01,74760.02,1776390950000
1776390951.458,51.458,0.95,0.96,0.04,0.05,0.01,0.01,74760.02,1776390950000
1776390951.802,51.802,0.95,0.96,0.04,0.05,0.01,0.01,74760.02,1776390950000
1776390952.519,52.519,0.95,0.96,0.04,0.05,0.01,0.01,74757.09,1776390951000
1776390952.954,52.954,0.95,0.96,0.04,0.05,0.01,0.01,74757.09,1776390951000
1776390953.346,53.346,0.95,0.96,0.04,0.05,0.01,0.01,74756.23,1776390952000
1776390953.72,53.72,0.95,0.96,0.04,0.05,0.01,0.01,74756.23,1776390952000
1776390954.061,54.061,0.95,0.96,0.04,0.05,0.01,0.01,74756.23,1776390953000
1776390954.539,54.539,0.95,0.96,0.04,0.06,0.01,0.02,74756.23,1776390953000
1776390954.911,54.911,0.95,0.96,0.04,0.05,0.01,0.01,74756.23,1776390953000
1776390955.469,55.469,0.95,0.96,0.04,0.05,0.01,0.01,74756.23,1776390953000
1776390955.937,55.937,0.95,0.96,0.04,0.05,0.01,0.01,74752.38,1776390954000
1776390956.387,56.387,0.94,0.95,0.05,0.06,0.01,0.01,74752.38,1776390954000
1776390956.744,56.744,0.94,0.95,0.05,0.06,0.01,0.01,74751.87,1776390955000
1776390957.101,57.101,0.94,0.95,0.05,0.07,0.01,0.02,74751.87,1776390955000
1776390957.552,57.552,0.94,0.95,0.05,0.06,0.01,0.01,74750.88,1776390956000
1776390958.03,58.03,0.95,0.96,0.05,0.06,0.01,0.01,74750.88,1776390956000
1776390958.53,58.53,0.95,0.96,0.04,0.05,0.01,0.01,74749.86,1776390957000
1776390959.071,59.071,0.95,0.96,0.04,0.05,0.01,0.01,74749.86,1776390957000
1776390959.562,59.562,0.95,0.96,0.04,0.05,0.01,0.01,74749.19,1776390958000
1776390959.95,59.95,0.95,0.96,0.04,0.05,0.01,0.01,74749.19,1776390958000
1776390960.327,60.327,0.95,0.96,0.04,0.05,0.01,0.01,74749.19,1776390958000
1776390960.681,60.681,0.95,0.96,0.04,0.06,0.01,0.02,74749.19,1776390958000
1776390961.026,61.026,0.94,0.95,0.05,0.07,0.01,0.02,74747.57,1776390959000
1776390961.361,61.361,0.94,0.95,0.05,0.06,0.01,0.01,74746.86,1776390960000
1776390961.745,61.745,0.93,0.94,0.06,0.07,0.01,0.01,74746.86,1776390960000
1776390962.147,62.147,0.93,0.94,0.06,0.07,0.01,0.01,74746.86,1776390960000
1776390962.544,62.544,0.93,0.94,0.06,0.07,0.01,0.01,74746.86,1776390961000
1776390962.912,62.912,0.93,0.94,0.06,0.07,0.01,0.01,74746.86,1776390961000
1776390963.304,63.304,0.94,0.95,0.05,0.06,0.01,0.01,74741.37,1776390962000
1776390964.072,64.072,0.94,0.95,0.05,0.06,0.01,0.01,74741.37,1776390962000
1776390964.564,64.564,0.94,0.95,0.05,0.06,0.01,0.01,74741.37,1776390962000
1776390965.114,65.114,0.94,0.95,0.05,0.06,0.01,0.01,74738.57,1776390963000
1776390965.775,65.775,0.94,0.95,0.05,0.06,0.01,0.01,74739.41,1776390964000
1776390966.389,66.389,0.94,0.95,0.05,0.06,0.01,0.01,74739.41,1776390964000
1776390966.785,66.785,0.94,0.95,0.05,0.06,0.01,0.01,74739.41,1776390965000
1776390967.206,67.206,0.94,0.95,0.05,0.06,0.01,0.01,74739.41,1776390965000
1776390967.613,67.613,0.94,0.95,0.05,0.06,0.01,0.01,74739.84,1776390966000
1776390968.297,68.297,0.94,0.95,0.05,0.06,0.01,0.01,74739.84,1776390966000
1776390968.859,68.859,0.94,0.95,0.05,0.06,0.01,0.01,74739.42,1776390967000
1776390969.25,69.25,0.94,0.95,0.05,0.06,0.01,0.01,74739.42,1776390967000
1776390969.715,69.715,0.94,0.95,0.05,0.06,0.01,0.01,74743.83,1776390968000
1776390970.078,70.078,0.94,0.95,0.05,0.06,0.01,0.01,74743.83,1776390968000
1776390970.426,70.426,0.94,0.95,0.05,0.06,0.01,0.01,74745.38,1776390969000
1776390970.878,70.878,0.94,0.95,0.05,0.06,0.01,0.01,74745.38,1776390969000
1776390971.23,71.23,0.94,0.95,0.05,0.06,0.01,0.01,74745.38,1776390969000
1776390971.564,71.564,0.94,0.95,0.05,0.06,0.01,0.01,74745.38,1776390969000
1776390971.907,71.907,0.94,0.95,0.05,0.06,0.01,0.01,74746.49,1776390970000
1776390972.245,72.245,0.94,0.95,0.05,0.06,0.01,0.01,74746.49,1776390970000
1776390972.591,72.591,0.94,0.95,0.05,0.06,0.01,0.01,74746.59,1776390971000
1776390973.06,73.06,0.94,0.95,0.05,0.06,0.01,0.01,74746.59,1776390971000
1776390973.528,73.528,0.94,0.95,0.05,0.06,0.01,0.01,74746.59,1776390971000
1776390974.255,74.255,0.94,0.95,0.05,0.06,0.01,0.01,74745.47,1776390972000
1776390974.689,74.689,0.94,0.95,0.05,0.06,0.01,0.01,74744.79,1776390973000
1776390975.063,75.063,0.94,0.95,0.05,0.06,0.01,0.01,74744.79,1776390973000
1776390975.893,75.893,0.94,0.95,0.05,0.06,0.01,0.01,74745.29,1776390974000
1776390976.267,76.267,0.94,0.95,0.05,0.06,0.01,0.01,74745.29,1776390974000
1776390976.636,76.636,0.94,0.95,0.05,0.06,0.01,0.01,74746.81,1776390975000
1776390977.206,77.206,0.94,0.95,0.05,0.06,0.01,0.01,74746.81,1776390975000
1776390977.54,77.54,0.94,0.95,0.05,0.06,0.01,0.01,74746.81,1776390976000
1776390977.878,77.878,0.94,0.95,0.05,0.06,0.01,0.01,74746.81,1776390976000
1776390978.308,78.308,0.94,0.95,0.05,0.06,0.01,0.01,74746.55,1776390977000
1776390978.707,78.707,0.94,0.95,0.05,0.06,0.01,0.01,74746.55,1776390977000
1776390979.065,79.065,0.94,0.95,0.05,0.06,0.01,0.01,74746.05,1776390978000
1776390979.425,79.425,0.94,0.95,0.05,0.06,0.01,0.01,74746.05,1776390978000
1776390979.9,79.9,0.94,0.95,0.05,0.06,0.01,0.01,74746.05,1776390978000
1776390980.395,80.395,0.94,0.95,0.05,0.06,0.01,0.01,74745.47,1776390979000
1776390980.73,80.73,0.94,0.95,0.05,0.06,0.01,0.01,74745.47,1776390979000
1776390981.075,81.075,0.94,0.95,0.05,0.06,0.01,0.01,74744.86,1776390980000
1776390981.416,81.416,0.94,0.95,0.05,0.06,0.01,0.01,74744.86,1776390980000
1776390981.922,81.922,0.94,0.95,0.05,0.06,0.01,0.01,74744.86,1776390980000
1776390982.343,82.343,0.94,0.95,0.05,0.06,0.01,0.01,74744.7,1776390981000
1776390982.705,82.705,0.94,0.95,0.05,0.06,0.01,0.01,74744.7,1776390981000
1776390983.056,83.056,0.94,0.95,0.05,0.06,0.01,0.01,74745.52,1776390982000
1776390983.462,83.462,0.93,0.94,0.06,0.07,0.01,0.01,74745.52,1776390982000
1776390983.809,83.809,0.93,0.94,0.06,0.07,0.01,0.01,74745.52,1776390982000
1776390984.259,84.259,0.93,0.94,0.06,0.07,0.01,0.01,74746.74,1776390983000
1776390984.602,84.602,0.93,0.94,0.06,0.07,0.01,0.01,74746.74,1776390983000
1776390984.972,84.972,0.93,0.94,0.06,0.07,0.01,0.01,74738.08,1776390984000
1776390985.394,85.394,0.93,0.94,0.06,0.07,0.01,0.01,74738.08,1776390984000
1776390985.768,85.768,0.94,0.95,0.05,0.06,0.01,0.01,74738.08,1776390984000
1776390986.452,86.452,0.94,0.95,0.05,0.06,0.01,0.01,74734.13,1776390985000
1776390986.841,86.841,0.94,0.95,0.05,0.06,0.01,0.01,74734.13,1776390985000
1776390987.377,87.377,0.94,0.95,0.05,0.06,0.01,0.01,74739.41,1776390986000
1776390987.727,87.727,0.94,0.95,0.05,0.06,0.01,0.01,74739.41,1776390986000
1776390988.317,88.317,0.94,0.95,0.05,0.06,0.01,0.01,74739.41,1776390986000
1776390988.672,88.672,0.94,0.95,0.05,0.06,0.01,0.01,74745.42,1776390987000
1776390989.027,89.027,0.94,0.95,0.05,0.06,0.01,0.01,74747.8,1776390988000
1776390989.498,89.498,0.94,0.95,0.05,0.06,0.01,0.01,74747.8,1776390988000
1776390989.854,89.854,0.94,0.95,0.05,0.06,0.01,0.01,74747.8,1776390988000
1776390990.315,90.315,0.94,0.95,0.05,0.06,0.01,0.01,74747.6,1776390989000
1776390990.649,90.649,0.94,0.95,0.05,0.06,0.01,0.01,74747.6,1776390989000
1776390990.993,90.993,0.94,0.95,0.05,0.06,0.01,0.01,74747.45,1776390990000
1776390991.409,91.409,0.94,0.95,0.05,0.06,0.01,0.01,74747.45,1776390990000
1776390991.749,91.749,0.94,0.95,0.05,0.06,0.01,0.01,74747.45,1776390990000
1776390992.085,92.085,0.94,0.95,0.05,0.06,0.01,0.01,74747.45,1776390990000
1776390992.419,92.419,0.94,0.95,0.05,0.06,0.01,0.01,74747.57,1776390991000
1776390992.924,92.924,0.94,0.95,0.05,0.06,0.01,0.01,74747.57,1776390991000
1776390993.273,93.273,0.94,0.95,0.05,0.06,0.01,0.01,74747.57,1776390991000
1776390993.634,93.634,0.94,0.95,0.05,0.06,0.01,0.01,74747.57,1776390991000
1776390994.047,94.047,0.94,0.95,0.05,0.06,0.01,0.01,74747.57,1776390991000
1776390994.401,94.401,0.94,0.95,0.05,0.06,0.01,0.01,74747.57,1776390991000
1776390994.737,94.737,0.94,0.95,0.05,0.06,0.01,0.01,74747.57,1776390991000
1776390995.206,95.206,0.94,0.95,0.05,0.06,0.01,0.01,74747.57,1776390991000
1776390995.562,95.562,0.94,0.95,0.05,0.06,0.01,0.01,74747.57,1776390991000
1776390995.989,95.989,0.94,0.95,0.05,0.06,0.01,0.01,74747.57,1776390991000
1776390996.325,96.325,0.94,0.95,0.05,0.06,0.01,0.01,74747.57,1776390991000
1776390996.784,96.784,0.94,0.95,0.05,0.06,0.01,0.01,74747.57,1776390991000
1776390997.124,97.124,0.94,0.95,0.05,0.06,0.01,0.01,74747.57,1776390991000
1776390997.459,97.459,0.94,0.95,0.05,0.06,0.01,0.01,74747.57,1776390991000
1776390997.807,97.807,0.94,0.95,0.05,0.06,0.01,0.01,74747.57,1776390991000
1776390998.183,98.183,0.94,0.95,0.05,0.06,0.01,0.01,74747.57,1776390991000
1776390998.526,98.526,0.94,0.95,0.05,0.06,0.01,0.01,74747.57,1776390991000
1776390998.87,98.87,0.94,0.95,0.05,0.06,0.01,0.01,74747.57,1776390991000
1776390999.268,99.268,0.94,0.95,0.05,0.06,0.01,0.01,74747.57,1776390991000
1776390999.625,99.625,0.94,0.95,0.05,0.06,0.01,0.01,74747.57,1776390991000
1776390999.971,99.971,0.94,0.95,0.05,0.06,0.01,0.01,74747.57,1776390991000
1776391000.313,100.313,0.95,0.96,0.04,0.05,0.01,0.01,74747.57,1776390991000
1776391000.901,100.901,0.95,0.96,0.04,0.05,0.01,0.01,74810.01,1776390999000
1776391001.28,101.28,0.96,0.97,0.03,0.04,0.01,0.01,74810.01,1776390999000
1776391001.715,101.715,0.96,0.97,0.03,0.04,0.01,0.01,74810.01,1776390999000
1776391002.054,102.054,0.96,0.97,0.03,0.04,0.01,0.01,74810.01,1776390999000
1776391002.463,102.463,0.96,0.97,0.03,0.04,0.01,0.01,74812.83,1776391000000
1776391002.84,102.84,0.96,0.97,0.03,0.04,0.01,0.01,74812.83,1776391000000
1776391003.176,103.176,0.96,0.97,0.03,0.04,0.01,0.01,74816.62,1776391001000
1776391003.538,103.538,0.96,0.97,0.03,0.04,0.01,0.01,74816.62,1776391001000
1776391003.892,103.892,0.96,0.97,0.03,0.04,0.01,0.01,74816.62,1776391001000
1776391004.234,104.234,0.96,0.97,0.03,0.04,0.01,0.01,74815.72,1776391002000
1776391004.571,104.571,0.96,0.97,0.03,0.04,0.01,0.01,74815.72,1776391002000
1776391005.181,105.181,0.96,0.97,0.03,0.04,0.01,0.01,74812.69,1776391003000
1776391005.566,105.566,0.97,0.98,0.02,0.04,0.01,0.02,74813.89,1776391004000
1776391005.935,105.935,0.97,0.98,0.02,0.03,0.01,0.01,74813.89,1776391004000
1776391006.287,106.287,0.97,0.98,0.02,0.03,0.01,0.01,74814.53,1776391005000
1776391006.786,106.786,0.97,0.98,0.02,0.03,0.01,0.01,74814.53,1776391005000
1776391007.192,107.192,0.97,0.98,0.02,0.03,0.01,0.01,74814.53,1776391005000
1776391007.706,107.706,0.97,0.98,0.02,0.03,0.01,0.01,74811.93,1776391006000
1776391008.397,108.397,0.97,0.98,0.02,0.03,0.01,0.01,74811.93,1776391006000
1776391008.831,108.831,0.97,0.98,0.02,0.03,0.01,0.01,74809.19,1776391007000
1776391009.165,109.165,0.97,0.98,0.02,0.03,0.01,0.01,74808.7,1776391008000
1776391009.538,109.538,0.97,0.98,0.02,0.03,0.01,0.01,74808.7,1776391008000
1776391009.975,109.975,0.97,0.98,0.02,0.03,0.01,0.01,74808.7,1776391008000
1776391010.342,110.342,0.97,0.98,0.02,0.03,0.01,0.01,74808.7,1776391008000
1776391010.679,110.679,0.97,0.98,0.02,0.03,0.01,0.01,74808.05,1776391009000
1776391011.035,111.035,0.97,0.98,0.02,0.03,0.01,0.01,74809.05,1776391010000
1776391011.83,111.83,0.97,0.98,0.02,0.03,0.01,0.01,74809.05,1776391010000
1776391012.613,112.613,0.97,0.98,0.02,0.03,0.01,0.01,74809.24,1776391011000
1776391013.317,113.317,0.97,0.98,0.02,0.03,0.01,0.01,74808.23,1776391012000
1776391013.79,113.79,0.97,0.98,0.02,0.03,0.01,0.01,74808.23,1776391012000
1776391014.795,114.795,0.97,0.98,0.02,0.03,0.01,0.01,74808.23,1776391013000
1776391015.137,115.137,0.97,0.98,0.02,0.03,0.01,0.01,74807.38,1776391014000
1776391015.533,115.533,0.98,0.99,0.01,0.02,0.01,0.01,74807.38,1776391014000
1776391015.907,115.907,0.98,0.99,0.01,0.02,0.01,0.01,74807.38,1776391014000
1776391016.332,116.332,0.98,0.99,0.01,0.02,0.01,0.01,74799.33,1776391015000
1776391016.771,116.771,0.98,0.99,0.01,0.02,0.01,0.01,74799.33,1776391015000
1776391017.345,117.345,0.98,0.99,0.01,0.02,0.01,0.01,74799.33,1776391015000
1776391017.887,117.887,0.98,0.99,0.01,0.02,0.01,0.01,74799.05,1776391016000
1776391018.414,118.414,0.98,0.99,0.01,0.02,0.01,0.01,74799.05,1776391016000
1776391018.847,118.847,0.98,0.99,0.01,0.02,0.01,0.01,74799.39,1776391017000
1776391019.481,119.481,0.98,0.99,0.01,0.02,0.01,0.01,74799.36,1776391018000
1776391019.871,119.871,0.98,0.99,0.01,0.02,0.01,0.01,74799.36,1776391018000
1776391020.244,120.244,0.98,0.99,0.01,0.02,0.01,0.01,74799.36,1776391019000
1776391020.581,120.581,0.98,0.99,0.01,0.02,0.01,0.01,74799.36,1776391019000
1776391020.927,120.927,0.98,0.99,0.01,0.02,0.01,0.01,74799.36,1776391019000
1776391021.289,121.289,0.98,0.99,0.01,0.02,0.01,0.01,74799.87,1776391020000
1776391021.63,121.63,0.98,0.99,0.01,0.02,0.01,0.01,74799.87,1776391020000
1776391022.335,122.335,0.98,0.99,0.01,0.02,0.01,0.01,74799.85,1776391021000
1776391022.804,122.804,0.98,0.99,0.01,0.02,0.01,0.01,74799.85,1776391021000
1776391023.308,123.308,0.98,0.99,0.01,0.02,0.01,0.01,74799.85,1776391021000
1776391023.698,123.698,0.98,0.99,0.01,0.02,0.01,0.01,74798.13,1776391022000
1776391024.168,124.168,0.98,0.99,0.01,0.02,0.01,0.01,74798.05,1776391023000
1776391024.631,124.631,0.98,0.99,0.01,0.02,0.01,0.01,74798.05,1776391023000
1776391024.982,124.982,0.98,0.99,0.01,0.02,0.01,0.01,74796.51,1776391024000
1776391025.603,125.603,0.98,0.99,0.01,0.02,0.01,0.01,74796.51,1776391024000
1776391025.956,125.956,0.98,0.99,0.01,0.02,0.01,0.01,74796.51,1776391024000
1776391026.317,126.317,0.98,0.99,0.01,0.02,0.01,0.01,74797.68,1776391025000
1776391026.923,126.923,0.98,0.99,0.01,0.02,0.01,0.01,74797.68,1776391025000
1776391027.674,127.674,0.98,0.99,0.01,0.02,0.01,0.01,74799.99,1776391026000
1776391028.093,128.093,0.98,0.99,0.01,0.02,0.01,0.01,74804.28,1776391027000
1776391028.43,128.43,0.98,0.99,0.01,0.02,0.01,0.01,74804.28,1776391027000
1776391028.829,128.829,0.98,0.99,0.01,0.02,0.01,0.01,74804.28,1776391027000
1776391029.251,129.251,0.98,0.99,0.01,0.02,0.01,0.01,74809.6,1776391028000
1776391029.645,129.645,0.98,0.99,0.01,0.02,0.01,0.01,74809.6,1776391028000
1776391030.129,130.129,0.98,0.99,0.01,0.02,0.01,0.01,74812.72,1776391029000
1776391030.611,130.611,0.98,0.99,0.01,0.02,0.01,0.01,74812.72,1776391029000
1776391030.978,130.978,0.98,0.99,0.01,0.02,0.01,0.01,74812.72,1776391029000
1776391031.386,131.386,0.98,0.99,0.01,0.02,0.01,0.01,74812.72,1776391030000
1776391032.014,132.014,0.99,0.99,0.01,0.01,0.0,0.0,74812.72,1776391030000
1776391032.348,132.348,0.99,0.99,0.01,0.01,0.0,0.0,74812.72,1776391030000
1776391032.688,132.688,0.99,0.99,0.01,0.01,0.0,0.0,74812.83,1776391031000
1776391033.285,133.285,0.99,0.99,0.01,0.01,0.0,0.0,74812.83,1776391032000
1776391033.661,133.661,0.99,0.99,0.01,0.01,0.0,0.0,74812.83,1776391032000
1776391034.536,134.536,0.99,0.99,0.01,0.01,0.0,0.0,74823.18,1776391033000
1776391034.871,134.871,0.99,0.99,0.01,0.01,0.0,0.0,74823.18,1776391033000
1776391035.915,135.915,0.99,0.99,0.01,0.01,0.0,0.0,74834.01,1776391034000
1776391036.395,136.395,0.99,0.99,0.01,0.01,0.0,0.0,74836.68,1776391035000
1776391037.101,137.101,0.99,0.99,0.01,0.01,0.0,0.0,74838.7,1776391036000
1776391037.673,137.673,0.99,0.99,0.01,0.01,0.0,0.0,74838.7,1776391036000
1776391038.199,138.199,0.99,0.99,0.01,0.01,0.0,0.0,74843.47,1776391037000
1776391039.097,139.097,0.99,0.99,0.01,0.01,0.0,0.0,74843.47,1776391037000
1776391039.9,139.9,0.99,0.99,0.01,0.01,0.0,0.0,74848.2,1776391038000
1776391041.411,141.411,0.99,0.99,0.01,0.01,0.0,0.0,74847.51,1776391040000
1776391042.202,142.202,0.99,0.99,0.01,0.01,0.0,0.0,74847.51,1776391040000
1776391042.573,142.573,0.99,0.99,0.01,0.01,0.0,0.0,74847.51,1776391040000
1776391043.281,143.281,0.99,0.99,0.01,0.01,0.0,0.0,74841.26,1776391042000
1776391043.767,143.767,0.99,0.99,0.01,0.01,0.0,0.0,74841.26,1776391042000
1776391044.433,144.433,0.99,0.99,0.01,0.01,0.0,0.0,74840.73,1776391043000
1776391045.102,145.102,0.99,0.99,0.01,0.01,0.0,0.0,74839.43,1776391044000
1776391046.13,146.13,0.99,0.99,0.01,0.01,0.0,0.0,74839.43,1776391044000
1776391047.339,147.339,0.99,0.99,0.01,0.01,0.0,0.0,74836.13,1776391045000
1776391048.579,148.579,0.99,0.99,0.01,0.01,0.0,0.0,74833.44,1776391046000
1776391048.937,148.937,0.99,0.99,0.01,0.01,0.0,0.0,74833.93,1776391047000
1776391049.542,149.542,0.99,0.99,0.01,0.01,0.0,0.0,74833.94,1776391048000
1776391050.568,150.568,0.99,0.99,0.01,0.01,0.0,0.0,74831.54,1776391049000
1776391051.102,151.102,0.99,0.99,0.01,0.01,0.0,0.0,74826.43,1776391050000
1776391051.767,151.767,0.99,0.99,0.01,0.01,0.0,0.0,74826.43,1776391050000
1776391052.401,152.401,0.99,0.99,0.01,0.01,0.0,0.0,74822.36,1776391051000
1776391053.421,153.421,0.99,0.99,0.01,0.01,0.0,0.0,74821.28,1776391052000
1776391054.122,154.122,0.99,0.99,0.01,0.01,0.0,0.0,74818.59,1776391053000
1776391055.407,155.407,0.99,0.99,0.01,0.01,0.0,0.0,74814.88,1776391054000
1776391056.542,156.542,0.99,0.99,0.01,0.01,0.0,0.0,74813.71,1776391055000
1776391056.908,156.908,0.99,0.99,0.01,0.01,0.0,0.0,74813.71,1776391055000
1776391057.286,157.286,0.99,0.99,0.01,0.01,0.0,0.0,74813.74,1776391056000
1776391058.371,158.371,0.99,0.99,0.01,0.01,0.0,0.0,74813.52,1776391057000
1776391058.877,158.877,0.99,0.99,0.01,0.01,0.0,0.0,74813.52,1776391057000
1776391060.337,160.337,0.99,0.99,0.01,0.01,0.0,0.0,74813.62,1776391059000
1776391060.855,160.855,0.99,0.99,0.01,0.01,0.0,0.0,74813.62,1776391059000
1776391062.487,162.487,0.99,0.99,0.01,0.01,0.0,0.0,74813.78,1776391061000
1776391062.955,162.955,0.99,0.99,0.01,0.01,0.0,0.0,74813.78,1776391061000
1776391063.329,163.329,0.99,0.99,0.01,0.01,0.0,0.0,74813.58,1776391062000
1776391065.068,165.068,0.99,0.99,0.01,0.01,0.0,0.0,74812.26,1776391064000
1776391066.841,166.841,0.99,0.99,0.01,0.01,0.0,0.0,74812.26,1776391064000
1776391067.492,167.492,0.99,0.99,0.01,0.01,0.0,0.0,74814.79,1776391066000
1776391068.169,168.169,0.99,0.99,0.01,0.01,0.0,0.0,74814.79,1776391067000
1776391069.767,169.767,0.99,0.99,0.01,0.01,0.0,0.0,74814.79,1776391067000
1776391070.482,170.482,0.99,0.99,0.01,0.01,0.0,0.0,74816.39,1776391069000
1776391070.974,170.974,0.99,0.99,0.01,0.01,0.0,0.0,74816.39,1776391069000
1776391072.746,172.746,0.99,0.99,0.01,0.01,0.0,0.0,74816.44,1776391071000
1776391073.458,173.458,0.99,0.99,0.01,0.01,0.0,0.0,74816.94,1776391072000
1776391074.221,174.221,0.99,0.99,0.01,0.01,0.0,0.0,74817.06,1776391073000
1776391074.688,174.688,0.99,0.99,0.01,0.01,0.0,0.0,74817.06,1776391073000
1776391075.614,175.614,0.99,0.99,0.01,0.01,0.0,0.0,74816.73,1776391074000
1776391076.259,176.259,0.99,0.99,0.01,0.01,0.0,0.0,74816.13,1776391075000
1776391077.667,177.667,0.99,0.99,0.01,0.01,0.0,0.0,74816.11,1776391076000
1776391078.331,178.331,0.99,0.99,0.01,0.01,0.0,0.0,74815.7,1776391077000
1776391079.061,179.061,0.99,0.99,0.01,0.01,0.0,0.0,74815.71,1776391078000
1776391080.63,180.63,0.99,0.99,0.01,0.01,0.0,0.0,74815.7,1776391079000
1776391080.988,180.988,0.99,0.99,0.01,0.01,0.0,0.0,74815.7,1776391079000
1776391082.611,182.611,0.99,0.99,0.01,0.01,0.0,0.0,74815.75,1776391081000
1776391084.03,184.03,0.99,0.99,0.01,0.01,0.0,0.0,74815.7,1776391082000
1776391084.527,184.527,0.99,0.99,0.01,0.01,0.0,0.0,74815.58,1776391083000
1776391085.033,185.033,0.99,0.99,0.01,0.01,0.0,0.0,74815.58,1776391084000
1776391086.207,186.207,0.99,0.99,0.01,0.01,0.0,0.0,74815.58,1776391084000
1776391087.407,187.407,0.99,0.99,0.01,0.01,0.0,0.0,74815.09,1776391086000
1776391087.889,187.889,0.99,0.99,0.01,0.01,0.0,0.0,74815.09,1776391086000
1776391089.423,189.423,0.99,0.99,0.01,0.01,0.0,0.0,74815.63,1776391088000
1776391090.038,190.038,0.99,0.99,0.01,0.01,0.0,0.0,74815.68,1776391089000
1776391090.972,190.972,0.99,0.99,0.01,0.01,0.0,0.0,74815.68,1776391089000
1776391092.29,192.29,0.99,0.99,0.01,0.01,0.0,0.0,74815.71,1776391091000
1776391093.45,193.45,0.99,0.99,0.01,0.01,0.0,0.0,74815.71,1776391092000
1776391094.14,194.14,0.99,0.99,0.01,0.01,0.0,0.0,74815.99,1776391093000
1776391094.562,194.562,0.99,0.99,0.01,0.01,0.0,0.0,74815.99,1776391093000
1776391095.295,195.295,0.99,0.99,0.01,0.01,0.0,0.0,74815.76,1776391094000
1776391096.35,196.35,0.99,0.99,0.01,0.01,0.0,0.0,74815.73,1776391095000
1776391096.938,196.938,0.99,0.99,0.01,0.01,0.0,0.0,74815.33,1776391096000
1776391098.068,198.068,0.99,0.99,0.01,0.01,0.0,0.0,74815.33,1776391097000
1776391099.292,199.292,0.99,0.99,0.01,0.01,0.0,0.0,74815.77,1776391098000
1776391100.784,200.784,0.99,0.99,0.01,0.01,0.0,0.0,74815.77,1776391098000
1776391101.188,201.188,0.99,0.99,0.01,0.01,0.0,0.0,74816.33,1776391099000
1776391101.603,201.603,0.99,0.99,0.01,0.01,0.0,0.0,74816.36,1776391100000
1776391102.249,202.249,0.99,0.99,0.01,0.01,0.0,0.0,74817.39,1776391101000
1776391103.532,203.532,0.99,0.99,0.01,0.01,0.0,0.0,74818.95,1776391102000
1776391104.08,204.08,0.99,0.99,0.01,0.01,0.0,0.0,74818.94,1776391103000
1776391105.77,205.77,0.99,0.99,0.01,0.01,0.0,0.0,74818.89,1776391104000
1776391106.144,206.144,0.99,0.99,0.01,0.01,0.0,0.0,74818.89,1776391104000
1776391106.869,206.869,0.99,0.99,0.01,0.01,0.0,0.0,74818.35,1776391105000
1776391108.367,208.367,0.99,0.99,0.01,0.01,0.0,0.0,74818.75,1776391107000
1776391108.942,208.942,0.99,0.99,0.01,0.01,0.0,0.0,74818.75,1776391108000
1776391110.263,210.263,0.99,0.99,0.01,0.01,0.0,0.0,74818.74,1776391109000
1776391110.923,210.923,0.99,0.99,0.01,0.01,0.0,0.0,74818.74,1776391109000
1776391111.516,211.516,0.99,0.99,0.01,0.01,0.0,0.0,74818.9,1776391110000
1776391112.13,212.13,0.99,0.99,0.01,0.01,0.0,0.0,74819.25,1776391111000
1776391113.406,213.406,0.99,0.99,0.01,0.01,0.0,0.0,74819.45,1776391112000
1776391114.0,214.0,0.99,0.99,0.01,0.01,0.0,0.0,74819.45,1776391112000
1776391115.253,215.253,0.99,0.99,0.01,0.01,0.0,0.0,74819.75,1776391114000
1776391116.22,216.22,0.99,0.99,0.01,0.01,0.0,0.0,74823.98,1776391115000
1776391117.304,217.304,0.99,0.99,0.01,0.01,0.0,0.0,74825.63,1776391116000
1776391118.31,218.31,0.99,0.99,0.01,0.01,0.0,0.0,74825.63,1776391117000
1776391119.263,219.263,0.99,0.99,0.01,0.01,0.0,0.0,74826.65,1776391118000
1776391120.265,220.265,0.99,0.99,0.01,0.01,0.0,0.0,74826.88,1776391119000
1776391120.791,220.791,0.99,0.99,0.01,0.01,0.0,0.0,74826.88,1776391119000
1776391121.237,221.237,0.99,0.99,0.01,0.01,0.0,0.0,74825.73,1776391120000
1776391122.209,222.209,0.99,0.99,0.01,0.01,0.0,0.0,74825.7,1776391121000
1776391123.217,223.217,0.99,0.99,0.01,0.01,0.0,0.0,74826.68,1776391122000
1776391124.381,224.381,0.99,0.99,0.01,0.01,0.0,0.0,74826.74,1776391123000
1776391125.257,225.257,0.99,0.99,0.01,0.01,0.0,0.0,74826.83,1776391124000
1776391126.39,226.39,0.99,0.99,0.01,0.01,0.0,0.0,74826.83,1776391125000
1776391126.956,226.956,0.99,0.99,0.01,0.01,0.0,0.0,74826.83,1776391126000
1776391127.993,227.993,0.99,0.99,0.01,0.01,0.0,0.0,74826.83,1776391127000
1776391128.9,228.9,0.99,0.99,0.01,0.01,0.0,0.0,74826.83,1776391127000
1776391129.249,229.249,0.99,0.99,0.01,0.01,0.0,0.0,74826.83,1776391127000
1776391129.925,229.925,0.99,0.99,0.01,0.01,0.0,0.0,74825.24,1776391129000
1776391130.853,230.853,0.99,0.99,0.01,0.01,0.0,0.0,74825.24,1776391129000
1776391132.133,232.133,0.99,0.99,0.01,0.01,0.0,0.0,74810.34,1776391131000
1776391133.219,233.219,0.99,0.99,0.01,0.01,0.0,0.0,74809.47,1776391132000
1776391133.986,233.986,0.99,0.99,0.01,0.01,0.0,0.0,74809.47,1776391132000
1776391135.235,235.235,0.99,0.99,0.01,0.01,0.0,0.0,74806.54,1776391134000
1776391136.452,236.452,0.99,0.99,0.01,0.01,0.0,0.0,74806.24,1776391135000
1776391136.914,236.914,0.99,0.99,0.01,0.01,0.0,0.0,74806.05,1776391136000
1776391138.005,238.005,0.99,0.99,0.01,0.01,0.0,0.0,74802.94,1776391137000
1776391139.116,239.116,0.99,0.99,0.01,0.01,0.0,0.0,74803.26,1776391138000
1776391139.857,239.857,0.99,0.99,0.01,0.01,0.0,0.0,74803.26,1776391138000
1776391140.199,240.199,0.99,0.99,0.01,0.01,0.0,0.0,74803.26,1776391139000
1776391140.895,240.895,0.99,0.99,0.01,0.01,0.0,0.0,74803.26,1776391139000
1776391141.279,241.279,0.99,0.99,0.01,0.01,0.0,0.0,74803.29,1776391140000
1776391142.339,242.339,0.99,0.99,0.01,0.01,0.0,0.0,74803.29,1776391141000
1776391142.9,242.9,0.99,0.99,0.01,0.01,0.0,0.0,74803.29,1776391141000
1776391143.292,243.292,0.99,0.99,0.01,0.01,0.0,0.0,74792.34,1776391142000
1776391144.863,244.863,0.99,0.99,0.01,0.01,0.0,0.0,74792.27,1776391143000
1776391145.438,245.438,0.99,0.99,0.01,0.01,0.0,0.0,74792.42,1776391144000
1776391145.961,245.961,0.99,0.99,0.01,0.01,0.0,0.0,74792.42,1776391144000
1776391147.1,247.1,0.99,0.99,0.01,0.01,0.0,0.0,74791.84,1776391145000
1776391148.326,248.326,0.99,0.99,0.01,0.01,0.0,0.0,74790.94,1776391147000
1776391149.345,249.345,0.99,0.99,0.01,0.01,0.0,0.0,74790.98,1776391148000
1776391150.017,250.017,0.99,0.99,0.01,0.01,0.0,0.0,74790.98,1776391149000
1776391150.896,250.896,0.99,0.99,0.01,0.01,0.0,0.0,74790.98,1776391149000
1776391151.524,251.524,0.99,0.99,0.01,0.01,0.0,0.0,74790.14,1776391150000
1776391152.029,252.029,0.99,0.99,0.01,0.01,0.0,0.0,74789.25,1776391151000
1776391152.402,252.402,0.99,0.99,0.01,0.01,0.0,0.0,74789.25,1776391151000
1776391153.143,253.143,0.99,0.99,0.01,0.01,0.0,0.0,74789.21,1776391152000
1776391154.175,254.175,0.99,0.99,0.01,0.01,0.0,0.0,74781.65,1776391153000
1776391155.979,255.979,0.99,0.99,0.01,0.01,0.0,0.0,74780.18,1776391154000
1776391156.399,256.399,0.99,0.99,0.01,0.01,0.0,0.0,74780.18,1776391154000
1776391157.238,257.238,0.99,0.99,0.01,0.01,0.0,0.0,74780.91,1776391156000
1776391158.426,258.426,0.99,0.99,0.01,0.01,0.0,0.0,74780.91,1776391156000
1776391158.959,258.959,0.99,0.99,0.01,0.01,0.0,0.0,74780.11,1776391157000
1776391159.733,259.733,0.99,0.99,0.01,0.01,0.0,0.0,74778.79,1776391158000
1776391160.305,260.305,0.99,0.99,0.01,0.01,0.0,0.0,74777.41,1776391159000
1776391160.811,260.811,0.99,0.99,0.01,0.01,0.0,0.0,74777.41,1776391159000
1776391161.479,261.479,0.99,0.99,0.01,0.01,0.0,0.0,74775.64,1776391160000
1776391162.113,262.113,0.99,0.99,0.01,0.01,0.0,0.0,74776.48,1776391161000
1776391163.325,263.325,0.99,0.99,0.01,0.01,0.0,0.0,74769.1,1776391162000
1776391163.952,263.952,0.99,0.99,0.01,0.01,0.0,0.0,74768.07,1776391163000
1776391165.132,265.132,0.99,0.99,0.01,0.01,0.0,0.0,74765.93,1776391164000
1776391166.38,266.38,0.99,0.99,0.01,0.01,0.0,0.0,74765.93,1776391164000
1776391167.065,267.065,0.99,0.99,0.01,0.01,0.0,0.0,74766.2,1776391166000
1776391168.448,268.448,0.99,0.99,0.01,0.01,0.0,0.0,74767.44,1776391167000
1776391169.112,269.112,0.99,0.99,0.01,0.01,0.0,0.0,74767.44,1776391167000
1776391170.242,270.242,0.99,0.99,0.01,0.01,0.0,0.0,74768.58,1776391169000
1776391170.945,270.945,0.99,0.99,0.01,0.01,0.0,0.0,74768.58,1776391169000
1776391171.533,271.533,0.99,0.99,0.01,0.01,0.0,0.0,74768.59,1776391170000
1776391172.154,272.154,0.99,0.99,0.01,0.01,0.0,0.0,74767.94,1776391171000
1776391173.387,273.387,0.99,0.99,0.01,0.01,0.0,0.0,74768.38,1776391172000
1776391173.996,273.996,0.99,0.99,0.01,0.01,0.0,0.0,74768.38,1776391173000
1776391174.505,274.505,0.99,0.99,0.01,0.01,0.0,0.0,74768.38,1776391173000
1776391175.407,275.407,0.99,0.99,0.01,0.01,0.0,0.0,74768.17,1776391174000
1776391175.898,275.898,0.99,0.99,0.01,0.01,0.0,0.0,74768.17,1776391175000
1776391176.919,276.919,0.99,0.99,0.01,0.01,0.0,0.0,74768.04,1776391176000
1776391177.912,277.912,0.99,0.99,0.01,0.01,0.0,0.0,74768.04,1776391177000
1776391178.859,278.859,0.99,0.99,0.01,0.01,0.0,0.0,74767.81,1776391178000
1776391180.868,280.868,0.99,0.99,0.01,0.01,0.0,0.0,74767.81,1776391178000
1776391182.144,282.144,0.99,0.99,0.01,0.01,0.0,0.0,74764.69,1776391181000
1776391183.277,283.277,0.99,0.99,0.01,0.01,0.0,0.0,74767.4,1776391182000
1776391184.304,284.304,0.99,0.99,0.01,0.01,0.0,0.0,74767.51,1776391183000
1776391185.247,285.247,0.99,0.99,0.01,0.01,0.0,0.0,74768.14,1776391184000
1776391186.236,286.236,0.99,0.99,0.01,0.01,0.0,0.0,74768.14,1776391184000
1776391186.598,286.598,0.99,0.99,0.01,0.01,0.0,0.0,74770.17,1776391185000
1776391187.403,287.403,0.99,0.99,0.01,0.01,0.0,0.0,74770.86,1776391186000
1776391187.986,287.986,0.99,0.99,0.01,0.01,0.0,0.0,74767.77,1776391187000
1776391189.211,289.211,0.99,0.99,0.01,0.01,0.0,0.0,74765.6,1776391188000
1776391190.296,290.296,0.99,0.99,0.01,0.01,0.0,0.0,74765.12,1776391189000
1776391191.541,291.541,0.99,0.99,0.01,0.01,0.0,0.0,74764.91,1776391190000
1776391192.196,292.196,0.99,0.99,0.01,0.01,0.0,0.0,74764.66,1776391191000
1776391193.287,293.287,0.99,0.99,0.01,0.01,0.0,0.0,74764.68,1776391192000
1776391193.775,293.775,0.99,0.99,0.01,0.01,0.0,0.0,74764.68,1776391192000
1776391194.385,294.385,0.99,0.99,0.01,0.01,0.0,0.0,74763.87,1776391193000
1776391194.783,294.783,0.99,0.99,0.01,0.01,0.0,0.0,74763.87,1776391193000
1776391195.144,295.144,0.99,0.99,0.01,0.01,0.0,0.0,74762.97,1776391194000
1776391196.3,296.3,0.99,0.99,0.01,0.01,0.0,0.0,74762.81,1776391195000
1776391197.353,297.353,0.99,0.99,0.01,0.01,0.0,0.0,74761.63,1776391196000
1776391198.486,298.486,0.99,0.99,0.01,0.01,0.0,0.0,74761.85,1776391197000
1776391199.169,299.169,0.99,0.99,0.01,0.01,0.0,0.0,74761.85,1776391198000
1776391200.295,300.295,0.99,0.99,0.01,0.01,0.0,0.0,74762.01,1776391199000
1776391200.642,300.642,0.99,0.99,0.01,0.01,0.0,0.0,74762.01,1776391199000

# RESULT,winner=Up,slug=btc-updown-5m-1776390900,ticks=498
