timestamp,elapsed_sec,up_bid,up_ask,down_bid,down_ask,up_spread,down_spread,btc_price,btc_oracle_ts
1776416100.528,0.528,0.44,0.45,0.57,0.58,0.01,0.01,75772.65,1776416098000
1776416100.873,0.873,0.44,0.45,0.55,0.56,0.01,0.01,75772.65,1776416098000
1776416101.235,1.235,0.38,0.39,0.61,0.62,0.01,0.01,75774.39,1776416099000
1776416101.58,1.58,0.38,0.39,0.61,0.62,0.01,0.01,75774.39,1776416100000
1776416101.923,1.923,0.38,0.39,0.61,0.62,0.01,0.01,75774.39,1776416100000
1776416102.282,2.282,0.38,0.39,0.61,0.62,0.01,0.01,75774.39,1776416100000
1776416102.64,2.64,0.38,0.46,0.54,0.62,0.08,0.08,75770.04,1776416101000
1776416103.008,3.008,0.38,0.47,0.53,0.62,0.09,0.09,75770.04,1776416101000
1776416103.358,3.358,0.38,0.47,0.53,0.62,0.09,0.09,75770.04,1776416101000
1776416103.742,3.742,0.38,0.48,0.52,0.62,0.1,0.1,75770.04,1776416101000
1776416104.081,4.081,0.44,0.49,0.51,0.56,0.05,0.05,75787.26,1776416102000
1776416104.421,4.421,0.48,0.49,0.51,0.52,0.01,0.01,75787.26,1776416102000
1776416104.766,4.766,0.48,0.49,0.51,0.52,0.01,0.01,75787.26,1776416102000
1776416105.127,5.127,0.47,0.48,0.52,0.53,0.01,0.01,75788.68,1776416103000
1776416105.52,5.52,0.47,0.48,0.52,0.53,0.01,0.01,75789.24,1776416104000
1776416105.924,5.924,0.47,0.48,0.52,0.53,0.01,0.01,75789.24,1776416104000
1776416106.281,6.281,0.47,0.48,0.52,0.53,0.01,0.01,75789.24,1776416104000
1776416106.635,6.635,0.47,0.49,0.51,0.53,0.02,0.02,75789.38,1776416105000
1776416106.975,6.975,0.48,0.49,0.51,0.52,0.01,0.01,75789.38,1776416105000
1776416107.323,7.323,0.48,0.49,0.51,0.52,0.01,0.01,75789.38,1776416105000
1776416107.659,7.659,0.48,0.5,0.5,0.52,0.02,0.02,75789.38,1776416105000
1776416107.999,7.999,0.49,0.5,0.5,0.51,0.01,0.01,75790.56,1776416106000
1776416108.399,8.399,0.51,0.52,0.48,0.49,0.01,0.01,75790.56,1776416106000
1776416108.776,8.776,0.51,0.52,0.48,0.49,0.01,0.01,75790.56,1776416106000
1776416109.238,9.238,0.51,0.53,0.48,0.49,0.02,0.01,75797.19,1776416107000
1776416109.574,9.574,0.51,0.53,0.47,0.49,0.02,0.02,75841.01,1776416108000
1776416110.031,10.031,0.5,0.53,0.47,0.5,0.03,0.03,75841.01,1776416108000
1776416110.428,10.428,0.49,0.54,0.46,0.51,0.05,0.05,75874.35,1776416109000
1776416110.807,10.807,0.53,0.58,0.44,0.47,0.05,0.03,75874.35,1776416109000
1776416111.225,11.225,0.5,0.6,0.4,0.5,0.1,0.1,75880.11,1776416110000
1776416111.587,11.587,0.52,0.61,0.47,0.48,0.09,0.01,75880.11,1776416110000
1776416111.954,11.954,0.5,0.61,0.39,0.49,0.11,0.1,75880.11,1776416110000
1776416112.325,12.325,0.49,0.52,0.38,0.49,0.03,0.11,75880.11,1776416110000
1776416112.739,12.739,0.53,0.65,0.35,0.47,0.12,0.12,75875.69,1776416111000
1776416113.105,13.105,0.63,0.65,0.35,0.47,0.02,0.12,75875.69,1776416111000
1776416113.445,13.445,0.52,0.59,0.35,0.48,0.07,0.13,75875.69,1776416111000
1776416113.788,13.788,0.6,0.65,0.35,0.47,0.05,0.12,75868.93,1776416112000
1776416114.13,14.13,0.52,0.64,0.45,0.49,0.12,0.04,75868.93,1776416112000
1776416114.469,14.469,0.57,0.64,0.36,0.43,0.07,0.07,75868.93,1776416112000
1776416114.806,14.806,0.59,0.6,0.4,0.41,0.01,0.01,75868.93,1776416112000
1776416115.151,15.151,0.56,0.58,0.42,0.44,0.02,0.02,75872.11,1776416113000
1776416115.488,15.488,0.57,0.58,0.41,0.43,0.01,0.02,75872.11,1776416113000
1776416115.957,15.957,0.57,0.58,0.42,0.43,0.01,0.01,75876.33,1776416114000
1776416116.522,16.522,0.57,0.58,0.42,0.43,0.01,0.01,75876.33,1776416114000
1776416116.867,16.867,0.57,0.58,0.42,0.43,0.01,0.01,75875.55,1776416115000
1776416117.216,17.216,0.57,0.58,0.42,0.43,0.01,0.01,75875.55,1776416115000
1776416117.793,17.793,0.57,0.6,0.4,0.43,0.03,0.03,75874.97,1776416116000
1776416118.166,18.166,0.57,0.6,0.4,0.43,0.03,0.03,75874.97,1776416116000
1776416118.505,18.505,0.57,0.6,0.4,0.42,0.03,0.02,75877.76,1776416117000
1776416118.939,18.939,0.57,0.58,0.4,0.43,0.01,0.03,75877.76,1776416117000
1776416119.306,19.306,0.6,0.63,0.39,0.4,0.03,0.01,75878.64,1776416118000
1776416119.698,19.698,0.57,0.58,0.37,0.42,0.01,0.05,75878.64,1776416118000
1776416120.04,20.04,0.58,0.64,0.36,0.42,0.06,0.06,75878.35,1776416119000
1776416120.384,20.384,0.6,0.61,0.39,0.4,0.01,0.01,75878.35,1776416119000
1776416120.827,20.827,0.6,0.61,0.39,0.4,0.01,0.01,75878.35,1776416119000
1776416121.163,21.163,0.6,0.61,0.39,0.4,0.01,0.01,75879.28,1776416120000
1776416121.508,21.508,0.6,0.61,0.39,0.4,0.01,0.01,75879.28,1776416120000
1776416121.852,21.852,0.6,0.61,0.39,0.4,0.01,0.01,75879.28,1776416120000
1776416122.187,22.187,0.6,0.65,0.35,0.4,0.05,0.05,75878.84,1776416121000
1776416122.533,22.533,0.62,0.63,0.37,0.38,0.01,0.01,75878.84,1776416121000
1776416122.89,22.89,0.62,0.63,0.37,0.38,0.01,0.01,75878.84,1776416121000
1776416123.228,23.228,0.62,0.63,0.37,0.38,0.01,0.01,75871.21,1776416122000
1776416123.665,23.665,0.63,0.64,0.36,0.37,0.01,0.01,75871.21,1776416122000
1776416124.097,24.097,0.63,0.64,0.36,0.37,0.01,0.01,75875.64,1776416123000
1776416124.431,24.431,0.6,0.63,0.36,0.4,0.03,0.04,75875.64,1776416123000
1776416125.147,25.147,0.6,0.64,0.35,0.37,0.04,0.02,75875.64,1776416123000
1776416125.725,25.725,0.63,0.64,0.36,0.37,0.01,0.01,75876.4,1776416124000
1776416126.064,26.064,0.63,0.64,0.35,0.37,0.01,0.02,75876.4,1776416124000
1776416126.453,26.453,0.64,0.65,0.35,0.36,0.01,0.01,75874.48,1776416125000
1776416126.822,26.822,0.63,0.64,0.36,0.37,0.01,0.01,75874.48,1776416125000
1776416127.281,27.281,0.64,0.65,0.35,0.36,0.01,0.01,75874.56,1776416126000
1776416127.625,27.625,0.64,0.65,0.35,0.36,0.01,0.01,75874.56,1776416126000
1776416128.149,28.149,0.64,0.65,0.35,0.36,0.01,0.01,75874.61,1776416127000
1776416128.508,28.508,0.64,0.65,0.35,0.36,0.01,0.01,75874.61,1776416127000
1776416128.841,28.841,0.63,0.65,0.35,0.37,0.02,0.02,75874.61,1776416127000
1776416129.308,29.308,0.64,0.65,0.35,0.36,0.01,0.01,75875.7,1776416128000
1776416129.647,29.647,0.64,0.65,0.35,0.36,0.01,0.01,75875.7,1776416128000
1776416130.003,30.003,0.64,0.65,0.35,0.36,0.01,0.01,75875.7,1776416128000
1776416130.348,30.348,0.64,0.65,0.35,0.36,0.01,0.01,75876.31,1776416129000
1776416130.699,30.699,0.64,0.65,0.35,0.36,0.01,0.01,75876.31,1776416129000
1776416131.037,31.037,0.64,0.65,0.35,0.36,0.01,0.01,75876.31,1776416129000
1776416131.448,31.448,0.64,0.65,0.35,0.36,0.01,0.01,75876.31,1776416129000
1776416131.796,31.796,0.64,0.65,0.35,0.36,0.01,0.01,75879.24,1776416130000
1776416132.146,32.146,0.64,0.65,0.35,0.36,0.01,0.01,75879.24,1776416130000
1776416132.559,32.559,0.64,0.65,0.35,0.36,0.01,0.01,75879.24,1776416131000
1776416132.999,32.999,0.64,0.65,0.35,0.36,0.01,0.01,75879.24,1776416131000
1776416133.4,33.4,0.64,0.65,0.35,0.36,0.01,0.01,75877.98,1776416132000
1776416133.781,33.781,0.64,0.65,0.35,0.36,0.01,0.01,75877.98,1776416132000
1776416134.14,34.14,0.64,0.67,0.33,0.36,0.03,0.03,75877.98,1776416132000
1776416134.754,34.754,0.63,0.65,0.35,0.37,0.02,0.02,75872.32,1776416133000
1776416135.138,35.138,0.64,0.65,0.35,0.36,0.01,0.01,75872.32,1776416133000
1776416135.585,35.585,0.63,0.65,0.35,0.36,0.02,0.01,75872.25,1776416134000
1776416135.921,35.921,0.62,0.65,0.35,0.37,0.03,0.02,75872.25,1776416134000
1776416136.257,36.257,0.64,0.65,0.35,0.36,0.01,0.01,75862.57,1776416135000
1776416136.607,36.607,0.6,0.65,0.35,0.4,0.05,0.05,75862.57,1776416135000
1776416136.95,36.95,0.6,0.61,0.39,0.4,0.01,0.01,75862.57,1776416135000
1776416137.341,37.341,0.58,0.6,0.4,0.41,0.02,0.01,75850.92,1776416136000
1776416137.692,37.692,0.59,0.6,0.4,0.41,0.01,0.01,75850.92,1776416136000
1776416138.026,38.026,0.59,0.6,0.39,0.41,0.01,0.02,75850.92,1776416136000
1776416138.398,38.398,0.59,0.6,0.4,0.41,0.01,0.01,75837.01,1776416137000
1776416138.869,38.869,0.59,0.6,0.4,0.41,0.01,0.01,75837.01,1776416137000
1776416139.336,39.336,0.59,0.6,0.4,0.41,0.01,0.01,75833.84,1776416138000
1776416139.696,39.696,0.59,0.6,0.4,0.43,0.01,0.03,75833.84,1776416138000
1776416140.717,40.717,0.59,0.6,0.4,0.41,0.01,0.01,75833.84,1776416138000
1776416141.254,41.254,0.59,0.6,0.4,0.41,0.01,0.01,75832.09,1776416139000
1776416141.671,41.671,0.59,0.6,0.4,0.41,0.01,0.01,75827.39,1776416140000
1776416142.016,42.016,0.56,0.57,0.42,0.43,0.01,0.01,75827.39,1776416140000
1776416142.377,42.377,0.56,0.57,0.43,0.44,0.01,0.01,75827.15,1776416141000
1776416142.716,42.716,0.56,0.57,0.43,0.44,0.01,0.01,75827.15,1776416141000
1776416143.057,43.057,0.56,0.57,0.43,0.44,0.01,0.01,75827.15,1776416141000
1776416143.49,43.49,0.56,0.57,0.43,0.44,0.01,0.01,75816.83,1776416142000
1776416143.839,43.839,0.55,0.57,0.43,0.46,0.02,0.03,75816.83,1776416142000
1776416144.187,44.187,0.56,0.57,0.43,0.44,0.01,0.01,75816.83,1776416142000
1776416144.573,44.573,0.53,0.54,0.44,0.47,0.01,0.03,75812.23,1776416143000
1776416144.943,44.943,0.53,0.54,0.46,0.47,0.01,0.01,75812.23,1776416143000
1776416145.294,45.294,0.53,0.55,0.45,0.47,0.02,0.02,75811.02,1776416144000
1776416145.632,45.632,0.57,0.59,0.41,0.45,0.02,0.04,75811.02,1776416144000
1776416146.037,46.037,0.58,0.59,0.41,0.42,0.01,0.01,75811.02,1776416144000
1776416146.38,46.38,0.58,0.59,0.41,0.42,0.01,0.01,75804.19,1776416145000
1776416146.72,46.72,0.57,0.58,0.42,0.43,0.01,0.01,75804.19,1776416145000
1776416147.058,47.058,0.55,0.58,0.42,0.45,0.03,0.03,75804.19,1776416145000
1776416147.734,47.734,0.57,0.58,0.42,0.45,0.01,0.03,75823.69,1776416146000
1776416148.379,48.379,0.57,0.58,0.42,0.43,0.01,0.01,75825.15,1776416147000
1776416148.712,48.712,0.57,0.58,0.42,0.43,0.01,0.01,75825.15,1776416147000
1776416149.141,49.141,0.57,0.58,0.42,0.43,0.01,0.01,75825.64,1776416148000
1776416149.476,49.476,0.57,0.58,0.42,0.43,0.01,0.01,75825.64,1776416148000
1776416149.838,49.838,0.57,0.58,0.42,0.43,0.01,0.01,75825.64,1776416148000
1776416150.245,50.245,0.57,0.58,0.42,0.43,0.01,0.01,75823.35,1776416149000
1776416150.674,50.674,0.57,0.58,0.42,0.43,0.01,0.01,75823.35,1776416149000
1776416151.015,51.015,0.57,0.58,0.42,0.43,0.01,0.01,75823.35,1776416149000
1776416151.442,51.442,0.57,0.58,0.42,0.43,0.01,0.01,75825.77,1776416150000
1776416151.787,51.787,0.57,0.58,0.42,0.43,0.01,0.01,75825.77,1776416150000
1776416152.141,52.141,0.57,0.58,0.42,0.43,0.01,0.01,75824.29,1776416151000
1776416152.506,52.506,0.57,0.58,0.42,0.43,0.01,0.01,75824.29,1776416151000
1776416152.868,52.868,0.57,0.58,0.42,0.43,0.01,0.01,75824.29,1776416151000
1776416153.269,53.269,0.57,0.58,0.42,0.43,0.01,0.01,75821.08,1776416152000
1776416153.822,53.822,0.57,0.58,0.42,0.43,0.01,0.01,75821.08,1776416152000
1776416154.317,54.317,0.57,0.58,0.42,0.43,0.01,0.01,75820.08,1776416153000
1776416154.732,54.732,0.57,0.58,0.42,0.43,0.01,0.01,75820.08,1776416153000
1776416155.075,55.075,0.57,0.58,0.42,0.43,0.01,0.01,75820.08,1776416153000
1776416156.221,56.221,0.57,0.58,0.42,0.43,0.01,0.01,75816.44,1776416154000
1776416156.559,56.559,0.57,0.58,0.42,0.43,0.01,0.01,75814.28,1776416155000
1776416156.932,56.932,0.57,0.58,0.42,0.43,0.01,0.01,75814.28,1776416155000
1776416157.33,57.33,0.57,0.58,0.42,0.43,0.01,0.01,75814.28,1776416155000
1776416157.807,57.807,0.57,0.58,0.42,0.43,0.01,0.01,75813.28,1776416156000
1776416158.144,58.144,0.56,0.58,0.42,0.43,0.02,0.01,75813.28,1776416156000
1776416158.849,58.849,0.55,0.56,0.44,0.45,0.01,0.01,75812.25,1776416157000
1776416159.217,59.217,0.55,0.56,0.44,0.45,0.01,0.01,75809.53,1776416158000
1776416159.647,59.647,0.55,0.56,0.44,0.45,0.01,0.01,75809.53,1776416158000
1776416159.991,59.991,0.55,0.56,0.44,0.45,0.01,0.01,75809.53,1776416158000
1776416160.329,60.329,0.55,0.56,0.44,0.45,0.01,0.01,75805.58,1776416159000
1776416160.717,60.717,0.53,0.54,0.46,0.47,0.01,0.01,75805.58,1776416159000
1776416161.059,61.059,0.53,0.54,0.46,0.47,0.01,0.01,75805.58,1776416159000
1776416161.439,61.439,0.53,0.54,0.46,0.47,0.01,0.01,75805.58,1776416159000
1776416162.022,62.022,0.53,0.54,0.46,0.47,0.01,0.01,75805.83,1776416161000
1776416162.367,62.367,0.53,0.54,0.46,0.47,0.01,0.01,75805.83,1776416161000
1776416162.703,62.703,0.53,0.54,0.46,0.47,0.01,0.01,75805.83,1776416161000
1776416163.155,63.155,0.53,0.54,0.46,0.47,0.01,0.01,75802.81,1776416162000
1776416163.644,63.644,0.53,0.54,0.46,0.47,0.01,0.01,75802.81,1776416162000
1776416164.001,64.001,0.53,0.54,0.46,0.47,0.01,0.01,75802.81,1776416162000
1776416164.514,64.514,0.53,0.54,0.46,0.47,0.01,0.01,75802.47,1776416163000
1776416164.87,64.87,0.53,0.55,0.45,0.47,0.02,0.02,75802.47,1776416163000
1776416165.216,65.216,0.54,0.56,0.46,0.47,0.02,0.01,75802.47,1776416163000
1776416165.55,65.55,0.54,0.58,0.41,0.44,0.04,0.03,75805.66,1776416164000
1776416166.058,66.058,0.55,0.57,0.44,0.45,0.02,0.01,75805.66,1776416164000
1776416166.393,66.393,0.56,0.58,0.42,0.44,0.02,0.02,75816.61,1776416165000
1776416166.732,66.732,0.56,0.57,0.43,0.44,0.01,0.01,75816.61,1776416165000
1776416167.105,67.105,0.57,0.58,0.42,0.44,0.01,0.02,75816.61,1776416165000
1776416167.48,67.48,0.57,0.59,0.42,0.43,0.02,0.01,75815.72,1776416166000
1776416167.882,67.882,0.58,0.59,0.41,0.42,0.01,0.01,75815.72,1776416166000
1776416168.219,68.219,0.58,0.6,0.4,0.41,0.02,0.01,75815.72,1776416166000
1776416168.556,68.556,0.59,0.6,0.4,0.42,0.01,0.02,75818.72,1776416167000
1776416168.89,68.89,0.59,0.6,0.4,0.41,0.01,0.01,75818.72,1776416167000
1776416169.268,69.268,0.59,0.6,0.39,0.41,0.01,0.02,75822.97,1776416168000
1776416170.168,70.168,0.59,0.6,0.4,0.41,0.01,0.01,75839.31,1776416169000
1776416171.18,71.18,0.59,0.6,0.4,0.41,0.01,0.01,75842.51,1776416170000
1776416171.746,71.746,0.59,0.6,0.4,0.41,0.01,0.01,75842.51,1776416170000
1776416172.162,72.162,0.59,0.62,0.38,0.41,0.03,0.03,75853.76,1776416171000
1776416172.815,72.815,0.61,0.63,0.37,0.4,0.02,0.03,75853.76,1776416171000
1776416173.159,73.159,0.63,0.64,0.36,0.37,0.01,0.01,75853.76,1776416171000
1776416173.495,73.495,0.62,0.64,0.36,0.38,0.02,0.02,75859.46,1776416172000
1776416173.881,73.881,0.63,0.64,0.36,0.38,0.01,0.02,75859.46,1776416172000
1776416174.217,74.217,0.63,0.64,0.36,0.37,0.01,0.01,75859.46,1776416172000
1776416174.561,74.561,0.63,0.64,0.36,0.37,0.01,0.01,75859.46,1776416172000
1776416174.919,74.919,0.63,0.64,0.36,0.37,0.01,0.01,75860.56,1776416173000
1776416175.261,75.261,0.63,0.64,0.36,0.37,0.01,0.01,75860.56,1776416173000
1776416175.676,75.676,0.64,0.65,0.35,0.37,0.01,0.02,75862.42,1776416174000
1776416176.066,76.066,0.64,0.65,0.35,0.36,0.01,0.01,75862.42,1776416174000
1776416176.426,76.426,0.64,0.66,0.34,0.36,0.02,0.02,75873.16,1776416175000
1776416176.862,76.862,0.66,0.67,0.33,0.34,0.01,0.01,75873.16,1776416175000
1776416177.584,77.584,0.66,0.67,0.33,0.34,0.01,0.01,75873.18,1776416176000
1776416177.947,77.947,0.66,0.67,0.33,0.34,0.01,0.01,75873.18,1776416176000
1776416178.318,78.318,0.66,0.67,0.33,0.34,0.01,0.01,75874.32,1776416177000
1776416178.687,78.687,0.66,0.67,0.33,0.34,0.01,0.01,75874.32,1776416177000
1776416179.175,79.175,0.66,0.67,0.32,0.34,0.01,0.02,75874.32,1776416177000
1776416179.514,79.514,0.66,0.67,0.33,0.34,0.01,0.01,75874.95,1776416178000
1776416179.862,79.862,0.66,0.67,0.33,0.34,0.01,0.01,75874.95,1776416178000
1776416180.354,80.354,0.66,0.67,0.33,0.34,0.01,0.01,75874.91,1776416179000
1776416180.863,80.863,0.67,0.68,0.31,0.33,0.01,0.02,75874.91,1776416179000
1776416181.2,81.2,0.67,0.68,0.32,0.33,0.01,0.01,75875.54,1776416180000
1776416181.543,81.543,0.67,0.68,0.32,0.33,0.01,0.01,75875.54,1776416180000
1776416181.897,81.897,0.66,0.68,0.32,0.34,0.02,0.02,75875.54,1776416180000
1776416182.246,82.246,0.61,0.65,0.35,0.36,0.04,0.01,75875.54,1776416180000
1776416182.611,82.611,0.62,0.64,0.36,0.38,0.02,0.02,75874.16,1776416181000
1776416182.966,82.966,0.61,0.63,0.37,0.39,0.02,0.02,75874.16,1776416181000
1776416183.494,83.494,0.61,0.62,0.38,0.39,0.01,0.01,75866.96,1776416182000
1776416183.828,83.828,0.61,0.62,0.38,0.39,0.01,0.01,75866.96,1776416182000
1776416184.234,84.234,0.61,0.62,0.38,0.39,0.01,0.01,75845.69,1776416183000
1776416184.622,84.622,0.61,0.62,0.38,0.39,0.01,0.01,75845.69,1776416183000
1776416185.28,85.28,0.61,0.62,0.38,0.39,0.01,0.01,75845.69,1776416183000
1776416185.619,85.619,0.61,0.62,0.38,0.39,0.01,0.01,75841.63,1776416184000
1776416186.074,86.074,0.61,0.62,0.38,0.39,0.01,0.01,75840.72,1776416185000
1776416186.627,86.627,0.61,0.62,0.38,0.39,0.01,0.01,75840.72,1776416185000
1776416187.177,87.177,0.61,0.62,0.38,0.39,0.01,0.01,75840.57,1776416186000
1776416187.516,87.516,0.61,0.62,0.38,0.39,0.01,0.01,75840.57,1776416186000
1776416187.904,87.904,0.61,0.62,0.38,0.39,0.01,0.01,75840.57,1776416186000
1776416188.263,88.263,0.61,0.62,0.38,0.39,0.01,0.01,75839.96,1776416187000
1776416188.784,88.784,0.61,0.62,0.38,0.39,0.01,0.01,75839.96,1776416187000
1776416189.876,89.876,0.61,0.62,0.38,0.39,0.01,0.01,75839.96,1776416187000
1776416190.244,90.244,0.61,0.62,0.38,0.39,0.01,0.01,75840.1,1776416189000
1776416190.589,90.589,0.61,0.62,0.38,0.4,0.01,0.02,75840.1,1776416189000
1776416190.944,90.944,0.6,0.62,0.38,0.4,0.02,0.02,75840.1,1776416189000
1776416191.313,91.313,0.6,0.61,0.39,0.4,0.01,0.01,75840.1,1776416189000
1776416191.692,91.692,0.6,0.61,0.39,0.4,0.01,0.01,75839.61,1776416190000
1776416192.039,92.039,0.6,0.61,0.39,0.4,0.01,0.01,75839.61,1776416190000
1776416192.495,92.495,0.6,0.61,0.39,0.4,0.01,0.01,75838.72,1776416191000
1776416193.162,93.162,0.6,0.61,0.39,0.4,0.01,0.01,75838.72,1776416191000
1776416193.496,93.496,0.6,0.61,0.39,0.4,0.01,0.01,75829.02,1776416192000
1776416193.892,93.892,0.6,0.61,0.39,0.4,0.01,0.01,75829.02,1776416192000
1776416194.261,94.261,0.6,0.61,0.39,0.4,0.01,0.01,75828.33,1776416193000
1776416194.783,94.783,0.6,0.61,0.39,0.4,0.01,0.01,75828.33,1776416193000
1776416195.166,95.166,0.6,0.61,0.39,0.4,0.01,0.01,75828.46,1776416194000
1776416195.529,95.529,0.6,0.62,0.39,0.4,0.02,0.01,75828.46,1776416194000
1776416195.958,95.958,0.6,0.61,0.38,0.4,0.01,0.02,75828.46,1776416194000
1776416196.319,96.319,0.6,0.62,0.38,0.4,0.02,0.02,75831.16,1776416195000
1776416196.719,96.719,0.6,0.61,0.39,0.4,0.01,0.01,75831.16,1776416195000
1776416197.094,97.094,0.6,0.61,0.39,0.4,0.01,0.01,75831.16,1776416195000
1776416197.482,97.482,0.6,0.61,0.39,0.4,0.01,0.01,75831.16,1776416195000
1776416197.896,97.896,0.6,0.61,0.39,0.4,0.01,0.01,75831.4,1776416196000
1776416198.287,98.287,0.6,0.61,0.39,0.4,0.01,0.01,75830.94,1776416197000
1776416198.694,98.694,0.6,0.61,0.39,0.4,0.01,0.01,75830.94,1776416197000
1776416199.105,99.105,0.6,0.61,0.39,0.4,0.01,0.01,75830.94,1776416197000
1776416199.508,99.508,0.6,0.61,0.39,0.4,0.01,0.01,75827.78,1776416198000
1776416199.848,99.848,0.55,0.56,0.4,0.44,0.01,0.04,75827.78,1776416198000
1776416200.197,100.197,0.55,0.56,0.44,0.45,0.01,0.01,75827.78,1776416198000
1776416200.563,100.563,0.55,0.56,0.44,0.45,0.01,0.01,75824.74,1776416199000
1776416201.091,101.091,0.55,0.56,0.44,0.45,0.01,0.01,75824.74,1776416199000
1776416201.429,101.429,0.53,0.55,0.45,0.47,0.02,0.02,75824.74,1776416199000
1776416201.912,101.912,0.54,0.55,0.45,0.46,0.01,0.01,75816.59,1776416200000
1776416202.408,102.408,0.54,0.55,0.45,0.46,0.01,0.01,75807.09,1776416201000
1776416202.777,102.777,0.51,0.53,0.47,0.49,0.02,0.02,75807.09,1776416201000
1776416203.138,103.138,0.51,0.52,0.48,0.49,0.01,0.01,75807.09,1776416201000
1776416203.482,103.482,0.51,0.52,0.48,0.49,0.01,0.01,75803.71,1776416202000
1776416203.973,103.973,0.5,0.51,0.49,0.5,0.01,0.01,75803.71,1776416202000
1776416204.313,104.313,0.49,0.5,0.5,0.51,0.01,0.01,75801.65,1776416203000
1776416204.713,104.713,0.48,0.49,0.51,0.52,0.01,0.01,75801.65,1776416203000
1776416205.078,105.078,0.47,0.48,0.52,0.53,0.01,0.01,75801.65,1776416203000
1776416205.433,105.433,0.47,0.48,0.52,0.53,0.01,0.01,75788.75,1776416204000
1776416205.814,105.814,0.49,0.5,0.5,0.51,0.01,0.01,75788.75,1776416204000
1776416206.313,106.313,0.5,0.51,0.48,0.51,0.01,0.03,75788.75,1776416204000
1776416206.651,106.651,0.49,0.5,0.5,0.51,0.01,0.01,75788.75,1776416204000
1776416207.018,107.018,0.49,0.5,0.5,0.51,0.01,0.01,75783.59,1776416205000
1776416207.373,107.373,0.49,0.5,0.5,0.51,0.01,0.01,75783.59,1776416205000
1776416207.852,107.852,0.49,0.5,0.5,0.51,0.01,0.01,75783.59,1776416205000
1776416208.373,108.373,0.49,0.5,0.5,0.51,0.01,0.01,75783.59,1776416205000
1776416208.767,108.767,0.49,0.5,0.5,0.51,0.01,0.01,75787.17,1776416206000
1776416209.152,109.152,0.49,0.5,0.5,0.51,0.01,0.01,75787.17,1776416206000
1776416209.517,109.517,0.47,0.48,0.5,0.53,0.01,0.03,75791.25,1776416207000
1776416210.011,110.011,0.47,0.48,0.52,0.53,0.01,0.01,75792.41,1776416208000
1776416210.65,110.65,0.47,0.48,0.52,0.53,0.01,0.01,75792.41,1776416208000
1776416211.1,111.1,0.46,0.47,0.52,0.54,0.01,0.02,75791.92,1776416209000
1776416211.49,111.49,0.44,0.46,0.54,0.55,0.02,0.01,75791.92,1776416209000
1776416211.85,111.85,0.42,0.45,0.55,0.58,0.03,0.03,75785.44,1776416210000
1776416212.184,112.184,0.42,0.43,0.57,0.58,0.01,0.01,75785.44,1776416210000
1776416212.523,112.523,0.42,0.43,0.57,0.58,0.01,0.01,75784.96,1776416211000
1776416212.886,112.886,0.42,0.43,0.57,0.58,0.01,0.01,75784.96,1776416211000
1776416213.354,113.354,0.42,0.43,0.57,0.58,0.01,0.01,75784.96,1776416211000
1776416213.73,113.73,0.42,0.43,0.57,0.58,0.01,0.01,75784.96,1776416211000
1776416214.079,114.079,0.42,0.43,0.57,0.58,0.01,0.01,75778.69,1776416212000
1776416214.439,114.439,0.42,0.43,0.57,0.58,0.01,0.01,75778.69,1776416212000
1776416214.779,114.779,0.42,0.45,0.55,0.58,0.03,0.03,75777.78,1776416213000
1776416215.151,115.151,0.47,0.48,0.51,0.53,0.01,0.02,75777.78,1776416213000
1776416215.672,115.672,0.49,0.5,0.51,0.52,0.01,0.01,75777.78,1776416214000
1776416216.015,116.015,0.49,0.5,0.5,0.51,0.01,0.01,75777.78,1776416214000
1776416216.536,116.536,0.49,0.5,0.5,0.51,0.01,0.01,75779.63,1776416215000
1776416216.895,116.895,0.49,0.5,0.5,0.52,0.01,0.02,75779.63,1776416215000
1776416217.292,117.292,0.48,0.49,0.5,0.52,0.01,0.02,75779.63,1776416215000
1776416217.771,117.771,0.48,0.49,0.51,0.52,0.01,0.01,75787.85,1776416216000
1776416218.136,118.136,0.48,0.49,0.51,0.52,0.01,0.01,75787.85,1776416216000
1776416218.47,118.47,0.47,0.48,0.52,0.53,0.01,0.01,75789.59,1776416217000
1776416218.85,118.85,0.46,0.47,0.53,0.54,0.01,0.01,75789.59,1776416217000
1776416219.239,119.239,0.45,0.46,0.54,0.55,0.01,0.01,75789.59,1776416217000
1776416219.59,119.59,0.45,0.46,0.54,0.55,0.01,0.01,75789.59,1776416217000
1776416220.036,120.036,0.45,0.46,0.54,0.55,0.01,0.01,75788.44,1776416218000
1776416220.426,120.426,0.47,0.48,0.51,0.54,0.01,0.03,75788.44,1776416218000
1776416221.117,121.117,0.47,0.48,0.52,0.53,0.01,0.01,75787.15,1776416219000
1776416221.455,121.455,0.47,0.48,0.52,0.53,0.01,0.01,75783.54,1776416220000
1776416221.866,121.866,0.45,0.46,0.53,0.55,0.01,0.02,75783.54,1776416220000
1776416222.21,122.21,0.44,0.45,0.55,0.56,0.01,0.01,75783.54,1776416220000
1776416222.581,122.581,0.43,0.44,0.55,0.57,0.01,0.02,75783.54,1776416220000
1776416223.019,123.019,0.43,0.44,0.56,0.57,0.01,0.01,75785.35,1776416221000
1776416223.417,123.417,0.42,0.43,0.57,0.58,0.01,0.01,75785.35,1776416222000
1776416223.972,123.972,0.42,0.43,0.57,0.58,0.01,0.01,75785.35,1776416222000
1776416224.539,124.539,0.4,0.42,0.57,0.6,0.02,0.03,75781.8,1776416223000
1776416224.898,124.898,0.39,0.41,0.59,0.61,0.02,0.02,75781.8,1776416223000
1776416225.232,125.232,0.38,0.4,0.6,0.62,0.02,0.02,75781.8,1776416223000
1776416225.696,125.696,0.37,0.39,0.61,0.63,0.02,0.02,75781.8,1776416223000
1776416226.062,126.062,0.36,0.37,0.63,0.64,0.01,0.01,75777.78,1776416224000
1776416226.455,126.455,0.36,0.37,0.63,0.64,0.01,0.01,75777.78,1776416224000
1776416226.937,126.937,0.36,0.37,0.63,0.64,0.01,0.01,75777.78,1776416224000
1776416227.317,127.317,0.34,0.35,0.64,0.66,0.01,0.02,75777.78,1776416224000
1776416227.696,127.696,0.34,0.35,0.65,0.66,0.01,0.01,75772.87,1776416225000
1776416228.045,128.045,0.34,0.35,0.65,0.66,0.01,0.01,75772.87,1776416225000
1776416228.731,128.731,0.34,0.35,0.65,0.66,0.01,0.01,75764.49,1776416226000
1776416229.065,129.065,0.34,0.35,0.65,0.67,0.01,0.02,75762.08,1776416227000
1776416229.428,129.428,0.34,0.35,0.65,0.66,0.01,0.01,75757.53,1776416228000
1776416229.786,129.786,0.34,0.35,0.65,0.66,0.01,0.01,75757.53,1776416228000
1776416230.125,130.125,0.4,0.44,0.5,0.6,0.04,0.1,75756.6,1776416229000
1776416230.458,130.458,0.41,0.44,0.56,0.59,0.03,0.03,75756.6,1776416229000
1776416230.819,130.819,0.44,0.45,0.55,0.56,0.01,0.01,75756.6,1776416229000
1776416231.192,131.192,0.44,0.45,0.55,0.56,0.01,0.01,75756.6,1776416229000
1776416231.534,131.534,0.44,0.45,0.55,0.56,0.01,0.01,75770.89,1776416230000
1776416231.903,131.903,0.44,0.45,0.55,0.56,0.01,0.01,75770.89,1776416230000
1776416232.337,132.337,0.45,0.46,0.54,0.56,0.01,0.02,75770.89,1776416230000
1776416232.796,132.796,0.45,0.46,0.54,0.55,0.01,0.01,75776.8,1776416231000
1776416233.18,133.18,0.45,0.46,0.54,0.55,0.01,0.01,75777.03,1776416232000
1776416233.771,133.771,0.45,0.46,0.54,0.55,0.01,0.01,75777.03,1776416232000
1776416234.112,134.112,0.47,0.48,0.52,0.54,0.01,0.02,75777.03,1776416232000
1776416234.483,134.483,0.47,0.48,0.52,0.53,0.01,0.01,75780.0,1776416233000
1776416234.862,134.862,0.5,0.51,0.49,0.5,0.01,0.01,75780.0,1776416233000
1776416235.219,135.219,0.5,0.51,0.49,0.5,0.01,0.01,75780.0,1776416233000
1776416235.56,135.56,0.5,0.52,0.49,0.5,0.02,0.01,75787.44,1776416234000
1776416235.903,135.903,0.5,0.52,0.49,0.5,0.02,0.01,75787.44,1776416234000
1776416236.269,136.269,0.51,0.52,0.48,0.5,0.01,0.02,75788.87,1776416235000
1776416236.668,136.668,0.51,0.52,0.48,0.49,0.01,0.01,75788.87,1776416235000
1776416237.113,137.113,0.51,0.52,0.48,0.49,0.01,0.01,75788.87,1776416235000
1776416237.727,137.727,0.51,0.52,0.48,0.49,0.01,0.01,75789.88,1776416236000
1776416238.261,138.261,0.51,0.52,0.48,0.49,0.01,0.01,75790.04,1776416237000
1776416238.621,138.621,0.51,0.52,0.48,0.49,0.01,0.01,75790.04,1776416237000
1776416238.965,138.965,0.51,0.52,0.48,0.49,0.01,0.01,75790.04,1776416237000
1776416239.382,139.382,0.5,0.52,0.48,0.49,0.02,0.01,75790.04,1776416237000
1776416239.763,139.763,0.5,0.51,0.49,0.5,0.01,0.01,75789.95,1776416238000
1776416240.154,140.154,0.5,0.51,0.49,0.5,0.01,0.01,75789.93,1776416239000
1776416240.667,140.667,0.5,0.51,0.49,0.5,0.01,0.01,75789.93,1776416239000
1776416241.036,141.036,0.5,0.51,0.49,0.5,0.01,0.01,75789.93,1776416239000
1776416241.371,141.371,0.5,0.53,0.49,0.5,0.03,0.01,75789.93,1776416240000
1776416241.813,141.813,0.5,0.51,0.49,0.5,0.01,0.01,75789.93,1776416240000
1776416242.363,142.363,0.5,0.51,0.49,0.5,0.01,0.01,75789.93,1776416240000
1776416242.836,142.836,0.5,0.51,0.49,0.5,0.01,0.01,75788.73,1776416241000
1776416243.189,143.189,0.49,0.5,0.5,0.51,0.01,0.01,75788.73,1776416241000
1776416243.638,143.638,0.49,0.5,0.5,0.51,0.01,0.01,75789.23,1776416242000
1776416243.984,143.984,0.49,0.5,0.5,0.51,0.01,0.01,75789.23,1776416242000
1776416244.394,144.394,0.49,0.5,0.5,0.51,0.01,0.01,75789.5,1776416243000
1776416244.933,144.933,0.49,0.5,0.5,0.51,0.01,0.01,75789.5,1776416243000
1776416245.792,145.792,0.48,0.5,0.5,0.51,0.02,0.01,75788.84,1776416244000
1776416246.227,146.227,0.49,0.5,0.5,0.51,0.01,0.01,75788.8,1776416245000
1776416246.677,146.677,0.49,0.5,0.5,0.51,0.01,0.01,75788.8,1776416245000
1776416247.239,147.239,0.49,0.5,0.5,0.51,0.01,0.01,75788.0,1776416246000
1776416248.067,148.067,0.49,0.5,0.5,0.51,0.01,0.01,75788.0,1776416246000
1776416248.609,148.609,0.49,0.5,0.5,0.51,0.01,0.01,75786.11,1776416247000
1776416249.217,149.217,0.49,0.5,0.5,0.51,0.01,0.01,75786.11,1776416247000
1776416249.892,149.892,0.46,0.47,0.52,0.55,0.01,0.03,75786.32,1776416248000
1776416250.288,150.288,0.47,0.49,0.51,0.53,0.02,0.02,75786.32,1776416249000
1776416251.243,151.243,0.48,0.49,0.51,0.53,0.01,0.02,75786.32,1776416249000
1776416251.582,151.582,0.53,0.57,0.43,0.47,0.04,0.04,75784.63,1776416250000
1776416251.915,151.915,0.53,0.54,0.46,0.47,0.01,0.01,75784.63,1776416250000
1776416252.28,152.28,0.53,0.54,0.46,0.47,0.01,0.01,75784.63,1776416250000
1776416252.651,152.651,0.53,0.54,0.46,0.47,0.01,0.01,75796.01,1776416251000
1776416253.0,153.0,0.53,0.54,0.46,0.47,0.01,0.01,75796.01,1776416251000
1776416253.374,153.374,0.53,0.54,0.46,0.47,0.01,0.01,75800.48,1776416252000
1776416253.775,153.775,0.51,0.52,0.47,0.48,0.01,0.01,75800.48,1776416252000
1776416254.125,154.125,0.51,0.52,0.48,0.49,0.01,0.01,75800.11,1776416253000
1776416254.63,154.63,0.49,0.5,0.5,0.51,0.01,0.01,75800.11,1776416253000
1776416255.179,155.179,0.48,0.5,0.5,0.52,0.02,0.02,75800.11,1776416253000
1776416255.514,155.514,0.48,0.49,0.51,0.52,0.01,0.01,75800.11,1776416253000
1776416255.978,155.978,0.47,0.48,0.52,0.53,0.01,0.01,75800.11,1776416253000
1776416256.524,156.524,0.47,0.48,0.52,0.53,0.01,0.01,75791.76,1776416254000
1776416256.946,156.946,0.44,0.45,0.52,0.56,0.01,0.04,75787.65,1776416255000
1776416257.483,157.483,0.44,0.45,0.55,0.56,0.01,0.01,75785.58,1776416256000
1776416258.009,158.009,0.43,0.44,0.56,0.57,0.01,0.01,75785.58,1776416256000
1776416258.537,158.537,0.43,0.44,0.56,0.57,0.01,0.01,75781.72,1776416257000
1776416258.908,158.908,0.43,0.44,0.56,0.57,0.01,0.01,75781.72,1776416257000
1776416259.55,159.55,0.43,0.44,0.56,0.57,0.01,0.01,75778.53,1776416258000
1776416260.013,160.013,0.4,0.41,0.56,0.59,0.01,0.03,75778.53,1776416258000
1776416260.388,160.388,0.4,0.41,0.59,0.6,0.01,0.01,75778.53,1776416258000
1776416260.925,160.925,0.39,0.4,0.6,0.61,0.01,0.01,75778.53,1776416258000
1776416261.477,161.477,0.39,0.4,0.6,0.61,0.01,0.01,75774.87,1776416260000
1776416261.881,161.881,0.39,0.4,0.6,0.61,0.01,0.01,75774.87,1776416260000
1776416262.279,162.279,0.38,0.39,0.61,0.62,0.01,0.01,75771.17,1776416261000
1776416262.615,162.615,0.38,0.39,0.61,0.62,0.01,0.01,75771.17,1776416261000
1776416263.007,163.007,0.36,0.37,0.63,0.64,0.01,0.01,75771.17,1776416261000
1776416263.467,163.467,0.36,0.37,0.63,0.64,0.01,0.01,75771.17,1776416261000
1776416263.847,163.847,0.34,0.36,0.64,0.66,0.02,0.02,75766.61,1776416262000
1776416264.185,164.185,0.34,0.35,0.64,0.66,0.01,0.02,75766.61,1776416262000
1776416264.551,164.551,0.34,0.35,0.65,0.66,0.01,0.01,75764.81,1776416263000
1776416265.201,165.201,0.34,0.35,0.65,0.66,0.01,0.01,75763.39,1776416264000
1776416265.551,165.551,0.32,0.33,0.65,0.68,0.01,0.03,75763.39,1776416264000
1776416265.987,165.987,0.31,0.32,0.68,0.69,0.01,0.01,75763.39,1776416264000
1776416266.345,166.345,0.31,0.32,0.68,0.69,0.01,0.01,75763.39,1776416264000
1776416266.775,166.775,0.31,0.32,0.68,0.69,0.01,0.01,75759.62,1776416265000
1776416267.148,167.148,0.29,0.3,0.7,0.71,0.01,0.01,75759.62,1776416265000
1776416267.524,167.524,0.29,0.3,0.7,0.72,0.01,0.02,75756.56,1776416266000
1776416267.86,167.86,0.28,0.29,0.71,0.72,0.01,0.01,75756.56,1776416266000
1776416268.226,168.226,0.26,0.28,0.71,0.72,0.02,0.01,75756.56,1776416266000
1776416268.667,168.667,0.25,0.26,0.74,0.75,0.01,0.01,75756.56,1776416266000
1776416269.056,169.056,0.25,0.26,0.74,0.75,0.01,0.01,75751.66,1776416267000
1776416269.442,169.442,0.23,0.25,0.75,0.77,0.02,0.02,75749.28,1776416268000
1776416269.794,169.794,0.23,0.24,0.76,0.77,0.01,0.01,75749.28,1776416268000
1776416270.188,170.188,0.22,0.23,0.77,0.78,0.01,0.01,75749.28,1776416268000
1776416270.548,170.548,0.22,0.23,0.77,0.78,0.01,0.01,75749.28,1776416268000
1776416270.883,170.883,0.21,0.23,0.77,0.78,0.02,0.01,75740.95,1776416269000
1776416271.245,171.245,0.21,0.22,0.78,0.8,0.01,0.02,75740.95,1776416269000
1776416271.64,171.64,0.2,0.21,0.79,0.8,0.01,0.01,75736.85,1776416270000
1776416272.031,172.031,0.2,0.21,0.79,0.8,0.01,0.01,75736.85,1776416270000
1776416272.378,172.378,0.2,0.21,0.79,0.8,0.01,0.01,75736.85,1776416270000
1776416272.76,172.76,0.2,0.21,0.79,0.8,0.01,0.01,75736.85,1776416270000
1776416273.132,173.132,0.23,0.24,0.76,0.8,0.01,0.04,75730.39,1776416271000
1776416273.531,173.531,0.23,0.24,0.76,0.77,0.01,0.01,75730.39,1776416271000
1776416273.864,173.864,0.23,0.24,0.76,0.77,0.01,0.01,75730.39,1776416271000
1776416274.928,174.928,0.23,0.24,0.76,0.77,0.01,0.01,75729.15,1776416273000
1776416275.262,175.262,0.23,0.24,0.76,0.77,0.01,0.01,75729.15,1776416273000
1776416275.646,175.646,0.23,0.24,0.76,0.77,0.01,0.01,75729.15,1776416273000
1776416275.988,175.988,0.23,0.24,0.76,0.77,0.01,0.01,75730.66,1776416274000
1776416276.402,176.402,0.23,0.24,0.76,0.77,0.01,0.01,75730.66,1776416274000
1776416276.898,176.898,0.23,0.24,0.76,0.77,0.01,0.01,75730.68,1776416275000
1776416277.31,177.31,0.23,0.24,0.76,0.77,0.01,0.01,75730.41,1776416276000
1776416277.718,177.718,0.23,0.24,0.76,0.77,0.01,0.01,75730.41,1776416276000
1776416278.087,178.087,0.21,0.23,0.77,0.78,0.02,0.01,75730.37,1776416277000
1776416278.45,178.45,0.21,0.22,0.78,0.79,0.01,0.01,75730.37,1776416277000
1776416278.878,178.878,0.21,0.22,0.78,0.79,0.01,0.01,75730.66,1776416278000
1776416279.224,179.224,0.21,0.22,0.78,0.79,0.01,0.01,75730.66,1776416278000
1776416279.618,179.618,0.21,0.22,0.78,0.79,0.01,0.01,75730.66,1776416278000
1776416280.042,180.042,0.21,0.22,0.78,0.79,0.01,0.01,75730.36,1776416279000
1776416280.389,180.389,0.21,0.22,0.78,0.79,0.01,0.01,75730.36,1776416279000
1776416280.776,180.776,0.21,0.22,0.78,0.79,0.01,0.01,75730.36,1776416279000
1776416281.17,181.17,0.2,0.21,0.79,0.8,0.01,0.01,75730.35,1776416280000
1776416281.53,181.53,0.2,0.21,0.79,0.8,0.01,0.01,75730.35,1776416280000
1776416281.889,181.889,0.2,0.21,0.79,0.8,0.01,0.01,75730.31,1776416281000
1776416282.371,182.371,0.2,0.21,0.79,0.8,0.01,0.01,75730.31,1776416281000
1776416282.726,182.726,0.2,0.21,0.79,0.8,0.01,0.01,75730.31,1776416281000
1776416283.068,183.068,0.2,0.21,0.79,0.8,0.01,0.01,75730.31,1776416282000
1776416283.424,183.424,0.2,0.21,0.79,0.8,0.01,0.01,75730.31,1776416282000
1776416283.782,183.782,0.2,0.21,0.79,0.8,0.01,0.01,75730.31,1776416282000
1776416284.173,184.173,0.2,0.21,0.79,0.8,0.01,0.01,75729.24,1776416283000
1776416284.631,184.631,0.2,0.21,0.79,0.8,0.01,0.01,75729.24,1776416283000
1776416285.107,185.107,0.2,0.21,0.79,0.8,0.01,0.01,75727.7,1776416284000
1776416285.475,185.475,0.2,0.21,0.79,0.8,0.01,0.01,75727.7,1776416284000
1776416285.818,185.818,0.18,0.2,0.79,0.83,0.02,0.04,75727.7,1776416284000
1776416286.17,186.17,0.18,0.19,0.81,0.82,0.01,0.01,75729.36,1776416285000
1776416286.58,186.58,0.18,0.19,0.81,0.82,0.01,0.01,75729.36,1776416285000
1776416286.949,186.949,0.17,0.18,0.82,0.83,0.01,0.01,75729.36,1776416285000
1776416287.37,187.37,0.17,0.18,0.82,0.83,0.01,0.01,75728.95,1776416286000
1776416287.708,187.708,0.17,0.19,0.81,0.83,0.02,0.02,75728.95,1776416286000
1776416288.048,188.048,0.2,0.21,0.79,0.8,0.01,0.01,75728.95,1776416286000
1776416288.46,188.46,0.2,0.21,0.79,0.8,0.01,0.01,75724.42,1776416287000
1776416288.948,188.948,0.2,0.21,0.79,0.8,0.01,0.01,75724.42,1776416287000
1776416289.41,189.41,0.2,0.21,0.79,0.8,0.01,0.01,75723.42,1776416288000
1776416289.93,189.93,0.22,0.23,0.77,0.78,0.01,0.01,75723.42,1776416288000
1776416290.425,190.425,0.23,0.24,0.76,0.77,0.01,0.01,75725.78,1776416289000
1776416290.816,190.816,0.23,0.24,0.76,0.77,0.01,0.01,75725.78,1776416289000
1776416291.245,191.245,0.23,0.24,0.76,0.77,0.01,0.01,75730.43,1776416290000
1776416291.799,191.799,0.23,0.24,0.76,0.77,0.01,0.01,75730.43,1776416290000
1776416292.165,192.165,0.25,0.26,0.74,0.76,0.01,0.02,75731.93,1776416291000
1776416292.517,192.517,0.25,0.26,0.74,0.75,0.01,0.01,75731.93,1776416291000
1776416292.926,192.926,0.25,0.26,0.74,0.75,0.01,0.01,75731.93,1776416291000
1776416293.266,193.266,0.24,0.25,0.75,0.76,0.01,0.01,75734.88,1776416292000
1776416293.808,193.808,0.24,0.25,0.75,0.76,0.01,0.01,75734.88,1776416292000
1776416294.223,194.223,0.31,0.33,0.67,0.69,0.02,0.02,75734.88,1776416292000
1776416294.56,194.56,0.32,0.34,0.66,0.68,0.02,0.02,75736.75,1776416293000
1776416294.969,194.969,0.33,0.34,0.66,0.67,0.01,0.01,75736.75,1776416293000
1776416295.308,195.308,0.33,0.34,0.66,0.67,0.01,0.01,75736.75,1776416293000
1776416295.645,195.645,0.37,0.38,0.62,0.63,0.01,0.01,75736.75,1776416293000
1776416295.997,195.997,0.41,0.46,0.54,0.59,0.05,0.05,75743.66,1776416294000
1776416296.345,196.345,0.46,0.51,0.49,0.54,0.05,0.05,75752.06,1776416295000
1776416296.69,196.69,0.49,0.5,0.5,0.51,0.01,0.01,75752.06,1776416295000
1776416297.026,197.026,0.49,0.5,0.5,0.51,0.01,0.01,75752.06,1776416295000
1776416297.537,197.537,0.49,0.5,0.5,0.51,0.01,0.01,75752.06,1776416295000
1776416297.882,197.882,0.44,0.5,0.5,0.56,0.06,0.06,75766.81,1776416296000
1776416298.295,198.295,0.48,0.49,0.51,0.52,0.01,0.01,75777.05,1776416297000
1776416298.658,198.658,0.48,0.49,0.51,0.52,0.01,0.01,75777.05,1776416297000
1776416298.992,198.992,0.45,0.46,0.54,0.55,0.01,0.01,75777.05,1776416297000
1776416299.393,199.393,0.44,0.46,0.54,0.55,0.02,0.01,75777.05,1776416297000
1776416299.744,199.744,0.44,0.45,0.55,0.56,0.01,0.01,75778.88,1776416298000
1776416300.092,200.092,0.44,0.45,0.55,0.56,0.01,0.01,75772.92,1776416299000
1776416300.67,200.67,0.43,0.44,0.55,0.57,0.01,0.02,75772.92,1776416299000
1776416301.006,201.006,0.42,0.44,0.56,0.58,0.02,0.02,75772.92,1776416299000
1776416301.388,201.388,0.43,0.44,0.56,0.57,0.01,0.01,75771.97,1776416300000
1776416301.732,201.732,0.43,0.44,0.56,0.57,0.01,0.01,75771.97,1776416300000
1776416302.115,202.115,0.43,0.44,0.56,0.57,0.01,0.01,75771.97,1776416300000
1776416302.468,202.468,0.43,0.44,0.56,0.57,0.01,0.01,75771.7,1776416301000
1776416302.83,202.83,0.43,0.44,0.56,0.57,0.01,0.01,75771.7,1776416301000
1776416303.26,203.26,0.43,0.44,0.56,0.57,0.01,0.01,75772.36,1776416302000
1776416303.937,203.937,0.43,0.44,0.56,0.57,0.01,0.01,75772.36,1776416302000
1776416304.337,204.337,0.43,0.44,0.56,0.57,0.01,0.01,75772.37,1776416303000
1776416304.674,204.674,0.41,0.43,0.57,0.59,0.02,0.02,75772.37,1776416303000
1776416305.064,205.064,0.41,0.42,0.58,0.59,0.01,0.01,75772.37,1776416303000
1776416305.418,205.418,0.41,0.42,0.58,0.59,0.01,0.01,75772.37,1776416303000
1776416305.798,205.798,0.41,0.42,0.58,0.59,0.01,0.01,75772.35,1776416304000
1776416306.136,206.136,0.41,0.42,0.58,0.59,0.01,0.01,75772.35,1776416304000
1776416306.484,206.484,0.41,0.42,0.58,0.59,0.01,0.01,75772.35,1776416304000
1776416306.819,206.819,0.41,0.42,0.58,0.59,0.01,0.01,75772.34,1776416305000
1776416307.17,207.17,0.42,0.43,0.57,0.58,0.01,0.01,75772.34,1776416305000
1776416307.508,207.508,0.42,0.43,0.57,0.58,0.01,0.01,75770.46,1776416306000
1776416307.878,207.878,0.4,0.41,0.59,0.6,0.01,0.01,75770.46,1776416306000
1776416308.257,208.257,0.39,0.4,0.6,0.61,0.01,0.01,75770.36,1776416307000
1776416308.61,208.61,0.39,0.4,0.6,0.61,0.01,0.01,75770.36,1776416307000
1776416309.207,209.207,0.38,0.39,0.61,0.62,0.01,0.01,75770.36,1776416307000
1776416309.555,209.555,0.38,0.39,0.61,0.62,0.01,0.01,75770.28,1776416308000
1776416310.0,210.0,0.38,0.39,0.61,0.62,0.01,0.01,75770.28,1776416308000
1776416310.387,210.387,0.36,0.37,0.63,0.64,0.01,0.01,75770.28,1776416308000
1776416310.731,210.731,0.36,0.37,0.63,0.64,0.01,0.01,75767.42,1776416309000
1776416311.124,211.124,0.36,0.37,0.63,0.64,0.01,0.01,75767.42,1776416309000
1776416311.598,211.598,0.36,0.37,0.63,0.64,0.01,0.01,75766.63,1776416310000
1776416311.947,211.947,0.34,0.37,0.63,0.66,0.03,0.03,75765.94,1776416311000
1776416312.498,212.498,0.32,0.33,0.66,0.68,0.01,0.02,75765.94,1776416311000
1776416312.993,212.993,0.31,0.32,0.67,0.69,0.01,0.02,75765.94,1776416311000
1776416313.367,213.367,0.31,0.32,0.68,0.69,0.01,0.01,75761.65,1776416312000
1776416313.798,213.798,0.31,0.32,0.68,0.69,0.01,0.01,75761.65,1776416312000
1776416314.142,214.142,0.31,0.32,0.68,0.69,0.01,0.01,75759.16,1776416313000
1776416314.475,214.475,0.31,0.32,0.68,0.69,0.01,0.01,75759.16,1776416313000
1776416314.939,214.939,0.31,0.32,0.68,0.69,0.01,0.01,75759.16,1776416313000
1776416315.283,215.283,0.31,0.32,0.68,0.69,0.01,0.01,75754.81,1776416314000
1776416315.646,215.646,0.31,0.32,0.68,0.69,0.01,0.01,75754.81,1776416314000
1776416316.034,216.034,0.31,0.32,0.68,0.69,0.01,0.01,75754.81,1776416314000
1776416316.41,216.41,0.31,0.32,0.68,0.69,0.01,0.01,75755.28,1776416315000
1776416317.158,217.158,0.31,0.32,0.68,0.69,0.01,0.01,75755.28,1776416315000
1776416317.539,217.539,0.31,0.32,0.68,0.69,0.01,0.01,75757.62,1776416316000
1776416317.914,217.914,0.31,0.32,0.68,0.69,0.01,0.01,75757.62,1776416316000
1776416318.445,218.445,0.31,0.32,0.68,0.69,0.01,0.01,75757.62,1776416316000
1776416319.042,219.042,0.31,0.32,0.68,0.69,0.01,0.01,75757.62,1776416317000
1776416319.378,219.378,0.31,0.35,0.65,0.69,0.04,0.04,75757.07,1776416318000
1776416319.789,219.789,0.34,0.35,0.65,0.66,0.01,0.01,75757.07,1776416318000
1776416320.248,220.248,0.34,0.35,0.65,0.66,0.01,0.01,75757.07,1776416318000
1776416320.965,220.965,0.34,0.35,0.65,0.66,0.01,0.01,75756.93,1776416319000
1776416321.325,221.325,0.34,0.35,0.65,0.66,0.01,0.01,75756.93,1776416319000
1776416321.726,221.726,0.34,0.35,0.65,0.66,0.01,0.01,75757.66,1776416320000
1776416322.148,222.148,0.34,0.35,0.65,0.66,0.01,0.01,75757.66,1776416320000
1776416323.17,223.17,0.3,0.35,0.65,0.7,0.05,0.05,75757.71,1776416322000
1776416323.54,223.54,0.32,0.33,0.67,0.68,0.01,0.01,75757.71,1776416322000
1776416323.91,223.91,0.32,0.33,0.67,0.68,0.01,0.01,75757.71,1776416322000
1776416324.263,224.263,0.32,0.33,0.67,0.68,0.01,0.01,75757.71,1776416322000
1776416324.683,224.683,0.31,0.32,0.67,0.68,0.01,0.01,75757.71,1776416323000
1776416325.852,225.852,0.3,0.32,0.68,0.69,0.02,0.01,75757.71,1776416324000
1776416326.222,226.222,0.3,0.31,0.69,0.7,0.01,0.01,75757.12,1776416325000
1776416326.66,226.66,0.28,0.31,0.69,0.7,0.03,0.01,75757.12,1776416325000
1776416326.994,226.994,0.29,0.3,0.7,0.71,0.01,0.01,75756.68,1776416326000
1776416327.38,227.38,0.29,0.3,0.7,0.72,0.01,0.02,75756.68,1776416326000
1776416327.857,227.857,0.29,0.3,0.7,0.71,0.01,0.01,75756.68,1776416326000
1776416328.22,228.22,0.28,0.29,0.71,0.72,0.01,0.01,75756.68,1776416327000
1776416328.778,228.778,0.28,0.29,0.71,0.72,0.01,0.01,75756.68,1776416327000
1776416329.193,229.193,0.28,0.29,0.71,0.72,0.01,0.01,75756.68,1776416327000
1776416329.729,229.729,0.28,0.29,0.71,0.72,0.01,0.01,75756.72,1776416328000
1776416330.402,230.402,0.28,0.29,0.71,0.72,0.01,0.01,75757.73,1776416329000
1776416330.743,230.743,0.28,0.29,0.71,0.72,0.01,0.01,75757.73,1776416329000
1776416331.221,231.221,0.28,0.29,0.71,0.72,0.01,0.01,75756.37,1776416330000
1776416331.596,231.596,0.28,0.29,0.71,0.72,0.01,0.01,75756.37,1776416330000
1776416331.991,231.991,0.28,0.29,0.71,0.72,0.01,0.01,75756.37,1776416330000
1776416332.666,232.666,0.28,0.29,0.71,0.72,0.01,0.01,75756.2,1776416331000
1776416333.127,233.127,0.28,0.29,0.71,0.72,0.01,0.01,75756.2,1776416332000
1776416333.586,233.586,0.28,0.29,0.71,0.72,0.01,0.01,75756.2,1776416332000
1776416334.092,234.092,0.28,0.29,0.71,0.72,0.01,0.01,75756.2,1776416332000
1776416334.468,234.468,0.28,0.29,0.71,0.72,0.01,0.01,75756.2,1776416333000
1776416334.859,234.859,0.28,0.29,0.71,0.72,0.01,0.01,75756.2,1776416333000
1776416335.382,235.382,0.28,0.29,0.71,0.72,0.01,0.01,75756.2,1776416334000
1776416335.955,235.955,0.25,0.27,0.73,0.75,0.02,0.02,75756.19,1776416335000
1776416336.729,236.729,0.24,0.26,0.73,0.76,0.02,0.03,75756.19,1776416335000
1776416337.071,237.071,0.25,0.26,0.74,0.75,0.01,0.01,75755.09,1776416336000
1776416337.556,237.556,0.24,0.25,0.74,0.75,0.01,0.01,75755.09,1776416336000
1776416338.16,238.16,0.24,0.25,0.75,0.76,0.01,0.01,75754.16,1776416337000
1776416339.29,239.29,0.24,0.25,0.75,0.76,0.01,0.01,75752.92,1776416338000
1776416339.703,239.703,0.23,0.25,0.75,0.76,0.02,0.01,75752.92,1776416338000
1776416340.037,240.037,0.2,0.23,0.77,0.8,0.03,0.03,75752.92,1776416338000
1776416340.619,240.619,0.21,0.23,0.77,0.8,0.02,0.03,75744.57,1776416339000
1776416340.961,240.961,0.21,0.22,0.78,0.79,0.01,0.01,75744.57,1776416339000
1776416342.024,242.024,0.2,0.23,0.78,0.8,0.03,0.02,75742.57,1776416340000
1776416342.38,242.38,0.2,0.22,0.78,0.8,0.02,0.02,75739.81,1776416341000
1776416343.041,243.041,0.14,0.17,0.83,0.86,0.03,0.03,75739.81,1776416341000
1776416343.524,243.524,0.14,0.16,0.84,0.86,0.02,0.02,75738.04,1776416342000
1776416344.217,244.217,0.14,0.17,0.83,0.86,0.03,0.03,75738.04,1776416342000
1776416344.66,244.66,0.16,0.17,0.83,0.85,0.01,0.02,75735.31,1776416343000
1776416345.52,245.52,0.15,0.16,0.83,0.84,0.01,0.01,75735.28,1776416344000
1776416345.868,245.868,0.14,0.16,0.84,0.86,0.02,0.02,75735.28,1776416344000
1776416346.28,246.28,0.14,0.16,0.84,0.86,0.02,0.02,75735.26,1776416345000
1776416346.653,246.653,0.14,0.16,0.84,0.86,0.02,0.02,75735.26,1776416345000
1776416347.007,247.007,0.14,0.15,0.85,0.86,0.01,0.01,75735.26,1776416345000
1776416347.358,247.358,0.14,0.15,0.85,0.86,0.01,0.01,75735.26,1776416345000
1776416347.752,247.752,0.13,0.14,0.86,0.87,0.01,0.01,75735.48,1776416346000
1776416348.119,248.119,0.12,0.16,0.84,0.88,0.04,0.04,75735.48,1776416346000
1776416348.49,248.49,0.1,0.16,0.84,0.9,0.06,0.06,75735.48,1776416346000
1776416348.849,248.849,0.15,0.16,0.84,0.86,0.01,0.02,75735.88,1776416347000
1776416349.266,249.266,0.15,0.16,0.84,0.85,0.01,0.01,75735.88,1776416347000
1776416349.651,249.651,0.13,0.14,0.84,0.85,0.01,0.01,75736.74,1776416348000
1776416350.09,250.09,0.13,0.14,0.86,0.87,0.01,0.01,75736.74,1776416348000
1776416350.47,250.47,0.12,0.13,0.87,0.88,0.01,0.01,75736.75,1776416349000
1776416350.811,250.811,0.11,0.13,0.87,0.88,0.02,0.01,75736.75,1776416349000
1776416351.216,251.216,0.11,0.12,0.88,0.89,0.01,0.01,75736.75,1776416349000
1776416351.584,251.584,0.11,0.12,0.88,0.89,0.01,0.01,75736.75,1776416350000
1776416351.919,251.919,0.1,0.11,0.88,0.9,0.01,0.02,75736.75,1776416350000
1776416352.327,252.327,0.1,0.11,0.89,0.9,0.01,0.01,75734.8,1776416351000
1776416353.582,253.582,0.1,0.11,0.89,0.9,0.01,0.01,75732.89,1776416352000
1776416354.273,254.273,0.1,0.11,0.89,0.9,0.01,0.01,75732.89,1776416352000
1776416354.849,254.849,0.1,0.11,0.89,0.9,0.01,0.01,75732.01,1776416353000
1776416355.211,255.211,0.1,0.11,0.89,0.9,0.01,0.01,75732.01,1776416353000
1776416355.613,255.613,0.1,0.11,0.89,0.9,0.01,0.01,75732.01,1776416353000
1776416355.947,255.947,0.1,0.11,0.89,0.9,0.01,0.01,75731.67,1776416354000
1776416356.309,256.309,0.09,0.1,0.89,0.91,0.01,0.02,75731.67,1776416354000
1776416356.672,256.672,0.09,0.1,0.9,0.91,0.01,0.01,75731.65,1776416355000
1776416357.014,257.014,0.09,0.1,0.9,0.91,0.01,0.01,75731.65,1776416355000
1776416357.43,257.43,0.08,0.09,0.9,0.92,0.01,0.02,75731.66,1776416356000
1776416357.779,257.779,0.08,0.09,0.91,0.92,0.01,0.01,75731.66,1776416356000
1776416358.171,258.171,0.08,0.09,0.91,0.92,0.01,0.01,75731.66,1776416356000
1776416358.508,258.508,0.09,0.1,0.9,0.92,0.01,0.02,75731.66,1776416356000
1776416358.857,258.857,0.09,0.1,0.9,0.91,0.01,0.01,75731.64,1776416357000
1776416359.194,259.194,0.09,0.1,0.9,0.91,0.01,0.01,75731.64,1776416357000
1776416359.534,259.534,0.09,0.1,0.9,0.91,0.01,0.01,75731.53,1776416358000
1776416359.893,259.893,0.09,0.1,0.9,0.92,0.01,0.02,75731.53,1776416358000
1776416360.822,260.822,0.09,0.1,0.9,0.91,0.01,0.01,75731.53,1776416359000
1776416361.156,261.156,0.13,0.15,0.85,0.87,0.02,0.02,75731.53,1776416359000
1776416361.524,261.524,0.14,0.16,0.83,0.85,0.02,0.02,75733.9,1776416360000
1776416361.983,261.983,0.16,0.17,0.83,0.84,0.01,0.01,75733.9,1776416360000
1776416362.845,262.845,0.16,0.17,0.83,0.84,0.01,0.01,75738.43,1776416361000
1776416363.183,263.183,0.17,0.18,0.82,0.83,0.01,0.01,75738.43,1776416361000
1776416363.571,263.571,0.19,0.2,0.8,0.81,0.01,0.01,75748.78,1776416362000
1776416363.965,263.965,0.18,0.2,0.8,0.81,0.02,0.01,75748.78,1776416362000
1776416364.3,264.3,0.2,0.21,0.79,0.8,0.01,0.01,75748.81,1776416363000
1776416364.639,264.639,0.2,0.21,0.79,0.8,0.01,0.01,75748.81,1776416363000
1776416365.063,265.063,0.21,0.24,0.77,0.8,0.03,0.03,75748.81,1776416363000
1776416365.434,265.434,0.25,0.26,0.74,0.75,0.01,0.01,75748.81,1776416363000
1776416365.857,265.857,0.26,0.27,0.73,0.74,0.01,0.01,75748.81,1776416363000
1776416366.289,266.289,0.27,0.28,0.71,0.74,0.01,0.03,75761.24,1776416364000
1776416366.627,266.627,0.28,0.29,0.71,0.72,0.01,0.01,75765.46,1776416365000
1776416366.966,266.966,0.28,0.29,0.71,0.72,0.01,0.01,75767.61,1776416366000
1776416367.313,267.313,0.28,0.29,0.71,0.72,0.01,0.01,75767.61,1776416366000
1776416367.658,267.658,0.29,0.3,0.7,0.72,0.01,0.02,75767.61,1776416366000
1776416368.02,268.02,0.29,0.3,0.7,0.71,0.01,0.01,75768.83,1776416367000
1776416368.359,268.359,0.29,0.31,0.7,0.71,0.02,0.01,75768.83,1776416367000
1776416368.772,268.772,0.3,0.31,0.69,0.7,0.01,0.01,75768.83,1776416367000
1776416369.258,269.258,0.3,0.31,0.69,0.7,0.01,0.01,75768.83,1776416368000
1776416369.643,269.643,0.29,0.31,0.69,0.7,0.02,0.01,75768.83,1776416368000
1776416369.978,269.978,0.3,0.31,0.69,0.7,0.01,0.01,75768.83,1776416368000
1776416370.335,270.335,0.26,0.31,0.69,0.7,0.05,0.01,75768.59,1776416369000
1776416370.684,270.684,0.21,0.22,0.77,0.79,0.01,0.02,75768.59,1776416369000
1776416371.05,271.05,0.16,0.2,0.8,0.81,0.04,0.01,75768.59,1776416369000
1776416371.42,271.42,0.15,0.17,0.82,0.85,0.02,0.03,75768.32,1776416370000
1776416371.797,271.797,0.15,0.16,0.84,0.85,0.01,0.01,75768.32,1776416370000
1776416372.147,272.147,0.14,0.15,0.85,0.86,0.01,0.01,75768.32,1776416370000
1776416372.489,272.489,0.13,0.15,0.85,0.87,0.02,0.02,75762.28,1776416371000
1776416372.825,272.825,0.13,0.14,0.86,0.87,0.01,0.01,75762.28,1776416371000
1776416373.203,273.203,0.11,0.12,0.87,0.89,0.01,0.02,75755.91,1776416372000
1776416373.612,273.612,0.11,0.12,0.88,0.89,0.01,0.01,75755.91,1776416372000
1776416373.95,273.95,0.1,0.12,0.89,0.9,0.02,0.01,75755.91,1776416372000
1776416374.291,274.291,0.1,0.11,0.89,0.9,0.01,0.01,75755.33,1776416373000
1776416374.627,274.627,0.1,0.11,0.89,0.9,0.01,0.01,75755.33,1776416373000
1776416375.199,275.199,0.09,0.1,0.9,0.91,0.01,0.01,75755.33,1776416373000
1776416375.603,275.603,0.09,0.1,0.9,0.91,0.01,0.01,75754.85,1776416374000
1776416375.938,275.938,0.08,0.1,0.9,0.91,0.02,0.01,75754.85,1776416374000
1776416376.308,276.308,0.08,0.09,0.91,0.92,0.01,0.01,75754.85,1776416374000
1776416376.884,276.884,0.09,0.1,0.89,0.92,0.01,0.03,75754.07,1776416375000
1776416377.265,277.265,0.09,0.11,0.89,0.91,0.02,0.02,75753.92,1776416376000
1776416377.704,277.704,0.1,0.11,0.89,0.9,0.01,0.01,75753.92,1776416376000
1776416378.049,278.049,0.11,0.12,0.88,0.89,0.01,0.01,75753.92,1776416376000
1776416378.524,278.524,0.11,0.12,0.88,0.89,0.01,0.01,75753.89,1776416377000
1776416378.9,278.9,0.11,0.12,0.88,0.89,0.01,0.01,75753.89,1776416377000
1776416379.309,279.309,0.11,0.12,0.87,0.89,0.01,0.02,75753.89,1776416377000
1776416379.83,279.83,0.11,0.12,0.88,0.89,0.01,0.01,75753.89,1776416378000
1776416380.17,280.17,0.11,0.12,0.88,0.89,0.01,0.01,75753.89,1776416378000
1776416380.526,280.526,0.11,0.12,0.88,0.89,0.01,0.01,75753.95,1776416379000
1776416380.863,280.863,0.11,0.12,0.88,0.89,0.01,0.01,75753.95,1776416379000
1776416381.236,281.236,0.11,0.12,0.88,0.89,0.01,0.01,75753.95,1776416379000
1776416381.876,281.876,0.09,0.1,0.88,0.91,0.01,0.03,75754.53,1776416380000
1776416382.226,282.226,0.09,0.1,0.9,0.91,0.01,0.01,75754.53,1776416380000
1776416382.661,282.661,0.09,0.1,0.9,0.91,0.01,0.01,75754.53,1776416381000
1776416382.996,282.996,0.09,0.1,0.9,0.91,0.01,0.01,75754.53,1776416381000
1776416383.408,283.408,0.09,0.1,0.9,0.91,0.01,0.01,75754.53,1776416381000
1776416383.785,283.785,0.07,0.08,0.91,0.93,0.01,0.02,75754.53,1776416382000
1776416384.149,284.149,0.07,0.08,0.92,0.94,0.01,0.02,75754.53,1776416382000
1776416384.515,284.515,0.07,0.09,0.92,0.93,0.02,0.01,75754.23,1776416383000
1776416384.854,284.854,0.06,0.08,0.92,0.93,0.02,0.01,75754.23,1776416383000
1776416385.19,285.19,0.06,0.07,0.93,0.94,0.01,0.01,75754.23,1776416383000
1776416385.693,285.693,0.05,0.06,0.93,0.94,0.01,0.01,75754.23,1776416383000
1776416386.08,286.08,0.11,0.12,0.88,0.89,0.01,0.01,75753.49,1776416384000
1776416386.493,286.493,0.11,0.12,0.88,0.89,0.01,0.01,75753.49,1776416384000
1776416386.857,286.857,0.11,0.12,0.88,0.89,0.01,0.01,75753.49,1776416385000
1776416387.206,287.206,0.11,0.12,0.88,0.89,0.01,0.01,75753.49,1776416385000
1776416387.583,287.583,0.11,0.12,0.88,0.89,0.01,0.01,75753.54,1776416386000
1776416387.922,287.922,0.11,0.12,0.88,0.89,0.01,0.01,75753.54,1776416386000
1776416388.287,288.287,0.11,0.12,0.88,0.89,0.01,0.01,75753.61,1776416387000
1776416388.719,288.719,0.11,0.12,0.88,0.89,0.01,0.01,75753.61,1776416387000
1776416389.067,289.067,0.11,0.12,0.88,0.89,0.01,0.01,75753.61,1776416387000
1776416389.412,289.412,0.11,0.12,0.88,0.89,0.01,0.01,75753.61,1776416387000
1776416389.754,289.754,0.11,0.12,0.88,0.89,0.01,0.01,75752.85,1776416388000
1776416390.279,290.279,0.11,0.12,0.88,0.89,0.01,0.01,75752.85,1776416388000
1776416390.633,290.633,0.11,0.12,0.88,0.89,0.01,0.01,75752.91,1776416389000
1776416390.997,290.997,0.11,0.12,0.88,0.89,0.01,0.01,75752.91,1776416389000
1776416391.334,291.334,0.11,0.18,0.82,0.89,0.07,0.07,75752.9,1776416390000
1776416391.737,291.737,0.22,0.23,0.77,0.78,0.01,0.01,75752.9,1776416390000
1776416392.101,292.101,0.21,0.22,0.78,0.79,0.01,0.01,75752.9,1776416390000
1776416392.494,292.494,0.21,0.22,0.78,0.79,0.01,0.01,75752.9,1776416390000
1776416392.865,292.865,0.22,0.23,0.77,0.79,0.01,0.02,75752.9,1776416391000
1776416393.264,293.264,0.21,0.22,0.78,0.79,0.01,0.01,75752.9,1776416391000
1776416393.637,293.637,0.22,0.23,0.77,0.78,0.01,0.01,75756.52,1776416392000
1776416394.054,294.054,0.24,0.25,0.73,0.74,0.01,0.01,75756.52,1776416392000
1776416394.424,294.424,0.3,0.31,0.69,0.76,0.01,0.07,75759.33,1776416393000
1776416394.837,294.837,0.38,0.39,0.61,0.63,0.01,0.02,75759.33,1776416393000
1776416395.183,295.183,0.39,0.4,0.58,0.61,0.01,0.03,75759.33,1776416393000
1776416395.525,295.525,0.38,0.39,0.6,0.63,0.01,0.03,75760.56,1776416394000
1776416395.884,295.884,0.38,0.39,0.61,0.62,0.01,0.01,75760.56,1776416394000
1776416396.22,296.22,0.47,0.49,0.51,0.53,0.02,0.02,75760.56,1776416394000
1776416396.558,296.558,0.42,0.46,0.54,0.57,0.04,0.03,75760.56,1776416394000
1776416396.894,296.894,0.41,0.42,0.57,0.59,0.01,0.02,75767.75,1776416395000
1776416397.25,297.25,0.41,0.42,0.58,0.59,0.01,0.01,75767.75,1776416395000
1776416397.587,297.587,0.25,0.38,0.62,0.63,0.13,0.01,75769.11,1776416396000
1776416397.939,297.939,0.37,0.38,0.62,0.63,0.01,0.01,75769.11,1776416396000
1776416398.358,298.358,0.38,0.39,0.61,0.62,0.01,0.01,75769.11,1776416396000
1776416398.712,298.712,0.54,0.57,0.42,0.46,0.03,0.04,75769.11,1776416396000
1776416399.049,299.049,0.61,0.64,0.36,0.39,0.03,0.03,75771.26,1776416397000
1776416399.41,299.41,0.69,0.7,0.3,0.31,0.01,0.01,75771.26,1776416397000
1776416399.744,299.744,0.75,0.79,0.21,0.25,0.04,0.04,75771.2,1776416398000
1776416400.079,300.079,0.79,0.89,0.11,0.21,0.1,0.1,75771.2,1776416398000
1776416400.458,300.458,0.79,0.86,0.14,0.21,0.07,0.07,75771.24,1776416399000
1776416400.801,300.801,0.8,0.85,0.15,0.2,0.05,0.05,75771.24,1776416399000

# RESULT,winner=Down,slug=btc-updown-5m-1776416100,ticks=721
