timestamp,elapsed_sec,up_bid,up_ask,down_bid,down_ask,up_spread,down_spread,btc_price,btc_oracle_ts
1777064700.624,0.624,0.37,0.41,0.59,0.65,0.04,0.06,77758.79,1777064699000
1777064700.971,0.971,0.41,0.43,0.58,0.59,0.02,0.01,77758.79,1777064699000
1777064701.474,1.474,0.41,0.43,0.57,0.59,0.02,0.02,77761.05,1777064700000
1777064701.846,1.846,0.42,0.43,0.58,0.59,0.01,0.01,77761.05,1777064700000
1777064702.344,2.344,0.42,0.43,0.57,0.58,0.01,0.01,77760.92,1777064701000
1777064702.798,2.798,0.42,0.43,0.57,0.58,0.01,0.01,77760.92,1777064701000
1777064703.273,3.273,0.42,0.43,0.57,0.58,0.01,0.01,77760.92,1777064701000
1777064704.103,4.103,0.42,0.43,0.57,0.58,0.01,0.01,77761.02,1777064702000
1777064704.456,4.456,0.42,0.43,0.57,0.58,0.01,0.01,77761.0,1777064703000
1777064704.789,4.789,0.42,0.43,0.57,0.58,0.01,0.01,77761.0,1777064703000
1777064705.153,5.153,0.42,0.43,0.57,0.58,0.01,0.01,77761.0,1777064703000
1777064705.618,5.618,0.42,0.43,0.57,0.58,0.01,0.01,77761.16,1777064704000
1777064705.98,5.98,0.43,0.44,0.56,0.58,0.01,0.02,77761.16,1777064704000
1777064706.409,6.409,0.43,0.44,0.56,0.57,0.01,0.01,77761.16,1777064704000
1777064706.756,6.756,0.43,0.44,0.56,0.57,0.01,0.01,77762.32,1777064705000
1777064707.24,7.24,0.43,0.44,0.56,0.57,0.01,0.01,77760.04,1777064706000
1777064707.61,7.61,0.43,0.44,0.56,0.57,0.01,0.01,77760.04,1777064706000
1777064707.989,7.989,0.43,0.44,0.56,0.57,0.01,0.01,77759.81,1777064707000
1777064708.537,8.537,0.43,0.44,0.56,0.57,0.01,0.01,77759.81,1777064707000
1777064709.011,9.011,0.43,0.44,0.56,0.57,0.01,0.01,77759.81,1777064708000
1777064709.988,9.988,0.43,0.44,0.56,0.57,0.01,0.01,77759.81,1777064708000
1777064710.584,10.584,0.43,0.44,0.56,0.57,0.01,0.01,77759.81,1777064708000
1777064710.985,10.985,0.43,0.44,0.56,0.57,0.01,0.01,77759.06,1777064709000
1777064711.324,11.324,0.43,0.44,0.56,0.57,0.01,0.01,77759.06,1777064709000
1777064711.674,11.674,0.43,0.44,0.56,0.57,0.01,0.01,77759.06,1777064709000
1777064712.029,12.029,0.44,0.45,0.55,0.56,0.01,0.01,77759.06,1777064709000
1777064712.389,12.389,0.44,0.45,0.55,0.56,0.01,0.01,77760.16,1777064710000
1777064712.734,12.734,0.44,0.45,0.55,0.56,0.01,0.01,77760.16,1777064710000
1777064713.11,13.11,0.44,0.45,0.55,0.56,0.01,0.01,77758.72,1777064711000
1777064713.449,13.449,0.44,0.45,0.55,0.56,0.01,0.01,77758.72,1777064711000
1777064713.787,13.787,0.44,0.45,0.55,0.56,0.01,0.01,77760.04,1777064712000
1777064714.144,14.144,0.44,0.45,0.55,0.56,0.01,0.01,77760.04,1777064712000
1777064714.521,14.521,0.44,0.45,0.55,0.56,0.01,0.01,77760.04,1777064713000
1777064714.922,14.922,0.44,0.45,0.55,0.56,0.01,0.01,77760.04,1777064713000
1777064715.41,15.41,0.44,0.45,0.55,0.56,0.01,0.01,77760.24,1777064714000
1777064715.887,15.887,0.44,0.45,0.55,0.56,0.01,0.01,77760.24,1777064714000
1777064716.412,16.412,0.44,0.45,0.55,0.56,0.01,0.01,77760.24,1777064714000
1777064716.758,16.758,0.44,0.45,0.55,0.56,0.01,0.01,77760.24,1777064714000
1777064717.144,17.144,0.44,0.45,0.55,0.56,0.01,0.01,77760.31,1777064715000
1777064718.278,18.278,0.44,0.45,0.55,0.56,0.01,0.01,77760.81,1777064717000
1777064719.311,19.311,0.44,0.45,0.55,0.56,0.01,0.01,77760.81,1777064717000
1777064719.674,19.674,0.44,0.45,0.55,0.56,0.01,0.01,77760.81,1777064717000
1777064720.033,20.033,0.44,0.45,0.55,0.56,0.01,0.01,77764.02,1777064718000
1777064720.367,20.367,0.46,0.48,0.53,0.54,0.02,0.01,77764.02,1777064718000
1777064720.714,20.714,0.47,0.48,0.52,0.54,0.01,0.02,77766.12,1777064719000
1777064721.101,21.101,0.47,0.48,0.52,0.53,0.01,0.01,77766.12,1777064719000
1777064721.438,21.438,0.47,0.49,0.52,0.53,0.02,0.01,77769.68,1777064720000
1777064721.773,21.773,0.47,0.48,0.52,0.53,0.01,0.01,77769.68,1777064720000
1777064722.121,22.121,0.47,0.48,0.51,0.53,0.01,0.02,77769.68,1777064720000
1777064722.462,22.462,0.48,0.49,0.51,0.52,0.01,0.01,77769.68,1777064720000
1777064722.803,22.803,0.48,0.49,0.51,0.52,0.01,0.01,77769.68,1777064720000
1777064723.148,23.148,0.48,0.49,0.51,0.52,0.01,0.01,77772.9,1777064721000
1777064723.484,23.484,0.48,0.49,0.51,0.52,0.01,0.01,77772.9,1777064721000
1777064723.837,23.837,0.48,0.49,0.51,0.52,0.01,0.01,77772.9,1777064722000
1777064724.22,24.22,0.48,0.49,0.51,0.52,0.01,0.01,77772.9,1777064722000
1777064724.613,24.613,0.48,0.49,0.51,0.52,0.01,0.01,77772.9,1777064723000
1777064725.112,25.112,0.48,0.49,0.51,0.52,0.01,0.01,77772.9,1777064723000
1777064725.465,25.465,0.48,0.49,0.51,0.52,0.01,0.01,77772.9,1777064723000
1777064725.806,25.806,0.48,0.49,0.51,0.52,0.01,0.01,77772.9,1777064724000
1777064726.195,26.195,0.49,0.5,0.5,0.51,0.01,0.01,77772.9,1777064724000
1777064726.551,26.551,0.49,0.5,0.47,0.51,0.01,0.04,77772.9,1777064725000
1777064726.952,26.952,0.5,0.51,0.47,0.51,0.01,0.04,77772.9,1777064725000
1777064727.343,27.343,0.53,0.54,0.46,0.48,0.01,0.02,77772.9,1777064725000
1777064727.702,27.702,0.53,0.54,0.46,0.47,0.01,0.01,77772.9,1777064725000
1777064728.042,28.042,0.53,0.54,0.46,0.47,0.01,0.01,77772.92,1777064726000
1777064728.438,28.438,0.53,0.54,0.46,0.47,0.01,0.01,77772.92,1777064727000
1777064728.809,28.809,0.53,0.54,0.46,0.47,0.01,0.01,77772.92,1777064727000
1777064729.295,29.295,0.53,0.54,0.46,0.47,0.01,0.01,77772.91,1777064728000
1777064729.748,29.748,0.53,0.54,0.46,0.47,0.01,0.01,77772.91,1777064728000
1777064730.138,30.138,0.53,0.54,0.46,0.47,0.01,0.01,77772.91,1777064728000
1777064730.685,30.685,0.53,0.54,0.46,0.47,0.01,0.01,77772.9,1777064729000
1777064731.076,31.076,0.53,0.54,0.46,0.47,0.01,0.01,77772.9,1777064729000
1777064731.736,31.736,0.53,0.54,0.46,0.47,0.01,0.01,77774.33,1777064730000
1777064732.117,32.117,0.53,0.54,0.46,0.47,0.01,0.01,77774.33,1777064730000
1777064732.628,32.628,0.53,0.54,0.46,0.47,0.01,0.01,77775.2,1777064731000
1777064732.962,32.962,0.53,0.54,0.46,0.57,0.01,0.11,77775.2,1777064731000
1777064733.301,33.301,0.53,0.54,0.46,0.47,0.01,0.01,77775.37,1777064732000
1777064733.688,33.688,0.53,0.54,0.46,0.47,0.01,0.01,77775.37,1777064732000
1777064734.119,34.119,0.53,0.54,0.46,0.47,0.01,0.01,77775.37,1777064732000
1777064734.493,34.493,0.46,0.52,0.48,0.52,0.06,0.04,77775.37,1777064733000
1777064734.849,34.849,0.47,0.48,0.52,0.53,0.01,0.01,77775.37,1777064733000
1777064735.264,35.264,0.46,0.48,0.52,0.54,0.02,0.02,77775.96,1777064734000
1777064735.604,35.604,0.42,0.43,0.57,0.58,0.01,0.01,77775.96,1777064734000
1777064736.075,36.075,0.42,0.43,0.57,0.58,0.01,0.01,77775.95,1777064735000
1777064736.411,36.411,0.42,0.43,0.57,0.58,0.01,0.01,77775.95,1777064735000
1777064736.859,36.859,0.36,0.38,0.62,0.63,0.02,0.01,77775.95,1777064735000
1777064737.196,37.196,0.37,0.38,0.62,0.63,0.01,0.01,77775.45,1777064736000
1777064737.535,37.535,0.37,0.38,0.62,0.63,0.01,0.01,77775.45,1777064736000
1777064738.162,38.162,0.37,0.38,0.62,0.63,0.01,0.01,77775.45,1777064736000
1777064738.758,38.758,0.37,0.38,0.62,0.63,0.01,0.01,77769.73,1777064737000
1777064739.193,39.193,0.37,0.38,0.62,0.63,0.01,0.01,77766.35,1777064738000
1777064739.556,39.556,0.37,0.38,0.62,0.63,0.01,0.01,77766.35,1777064738000
1777064739.956,39.956,0.37,0.38,0.62,0.63,0.01,0.01,77766.35,1777064738000
1777064740.289,40.289,0.37,0.38,0.62,0.63,0.01,0.01,77767.28,1777064739000
1777064740.638,40.638,0.37,0.38,0.62,0.63,0.01,0.01,77767.28,1777064739000
1777064741.014,41.014,0.37,0.38,0.62,0.63,0.01,0.01,77767.28,1777064739000
1777064741.347,41.347,0.37,0.38,0.62,0.63,0.01,0.01,77768.47,1777064740000
1777064741.749,41.749,0.37,0.38,0.61,0.63,0.01,0.02,77768.47,1777064740000
1777064742.102,42.102,0.37,0.38,0.62,0.63,0.01,0.01,77767.48,1777064741000
1777064742.515,42.515,0.37,0.39,0.61,0.63,0.02,0.02,77767.48,1777064741000
1777064742.848,42.848,0.38,0.39,0.61,0.62,0.01,0.01,77767.48,1777064741000
1777064743.215,43.215,0.38,0.39,0.61,0.62,0.01,0.01,77765.24,1777064742000
1777064743.58,43.58,0.38,0.39,0.61,0.62,0.01,0.01,77765.24,1777064742000
1777064743.921,43.921,0.38,0.39,0.61,0.62,0.01,0.01,77765.24,1777064742000
1777064744.392,44.392,0.34,0.35,0.61,0.67,0.01,0.06,77765.24,1777064742000
1777064745.068,45.068,0.34,0.35,0.65,0.66,0.01,0.01,77765.67,1777064744000
1777064745.709,45.709,0.34,0.35,0.65,0.66,0.01,0.01,77765.67,1777064744000
1777064746.08,46.08,0.34,0.35,0.65,0.66,0.01,0.01,77765.67,1777064744000
1777064746.443,46.443,0.34,0.35,0.65,0.66,0.01,0.01,77765.3,1777064745000
1777064747.088,47.088,0.34,0.35,0.65,0.66,0.01,0.01,77762.53,1777064746000
1777064747.447,47.447,0.34,0.35,0.65,0.66,0.01,0.01,77762.53,1777064746000
1777064747.801,47.801,0.34,0.35,0.65,0.66,0.01,0.01,77762.53,1777064746000
1777064748.178,48.178,0.34,0.35,0.65,0.66,0.01,0.01,77761.13,1777064747000
1777064748.513,48.513,0.3,0.35,0.65,0.7,0.05,0.05,77761.13,1777064747000
1777064748.866,48.866,0.29,0.3,0.7,0.71,0.01,0.01,77761.13,1777064747000
1777064749.269,49.269,0.29,0.3,0.7,0.71,0.01,0.01,77761.13,1777064747000
1777064749.682,49.682,0.29,0.3,0.7,0.71,0.01,0.01,77757.16,1777064748000
1777064750.087,50.087,0.29,0.3,0.7,0.71,0.01,0.01,77757.16,1777064749000
1777064750.601,50.601,0.29,0.3,0.7,0.71,0.01,0.01,77757.16,1777064749000
1777064750.949,50.949,0.29,0.3,0.7,0.71,0.01,0.01,77757.16,1777064749000
1777064751.288,51.288,0.29,0.3,0.7,0.71,0.01,0.01,77754.57,1777064750000
1777064751.723,51.723,0.29,0.3,0.7,0.71,0.01,0.01,77754.57,1777064750000
1777064752.204,52.204,0.29,0.3,0.7,0.71,0.01,0.01,77754.57,1777064750000
1777064753.327,53.327,0.29,0.3,0.7,0.71,0.01,0.01,77752.99,1777064752000
1777064753.778,53.778,0.29,0.3,0.7,0.71,0.01,0.01,77752.99,1777064752000
1777064754.133,54.133,0.29,0.3,0.7,0.72,0.01,0.02,77752.94,1777064753000
1777064754.477,54.477,0.27,0.28,0.72,0.73,0.01,0.01,77752.94,1777064753000
1777064754.881,54.881,0.26,0.28,0.72,0.74,0.02,0.02,77752.94,1777064753000
1777064755.217,55.217,0.25,0.27,0.72,0.75,0.02,0.03,77752.94,1777064753000
1777064755.604,55.604,0.25,0.26,0.74,0.75,0.01,0.01,77746.94,1777064754000
1777064755.947,55.947,0.24,0.25,0.75,0.76,0.01,0.01,77746.94,1777064754000
1777064756.281,56.281,0.23,0.25,0.75,0.77,0.02,0.02,77746.94,1777064754000
1777064756.644,56.644,0.23,0.24,0.76,0.77,0.01,0.01,77743.22,1777064755000
1777064757.019,57.019,0.22,0.23,0.76,0.78,0.01,0.02,77743.22,1777064755000
1777064757.366,57.366,0.22,0.23,0.77,0.78,0.01,0.01,77743.22,1777064756000
1777064757.707,57.707,0.22,0.23,0.77,0.78,0.01,0.01,77743.22,1777064756000
1777064758.069,58.069,0.22,0.23,0.77,0.78,0.01,0.01,77743.22,1777064756000
1777064758.409,58.409,0.22,0.23,0.77,0.78,0.01,0.01,77743.22,1777064756000
1777064758.955,58.955,0.22,0.23,0.77,0.78,0.01,0.01,77743.22,1777064756000
1777064759.497,59.497,0.22,0.23,0.77,0.78,0.01,0.01,77745.49,1777064758000
1777064760.14,60.14,0.22,0.23,0.77,0.78,0.01,0.01,77745.66,1777064759000
1777064760.792,60.792,0.22,0.23,0.77,0.78,0.01,0.01,77745.66,1777064759000
1777064761.214,61.214,0.22,0.23,0.77,0.78,0.01,0.01,77745.66,1777064759000
1777064761.718,61.718,0.22,0.23,0.77,0.78,0.01,0.01,77745.73,1777064760000
1777064762.069,62.069,0.28,0.29,0.71,0.72,0.01,0.01,77745.73,1777064760000
1777064762.423,62.423,0.28,0.29,0.71,0.72,0.01,0.01,77745.41,1777064761000
1777064762.852,62.852,0.29,0.3,0.7,0.72,0.01,0.02,77745.41,1777064761000
1777064763.206,63.206,0.29,0.3,0.7,0.71,0.01,0.01,77747.91,1777064762000
1777064763.544,63.544,0.29,0.3,0.7,0.71,0.01,0.01,77747.91,1777064762000
1777064763.881,63.881,0.29,0.3,0.7,0.71,0.01,0.01,77747.91,1777064762000
1777064764.48,64.48,0.29,0.3,0.7,0.71,0.01,0.01,77752.33,1777064763000
1777064764.853,64.853,0.29,0.3,0.7,0.71,0.01,0.01,77752.33,1777064763000
1777064765.246,65.246,0.29,0.3,0.7,0.71,0.01,0.01,77752.81,1777064764000
1777064765.62,65.62,0.29,0.3,0.69,0.71,0.01,0.02,77752.81,1777064764000
1777064766.011,66.011,0.29,0.3,0.7,0.71,0.01,0.01,77752.81,1777064764000
1777064766.355,66.355,0.29,0.3,0.7,0.71,0.01,0.01,77752.71,1777064765000
1777064766.75,66.75,0.3,0.31,0.69,0.7,0.01,0.01,77752.71,1777064765000
1777064767.666,67.666,0.3,0.31,0.69,0.7,0.01,0.01,77752.71,1777064766000
1777064768.028,68.028,0.29,0.3,0.7,0.71,0.01,0.01,77752.71,1777064766000
1777064768.382,68.382,0.29,0.32,0.7,0.71,0.03,0.01,77752.92,1777064767000
1777064768.801,68.801,0.31,0.32,0.68,0.69,0.01,0.01,77752.92,1777064767000
1777064769.221,69.221,0.31,0.32,0.68,0.69,0.01,0.01,77752.92,1777064767000
1777064769.602,69.602,0.3,0.31,0.69,0.7,0.01,0.01,77752.6,1777064768000
1777064770.035,70.035,0.3,0.31,0.69,0.7,0.01,0.01,77752.6,1777064768000
1777064770.497,70.497,0.3,0.31,0.69,0.7,0.01,0.01,77752.75,1777064769000
1777064770.886,70.886,0.3,0.32,0.69,0.7,0.02,0.01,77752.75,1777064769000
1777064771.254,71.254,0.31,0.32,0.68,0.69,0.01,0.01,77752.75,1777064769000
1777064771.713,71.713,0.31,0.32,0.68,0.69,0.01,0.01,77752.96,1777064770000
1777064772.079,72.079,0.31,0.32,0.68,0.69,0.01,0.01,77752.87,1777064771000
1777064772.494,72.494,0.31,0.32,0.68,0.69,0.01,0.01,77752.87,1777064771000
1777064773.178,73.178,0.29,0.3,0.7,0.71,0.01,0.01,77752.87,1777064771000
1777064773.562,73.562,0.29,0.3,0.7,0.71,0.01,0.01,77752.8,1777064772000
1777064774.044,74.044,0.29,0.3,0.7,0.71,0.01,0.01,77752.8,1777064772000
1777064774.382,74.382,0.28,0.29,0.71,0.72,0.01,0.01,77752.72,1777064773000
1777064774.868,74.868,0.27,0.28,0.72,0.73,0.01,0.01,77752.72,1777064773000
1777064775.248,75.248,0.26,0.27,0.73,0.74,0.01,0.01,77751.43,1777064774000
1777064775.715,75.715,0.26,0.27,0.73,0.74,0.01,0.01,77751.43,1777064774000
1777064776.126,76.126,0.26,0.27,0.73,0.74,0.01,0.01,77751.43,1777064774000
1777064776.466,76.466,0.26,0.27,0.73,0.74,0.01,0.01,77749,1777064775000
1777064777.062,77.062,0.26,0.27,0.73,0.74,0.01,0.01,77748.77,1777064776000
1777064777.777,77.777,0.26,0.27,0.73,0.74,0.01,0.01,77748.77,1777064776000
1777064778.174,78.174,0.26,0.27,0.73,0.74,0.01,0.01,77748.75,1777064777000
1777064778.943,78.943,0.26,0.27,0.73,0.74,0.01,0.01,77748.75,1777064777000
1777064779.402,79.402,0.26,0.27,0.73,0.74,0.01,0.01,77748.75,1777064778000
1777064779.772,79.772,0.26,0.27,0.73,0.74,0.01,0.01,77748.75,1777064778000
1777064780.543,80.543,0.26,0.28,0.73,0.74,0.02,0.01,77748.86,1777064779000
1777064780.885,80.885,0.28,0.29,0.71,0.72,0.01,0.01,77749.12,1777064780000
1777064781.28,81.28,0.28,0.3,0.71,0.72,0.02,0.01,77749.12,1777064780000
1777064781.828,81.828,0.29,0.3,0.7,0.71,0.01,0.01,77749.98,1777064781000
1777064782.234,82.234,0.3,0.31,0.7,0.71,0.01,0.01,77749.98,1777064781000
1777064782.69,82.69,0.33,0.34,0.65,0.67,0.01,0.02,77749.98,1777064781000
1777064783.038,83.038,0.33,0.34,0.66,0.67,0.01,0.01,77749.98,1777064781000
1777064783.462,83.462,0.33,0.34,0.66,0.67,0.01,0.01,77750.44,1777064782000
1777064783.805,83.805,0.33,0.34,0.66,0.67,0.01,0.01,77750.44,1777064782000
1777064784.159,84.159,0.33,0.34,0.66,0.67,0.01,0.01,77750.44,1777064782000
1777064784.77,84.77,0.33,0.34,0.66,0.67,0.01,0.01,77754.97,1777064783000
1777064785.13,85.13,0.33,0.34,0.66,0.67,0.01,0.01,77754.97,1777064783000
1777064785.689,85.689,0.33,0.34,0.66,0.67,0.01,0.01,77756.67,1777064784000
1777064786.065,86.065,0.33,0.35,0.66,0.67,0.02,0.01,77756.67,1777064784000
1777064786.442,86.442,0.34,0.35,0.65,0.67,0.01,0.02,77756.95,1777064785000
1777064786.776,86.776,0.33,0.34,0.66,0.67,0.01,0.01,77756.95,1777064785000
1777064787.356,87.356,0.33,0.34,0.66,0.67,0.01,0.01,77757.03,1777064786000
1777064788.335,88.335,0.33,0.34,0.66,0.67,0.01,0.01,77757.03,1777064787000
1777064788.708,88.708,0.33,0.34,0.66,0.67,0.01,0.01,77757.03,1777064787000
1777064789.046,89.046,0.33,0.34,0.66,0.67,0.01,0.01,77755.22,1777064788000
1777064789.721,89.721,0.32,0.33,0.67,0.68,0.01,0.01,77755.22,1777064788000
1777064790.358,90.358,0.32,0.33,0.67,0.68,0.01,0.01,77754.58,1777064789000
1777064790.855,90.855,0.32,0.33,0.67,0.68,0.01,0.01,77754.58,1777064789000
1777064791.219,91.219,0.32,0.33,0.67,0.68,0.01,0.01,77754.38,1777064790000
1777064791.946,91.946,0.32,0.33,0.67,0.68,0.01,0.01,77754.38,1777064790000
1777064792.638,92.638,0.32,0.33,0.67,0.68,0.01,0.01,77753.67,1777064791000
1777064793.032,93.032,0.29,0.3,0.69,0.71,0.01,0.02,77753.67,1777064791000
1777064793.536,93.536,0.24,0.25,0.75,0.76,0.01,0.01,77753.76,1777064792000
1777064793.89,93.89,0.24,0.25,0.75,0.76,0.01,0.01,77753.76,1777064792000
1777064794.271,94.271,0.24,0.25,0.75,0.76,0.01,0.01,77752.46,1777064793000
1777064794.617,94.617,0.24,0.25,0.75,0.76,0.01,0.01,77752.46,1777064793000
1777064795.165,95.165,0.24,0.25,0.75,0.76,0.01,0.01,77752.46,1777064793000
1777064795.562,95.562,0.24,0.25,0.74,0.76,0.01,0.02,77747.79,1777064794000
1777064796.372,96.372,0.24,0.25,0.75,0.76,0.01,0.01,77746.47,1777064795000
1777064797.015,97.015,0.24,0.25,0.75,0.76,0.01,0.01,77746.47,1777064795000
1777064797.371,97.371,0.25,0.27,0.73,0.76,0.02,0.03,77746.54,1777064796000
1777064797.72,97.72,0.26,0.28,0.72,0.74,0.02,0.02,77746.54,1777064796000
1777064798.079,98.079,0.28,0.29,0.71,0.72,0.01,0.01,77749.25,1777064797000
1777064798.527,98.527,0.28,0.29,0.71,0.72,0.01,0.01,77749.25,1777064797000
1777064798.872,98.872,0.28,0.29,0.71,0.72,0.01,0.01,77749.25,1777064797000
1777064799.22,99.22,0.28,0.29,0.71,0.72,0.01,0.01,77751.91,1777064798000
1777064799.664,99.664,0.29,0.3,0.7,0.71,0.01,0.01,77751.91,1777064798000
1777064800.419,100.419,0.29,0.31,0.69,0.71,0.02,0.02,77751.77,1777064799000
1777064800.897,100.897,0.3,0.31,0.69,0.7,0.01,0.01,77751.77,1777064799000
1777064801.3,101.3,0.3,0.31,0.69,0.7,0.01,0.01,77751.25,1777064800000
1777064801.634,101.634,0.3,0.31,0.69,0.7,0.01,0.01,77751.25,1777064800000
1777064802.082,102.082,0.3,0.31,0.69,0.7,0.01,0.01,77751.25,1777064800000
1777064802.566,102.566,0.3,0.31,0.69,0.7,0.01,0.01,77751.25,1777064801000
1777064803.208,103.208,0.3,0.31,0.69,0.7,0.01,0.01,77751.42,1777064802000
1777064803.585,103.585,0.3,0.31,0.69,0.7,0.01,0.01,77751.42,1777064802000
1777064803.979,103.979,0.3,0.31,0.69,0.7,0.01,0.01,77751.42,1777064802000
1777064804.315,104.315,0.29,0.31,0.69,0.71,0.02,0.02,77751.35,1777064803000
1777064804.666,104.666,0.29,0.3,0.7,0.71,0.01,0.01,77751.35,1777064803000
1777064805.242,105.242,0.29,0.3,0.7,0.71,0.01,0.01,77751.35,1777064803000
1777064806.131,106.131,0.29,0.3,0.7,0.71,0.01,0.01,77750.47,1777064805000
1777064807.007,107.007,0.29,0.3,0.7,0.71,0.01,0.01,77750.47,1777064805000
1777064807.35,107.35,0.21,0.25,0.76,0.79,0.04,0.03,77750.29,1777064806000
1777064807.75,107.75,0.2,0.23,0.77,0.79,0.03,0.02,77750.29,1777064806000
1777064808.101,108.101,0.21,0.23,0.77,0.79,0.02,0.02,77750.29,1777064806000
1777064808.441,108.441,0.21,0.23,0.77,0.78,0.02,0.01,77746.19,1777064807000
1777064808.777,108.777,0.21,0.22,0.78,0.79,0.01,0.01,77746.19,1777064807000
1777064810.02,110.02,0.19,0.2,0.8,0.81,0.01,0.01,77737.56,1777064809000
1777064810.42,110.42,0.19,0.2,0.8,0.81,0.01,0.01,77737.56,1777064809000
1777064810.869,110.869,0.19,0.2,0.8,0.81,0.01,0.01,77737.56,1777064809000
1777064811.236,111.236,0.19,0.2,0.8,0.81,0.01,0.01,77737.26,1777064810000
1777064811.606,111.606,0.19,0.2,0.8,0.81,0.01,0.01,77737.26,1777064810000
1777064811.951,111.951,0.19,0.2,0.8,0.81,0.01,0.01,77737.26,1777064810000
1777064812.374,112.374,0.19,0.2,0.8,0.82,0.01,0.02,77737.26,1777064810000
1777064812.866,112.866,0.18,0.19,0.81,0.82,0.01,0.01,77737.27,1777064811000
1777064813.247,113.247,0.18,0.19,0.81,0.82,0.01,0.01,77737.35,1777064812000
1777064813.807,113.807,0.18,0.19,0.81,0.82,0.01,0.01,77737.35,1777064812000
1777064814.208,114.208,0.17,0.18,0.81,0.82,0.01,0.01,77737.36,1777064813000
1777064814.64,114.64,0.15,0.16,0.83,0.85,0.01,0.02,77737.36,1777064813000
1777064815.014,115.014,0.15,0.16,0.84,0.85,0.01,0.01,77736.98,1777064814000
1777064815.911,115.911,0.15,0.16,0.84,0.85,0.01,0.01,77736.98,1777064814000
1777064816.258,116.258,0.14,0.16,0.84,0.86,0.02,0.02,77736.98,1777064814000
1777064816.602,116.602,0.14,0.16,0.84,0.86,0.02,0.02,77736.3,1777064815000
1777064817.208,117.208,0.15,0.16,0.84,0.85,0.01,0.01,77732.03,1777064816000
1777064817.682,117.682,0.14,0.15,0.84,0.86,0.01,0.02,77732.03,1777064816000
1777064818.045,118.045,0.13,0.15,0.85,0.87,0.02,0.02,77732.03,1777064816000
1777064818.44,118.44,0.13,0.15,0.85,0.87,0.02,0.02,77732.03,1777064816000
1777064818.778,118.778,0.13,0.15,0.85,0.86,0.02,0.01,77726.75,1777064817000
1777064819.33,119.33,0.13,0.15,0.85,0.87,0.02,0.02,77725.97,1777064818000
1777064819.666,119.666,0.13,0.14,0.86,0.87,0.01,0.01,77725.97,1777064818000
1777064820.024,120.024,0.12,0.13,0.86,0.88,0.01,0.02,77725.97,1777064818000
1777064820.474,120.474,0.12,0.13,0.87,0.88,0.01,0.01,77723.38,1777064819000
1777064820.841,120.841,0.12,0.13,0.87,0.88,0.01,0.01,77723.38,1777064819000
1777064821.223,121.223,0.12,0.13,0.87,0.88,0.01,0.01,77722.3,1777064820000
1777064821.602,121.602,0.12,0.13,0.87,0.88,0.01,0.01,77722.3,1777064820000
1777064822.019,122.019,0.12,0.13,0.87,0.88,0.01,0.01,77722.3,1777064820000
1777064822.393,122.393,0.12,0.13,0.87,0.88,0.01,0.01,77722.3,1777064821000
1777064822.778,122.778,0.12,0.13,0.87,0.88,0.01,0.01,77722.3,1777064821000
1777064823.314,123.314,0.12,0.13,0.87,0.88,0.01,0.01,77722.16,1777064822000
1777064823.772,123.772,0.12,0.13,0.87,0.88,0.01,0.01,77722.16,1777064822000
1777064824.379,124.379,0.11,0.13,0.87,0.89,0.02,0.02,77722.4,1777064823000
1777064824.969,124.969,0.11,0.13,0.87,0.89,0.02,0.02,77722.4,1777064824000
1777064825.443,125.443,0.11,0.12,0.87,0.89,0.01,0.02,77722.4,1777064824000
1777064825.793,125.793,0.11,0.12,0.88,0.89,0.01,0.01,77722.4,1777064824000
1777064826.129,126.129,0.11,0.12,0.88,0.89,0.01,0.01,77722.4,1777064824000
1777064826.609,126.609,0.11,0.12,0.88,0.89,0.01,0.01,77722.49,1777064825000
1777064827.001,127.001,0.1,0.11,0.88,0.9,0.01,0.02,77722.49,1777064825000
1777064827.354,127.354,0.1,0.12,0.88,0.89,0.02,0.01,77722.49,1777064825000
1777064827.758,127.758,0.1,0.11,0.89,0.9,0.01,0.01,77722.49,1777064826000
1777064828.359,128.359,0.1,0.12,0.88,0.9,0.02,0.02,77722.33,1777064827000
1777064828.783,128.783,0.1,0.11,0.89,0.9,0.01,0.01,77722.33,1777064827000
1777064829.162,129.162,0.1,0.11,0.89,0.9,0.01,0.01,77722.33,1777064827000
1777064829.594,129.594,0.1,0.11,0.89,0.9,0.01,0.01,77722.47,1777064828000
1777064830.141,130.141,0.1,0.11,0.89,0.9,0.01,0.01,77722.47,1777064828000
1777064830.87,130.87,0.1,0.11,0.89,0.9,0.01,0.01,77722.47,1777064829000
1777064831.248,131.248,0.1,0.11,0.89,0.9,0.01,0.01,77722.47,1777064829000
1777064831.619,131.619,0.09,0.1,0.89,0.9,0.01,0.01,77722.47,1777064829000
1777064832.243,132.243,0.09,0.1,0.9,0.91,0.01,0.01,77722.25,1777064831000
1777064832.672,132.672,0.09,0.1,0.9,0.91,0.01,0.01,77722.25,1777064831000
1777064833.02,133.02,0.09,0.1,0.9,0.91,0.01,0.01,77722.25,1777064831000
1777064833.358,133.358,0.09,0.1,0.9,0.91,0.01,0.01,77722.25,1777064831000
1777064833.829,133.829,0.09,0.1,0.9,0.91,0.01,0.01,77722.25,1777064832000
1777064834.187,134.187,0.09,0.1,0.9,0.91,0.01,0.01,77722.25,1777064832000
1777064834.535,134.535,0.11,0.12,0.88,0.89,0.01,0.01,77722.05,1777064833000
1777064835.517,135.517,0.11,0.12,0.88,0.89,0.01,0.01,77722.83,1777064834000
1777064835.85,135.85,0.11,0.12,0.88,0.89,0.01,0.01,77722.83,1777064834000
1777064836.226,136.226,0.08,0.09,0.91,0.93,0.01,0.02,77722.83,1777064834000
1777064836.62,136.62,0.08,0.09,0.91,0.92,0.01,0.01,77723.03,1777064835000
1777064836.984,136.984,0.08,0.09,0.91,0.92,0.01,0.01,77723.03,1777064835000
1777064837.343,137.343,0.08,0.09,0.91,0.92,0.01,0.01,77723.03,1777064836000
1777064837.696,137.696,0.08,0.09,0.91,0.92,0.01,0.01,77723.03,1777064836000
1777064838.236,138.236,0.08,0.09,0.91,0.92,0.01,0.01,77717.98,1777064837000
1777064838.581,138.581,0.08,0.09,0.91,0.92,0.01,0.01,77717.98,1777064837000
1777064838.95,138.95,0.08,0.09,0.91,0.92,0.01,0.01,77717.98,1777064837000
1777064839.449,139.449,0.08,0.09,0.91,0.92,0.01,0.01,77717.98,1777064837000
1777064839.818,139.818,0.08,0.09,0.91,0.92,0.01,0.01,77716.89,1777064838000
1777064840.246,140.246,0.07,0.09,0.91,0.93,0.02,0.02,77716.89,1777064838000
1777064841.136,141.136,0.07,0.08,0.92,0.93,0.01,0.01,77716.99,1777064839000
1777064841.554,141.554,0.07,0.08,0.92,0.93,0.01,0.01,77716.99,1777064840000
1777064842.123,142.123,0.09,0.1,0.9,0.91,0.01,0.01,77716.99,1777064840000
1777064842.535,142.535,0.14,0.15,0.85,0.86,0.01,0.01,77716.99,1777064840000
1777064842.945,142.945,0.14,0.15,0.85,0.86,0.01,0.01,77717.55,1777064841000
1777064843.331,143.331,0.14,0.15,0.85,0.86,0.01,0.01,77717.55,1777064841000
1777064844.122,144.122,0.12,0.13,0.87,0.88,0.01,0.01,77718.62,1777064842000
1777064844.517,144.517,0.12,0.13,0.87,0.88,0.01,0.01,77718.62,1777064842000
1777064844.881,144.881,0.12,0.13,0.87,0.88,0.01,0.01,77718.62,1777064842000
1777064845.448,145.448,0.12,0.13,0.87,0.88,0.01,0.01,77718.62,1777064842000
1777064846.182,146.182,0.12,0.13,0.87,0.88,0.01,0.01,77718.62,1777064842000
1777064846.565,146.565,0.12,0.13,0.87,0.88,0.01,0.01,77718.62,1777064842000
1777064847.055,147.055,0.12,0.13,0.87,0.88,0.01,0.01,77728.37,1777064845000
1777064847.639,147.639,0.12,0.13,0.87,0.88,0.01,0.01,77727.47,1777064846000
1777064848.127,148.127,0.12,0.13,0.87,0.88,0.01,0.01,77727.36,1777064847000
1777064848.563,148.563,0.12,0.13,0.87,0.88,0.01,0.01,77727.36,1777064847000
1777064849.176,149.176,0.11,0.12,0.88,0.89,0.01,0.01,77727.36,1777064848000
1777064849.713,149.713,0.11,0.12,0.88,0.89,0.01,0.01,77727.36,1777064848000
1777064850.268,150.268,0.11,0.12,0.88,0.89,0.01,0.01,77727.36,1777064848000
1777064850.602,150.602,0.11,0.12,0.88,0.89,0.01,0.01,77727.4,1777064849000
1777064850.943,150.943,0.1,0.12,0.88,0.89,0.02,0.01,77727.4,1777064849000
1777064851.363,151.363,0.09,0.11,0.89,0.91,0.02,0.02,77727.66,1777064850000
1777064851.977,151.977,0.09,0.11,0.89,0.91,0.02,0.02,77727.62,1777064851000
1777064852.39,152.39,0.1,0.11,0.89,0.91,0.01,0.02,77727.62,1777064851000
1777064852.996,152.996,0.1,0.11,0.89,0.9,0.01,0.01,77727.56,1777064852000
1777064853.544,153.544,0.1,0.11,0.89,0.9,0.01,0.01,77727.56,1777064852000
1777064854.187,154.187,0.1,0.11,0.89,0.9,0.01,0.01,77726.28,1777064853000
1777064855.354,155.354,0.1,0.11,0.89,0.9,0.01,0.01,77725.91,1777064854000
1777064856.255,156.255,0.09,0.1,0.9,0.91,0.01,0.01,77725.91,1777064854000
1777064856.879,156.879,0.09,0.1,0.9,0.91,0.01,0.01,77726.02,1777064856000
1777064857.555,157.555,0.09,0.1,0.9,0.91,0.01,0.01,77726.02,1777064856000
1777064858.005,158.005,0.09,0.1,0.9,0.91,0.01,0.01,77726.07,1777064857000
1777064858.869,158.869,0.09,0.1,0.9,0.91,0.01,0.01,77726.07,1777064857000
1777064859.878,159.878,0.09,0.1,0.9,0.91,0.01,0.01,77726.11,1777064858000
1777064860.221,160.221,0.09,0.1,0.9,0.91,0.01,0.01,77726.11,1777064858000
1777064860.796,160.796,0.09,0.1,0.9,0.91,0.01,0.01,77726.11,1777064858000
1777064861.136,161.136,0.09,0.1,0.9,0.91,0.01,0.01,77726.07,1777064859000
1777064861.477,161.477,0.09,0.1,0.89,0.91,0.01,0.02,77726.17,1777064860000
1777064861.918,161.918,0.09,0.1,0.9,0.91,0.01,0.01,77726.17,1777064860000
1777064862.476,162.476,0.1,0.11,0.88,0.91,0.01,0.03,77726.17,1777064860000
1777064863.45,163.45,0.1,0.11,0.89,0.9,0.01,0.01,77726.46,1777064862000
1777064863.904,163.904,0.1,0.11,0.89,0.9,0.01,0.01,77726.46,1777064862000
1777064864.244,164.244,0.1,0.11,0.89,0.9,0.01,0.01,77727.89,1777064863000
1777064864.694,164.694,0.09,0.11,0.89,0.9,0.02,0.01,77727.89,1777064863000
1777064865.516,165.516,0.09,0.1,0.89,0.91,0.01,0.02,77727.89,1777064863000
1777064865.879,165.879,0.09,0.1,0.9,0.91,0.01,0.01,77727.29,1777064864000
1777064866.42,166.42,0.09,0.1,0.9,0.91,0.01,0.01,77726.81,1777064865000
1777064867.032,167.032,0.09,0.1,0.9,0.91,0.01,0.01,77726.36,1777064866000
1777064867.547,167.547,0.09,0.1,0.9,0.91,0.01,0.01,77726.36,1777064866000
1777064867.886,167.886,0.08,0.1,0.9,0.92,0.02,0.02,77726.36,1777064866000
1777064868.493,168.493,0.09,0.1,0.9,0.91,0.01,0.01,77726.36,1777064866000
1777064868.848,168.848,0.09,0.1,0.9,0.91,0.01,0.01,77726.35,1777064867000
1777064869.322,169.322,0.09,0.1,0.9,0.91,0.01,0.01,77726.15,1777064868000
1777064869.777,169.777,0.08,0.09,0.91,0.92,0.01,0.01,77726.15,1777064868000
1777064870.172,170.172,0.08,0.09,0.91,0.92,0.01,0.01,77726.15,1777064869000
1777064870.516,170.516,0.08,0.09,0.91,0.92,0.01,0.01,77726.15,1777064869000
1777064871.031,171.031,0.07,0.08,0.92,0.93,0.01,0.01,77726.15,1777064869000
1777064871.521,171.521,0.07,0.08,0.92,0.93,0.01,0.01,77726.15,1777064869000
1777064872.222,172.222,0.08,0.09,0.91,0.92,0.01,0.01,77725.82,1777064870000
1777064873.117,173.117,0.08,0.09,0.91,0.92,0.01,0.01,77725.4,1777064872000
1777064873.864,173.864,0.08,0.09,0.91,0.92,0.01,0.01,77725.4,1777064872000
1777064874.215,174.215,0.08,0.09,0.91,0.92,0.01,0.01,77725.4,1777064872000
1777064874.878,174.878,0.08,0.09,0.91,0.92,0.01,0.01,77725.74,1777064873000
1777064875.245,175.245,0.08,0.09,0.91,0.92,0.01,0.01,77726.24,1777064874000
1777064875.956,175.956,0.08,0.09,0.91,0.92,0.01,0.01,77726.24,1777064874000
1777064876.594,176.594,0.08,0.09,0.91,0.92,0.01,0.01,77726.24,1777064874000
1777064877.172,177.172,0.08,0.09,0.91,0.92,0.01,0.01,77726.89,1777064875000
1777064877.925,177.925,0.08,0.09,0.91,0.92,0.01,0.01,77726.89,1777064876000
1777064878.287,178.287,0.08,0.09,0.91,0.92,0.01,0.01,77726.84,1777064877000
1777064879.253,179.253,0.08,0.09,0.91,0.92,0.01,0.01,77726.84,1777064877000
1777064879.628,179.628,0.08,0.09,0.91,0.92,0.01,0.01,77726.84,1777064877000
1777064879.976,179.976,0.08,0.09,0.91,0.92,0.01,0.01,77726.92,1777064878000
1777064880.436,180.436,0.08,0.09,0.91,0.92,0.01,0.01,77726.92,1777064878000
1777064880.885,180.885,0.08,0.09,0.91,0.92,0.01,0.01,77726.94,1777064879000
1777064881.395,181.395,0.07,0.09,0.91,0.92,0.02,0.01,77726.84,1777064880000
1777064881.851,181.851,0.07,0.08,0.92,0.93,0.01,0.01,77726.84,1777064880000
1777064882.792,182.792,0.07,0.08,0.92,0.93,0.01,0.01,77726.16,1777064881000
1777064883.157,183.157,0.07,0.08,0.92,0.93,0.01,0.01,77725.19,1777064882000
1777064883.984,183.984,0.07,0.08,0.92,0.93,0.01,0.01,77725.19,1777064882000
1777064884.376,184.376,0.07,0.08,0.92,0.93,0.01,0.01,77725.19,1777064883000
1777064884.98,184.98,0.07,0.08,0.92,0.93,0.01,0.01,77725.19,1777064883000
1777064886.002,186.002,0.07,0.08,0.92,0.93,0.01,0.01,77724.57,1777064884000
1777064886.538,186.538,0.07,0.08,0.92,0.93,0.01,0.01,77724.75,1777064885000
1777064886.872,186.872,0.07,0.08,0.92,0.93,0.01,0.01,77724.75,1777064885000
1777064887.488,187.488,0.07,0.08,0.92,0.93,0.01,0.01,77724.75,1777064886000
1777064888.028,188.028,0.07,0.08,0.92,0.93,0.01,0.01,77724.72,1777064887000
1777064889.089,189.089,0.07,0.08,0.92,0.93,0.01,0.01,77724.76,1777064888000
1777064889.716,189.716,0.07,0.08,0.92,0.93,0.01,0.01,77724.76,1777064888000
1777064890.124,190.124,0.07,0.08,0.92,0.93,0.01,0.01,77724.77,1777064889000
1777064890.789,190.789,0.07,0.08,0.92,0.93,0.01,0.01,77724.77,1777064889000
1777064891.137,191.137,0.07,0.08,0.92,0.93,0.01,0.01,77724.77,1777064889000
1777064891.654,191.654,0.07,0.08,0.92,0.93,0.01,0.01,77724.77,1777064890000
1777064892.125,192.125,0.07,0.08,0.92,0.93,0.01,0.01,77724.77,1777064890000
1777064892.991,192.991,0.07,0.08,0.92,0.93,0.01,0.01,77725.56,1777064891000
1777064893.353,193.353,0.07,0.08,0.92,0.93,0.01,0.01,77725.56,1777064891000
1777064893.723,193.723,0.07,0.08,0.92,0.93,0.01,0.01,77725.56,1777064892000
1777064894.362,194.362,0.07,0.08,0.92,0.93,0.01,0.01,77725.56,1777064892000
1777064895.474,195.474,0.07,0.08,0.92,0.93,0.01,0.01,77725.56,1777064894000
1777064895.827,195.827,0.07,0.08,0.92,0.93,0.01,0.01,77725.56,1777064894000
1777064896.208,196.208,0.07,0.08,0.92,0.93,0.01,0.01,77725.59,1777064895000
1777064896.605,196.605,0.07,0.08,0.92,0.93,0.01,0.01,77725.59,1777064895000
1777064897.282,197.282,0.07,0.08,0.92,0.93,0.01,0.01,77725.79,1777064896000
1777064898.243,198.243,0.07,0.08,0.92,0.93,0.01,0.01,77725.79,1777064896000
1777064898.653,198.653,0.07,0.08,0.92,0.93,0.01,0.01,77725.46,1777064897000
1777064899.097,199.097,0.07,0.08,0.92,0.93,0.01,0.01,77725.45,1777064898000
1777064899.721,199.721,0.07,0.08,0.92,0.93,0.01,0.01,77725.45,1777064898000
1777064900.551,200.551,0.07,0.08,0.92,0.93,0.01,0.01,77725.44,1777064899000
1777064900.96,200.96,0.07,0.08,0.92,0.93,0.01,0.01,77725.44,1777064899000
1777064901.306,201.306,0.06,0.08,0.92,0.94,0.02,0.02,77725.44,1777064899000
1777064902.465,202.465,0.06,0.07,0.92,0.94,0.01,0.02,77725.44,1777064900000
1777064902.98,202.98,0.06,0.07,0.93,0.94,0.01,0.01,77725.47,1777064901000
1777064903.557,203.557,0.06,0.07,0.93,0.94,0.01,0.01,77725.49,1777064902000
1777064903.99,203.99,0.06,0.07,0.93,0.94,0.01,0.01,77725.49,1777064902000
1777064904.371,204.371,0.06,0.07,0.93,0.94,0.01,0.01,77725.5,1777064903000
1777064904.802,204.802,0.06,0.07,0.93,0.94,0.01,0.01,77725.5,1777064903000
1777064905.396,205.396,0.05,0.06,0.93,0.94,0.01,0.01,77725.48,1777064904000
1777064905.871,205.871,0.05,0.06,0.94,0.95,0.01,0.01,77725.48,1777064904000
1777064906.887,206.887,0.05,0.06,0.94,0.95,0.01,0.01,77725.48,1777064905000
1777064907.309,207.309,0.05,0.06,0.94,0.95,0.01,0.01,77726.01,1777064906000
1777064907.991,207.991,0.05,0.06,0.94,0.95,0.01,0.01,77726.01,1777064907000
1777064908.974,208.974,0.05,0.06,0.94,0.95,0.01,0.01,77726.01,1777064907000
1777064909.308,209.308,0.05,0.06,0.94,0.95,0.01,0.01,77726.01,1777064907000
1777064909.658,209.658,0.05,0.06,0.94,0.95,0.01,0.01,77725.1,1777064908000
1777064910.045,210.045,0.05,0.06,0.94,0.95,0.01,0.01,77725.1,1777064908000
1777064910.382,210.382,0.05,0.06,0.94,0.95,0.01,0.01,77724.91,1777064909000
1777064910.731,210.731,0.05,0.06,0.94,0.95,0.01,0.01,77724.91,1777064909000
1777064911.329,211.329,0.05,0.06,0.94,0.95,0.01,0.01,77724.91,1777064910000
1777064912.057,212.057,0.05,0.06,0.94,0.95,0.01,0.01,77725.24,1777064911000
1777064912.442,212.442,0.05,0.06,0.94,0.95,0.01,0.01,77725.24,1777064911000
1777064912.812,212.812,0.05,0.06,0.94,0.95,0.01,0.01,77725.24,1777064911000
1777064913.303,213.303,0.05,0.06,0.94,0.95,0.01,0.01,77725.75,1777064912000
1777064913.637,213.637,0.05,0.06,0.94,0.95,0.01,0.01,77725.75,1777064912000
1777064914.447,214.447,0.05,0.06,0.94,0.95,0.01,0.01,77725.37,1777064913000
1777064915.104,215.104,0.05,0.06,0.94,0.95,0.01,0.01,77725.37,1777064914000
1777064916.277,216.277,0.05,0.06,0.94,0.95,0.01,0.01,77726.64,1777064915000
1777064916.777,216.777,0.05,0.06,0.94,0.95,0.01,0.01,77726.64,1777064915000
1777064917.208,217.208,0.05,0.07,0.94,0.95,0.02,0.01,77726.64,1777064915000
1777064917.596,217.596,0.05,0.07,0.93,0.95,0.02,0.02,77727.07,1777064916000
1777064917.951,217.951,0.05,0.06,0.94,0.95,0.01,0.01,77727.07,1777064917000
1777064918.751,218.751,0.05,0.06,0.94,0.95,0.01,0.01,77727.07,1777064917000
1777064919.177,219.177,0.05,0.06,0.94,0.95,0.01,0.01,77727.72,1777064918000
1777064919.991,219.991,0.05,0.06,0.94,0.95,0.01,0.01,77727.72,1777064918000
1777064920.344,220.344,0.05,0.06,0.94,0.95,0.01,0.01,77728.82,1777064919000
1777064920.858,220.858,0.05,0.06,0.94,0.95,0.01,0.01,77727.77,1777064920000
1777064921.926,221.926,0.05,0.06,0.94,0.95,0.01,0.01,77727.77,1777064920000
1777064922.427,222.427,0.05,0.06,0.94,0.95,0.01,0.01,77727.77,1777064921000
1777064923.198,223.198,0.05,0.06,0.94,0.95,0.01,0.01,77727.77,1777064921000
1777064923.583,223.583,0.05,0.06,0.94,0.95,0.01,0.01,77727.77,1777064922000
1777064923.944,223.944,0.05,0.07,0.93,0.95,0.02,0.02,77727.78,1777064923000
1777064924.793,224.793,0.05,0.06,0.94,0.95,0.01,0.01,77727.78,1777064923000
1777064925.587,225.587,0.05,0.06,0.94,0.95,0.01,0.01,77729.57,1777064924000
1777064926.193,226.193,0.05,0.06,0.94,0.95,0.01,0.01,77729.38,1777064925000
1777064926.896,226.896,0.05,0.06,0.94,0.95,0.01,0.01,77729.38,1777064925000
1777064927.24,227.24,0.05,0.06,0.94,0.95,0.01,0.01,77729.74,1777064926000
1777064928.483,228.483,0.05,0.06,0.94,0.95,0.01,0.01,77729.61,1777064927000
1777064928.829,228.829,0.05,0.06,0.94,0.95,0.01,0.01,77729.61,1777064927000
1777064929.354,229.354,0.04,0.05,0.94,0.96,0.01,0.02,77729.72,1777064928000
1777064929.809,229.809,0.04,0.05,0.95,0.96,0.01,0.01,77729.72,1777064928000
1777064930.519,230.519,0.04,0.05,0.95,0.96,0.01,0.01,77729.43,1777064929000
1777064930.975,230.975,0.04,0.05,0.95,0.96,0.01,0.01,77729.43,1777064929000
1777064931.428,231.428,0.04,0.05,0.95,0.96,0.01,0.01,77729.43,1777064930000
1777064932.022,232.022,0.04,0.05,0.95,0.96,0.01,0.01,77729.43,1777064930000
1777064932.357,232.357,0.04,0.05,0.95,0.96,0.01,0.01,77729.47,1777064931000
1777064932.902,232.902,0.04,0.05,0.95,0.96,0.01,0.01,77729.4,1777064932000
1777064933.681,233.681,0.04,0.05,0.95,0.96,0.01,0.01,77729.4,1777064932000
1777064934.464,234.464,0.04,0.05,0.95,0.96,0.01,0.01,77729.4,1777064933000
1777064935.083,235.083,0.04,0.05,0.95,0.96,0.01,0.01,77728.5,1777064934000
1777064935.426,235.426,0.04,0.05,0.95,0.96,0.01,0.01,77728.5,1777064934000
1777064935.99,235.99,0.04,0.05,0.95,0.96,0.01,0.01,77728.5,1777064934000
1777064936.822,236.822,0.04,0.05,0.95,0.96,0.01,0.01,77728.68,1777064935000
1777064937.211,237.211,0.04,0.05,0.95,0.96,0.01,0.01,77728.68,1777064935000
1777064938.321,238.321,0.04,0.05,0.95,0.96,0.01,0.01,77729.67,1777064937000
1777064938.949,238.949,0.03,0.05,0.95,0.96,0.02,0.01,77729.67,1777064937000
1777064939.475,239.475,0.03,0.04,0.95,0.97,0.01,0.02,77730.05,1777064938000
1777064939.83,239.83,0.03,0.04,0.96,0.97,0.01,0.01,77730.05,1777064938000
1777064940.24,240.24,0.03,0.04,0.96,0.97,0.01,0.01,77729.7,1777064939000
1777064940.603,240.603,0.03,0.04,0.96,0.97,0.01,0.01,77729.7,1777064939000
1777064941.006,241.006,0.03,0.04,0.96,0.97,0.01,0.01,77729.7,1777064939000
1777064941.361,241.361,0.03,0.04,0.96,0.97,0.01,0.01,77729.7,1777064939000
1777064941.703,241.703,0.03,0.04,0.96,0.97,0.01,0.01,77729.7,1777064940000
1777064942.141,242.141,0.03,0.04,0.96,0.97,0.01,0.01,77729.7,1777064940000
1777064942.552,242.552,0.03,0.04,0.96,0.97,0.01,0.01,77729.42,1777064941000
1777064942.995,242.995,0.03,0.04,0.96,0.97,0.01,0.01,77729.42,1777064941000
1777064943.707,243.707,0.03,0.04,0.96,0.97,0.01,0.01,77727.07,1777064942000
1777064944.242,244.242,0.03,0.04,0.96,0.97,0.01,0.01,77729.66,1777064943000
1777064944.817,244.817,0.03,0.04,0.96,0.97,0.01,0.01,77729.66,1777064943000
1777064945.863,245.863,0.03,0.04,0.96,0.97,0.01,0.01,77727.06,1777064944000
1777064946.512,246.512,0.03,0.04,0.96,0.97,0.01,0.01,77728.95,1777064945000
1777064947.17,247.17,0.03,0.04,0.96,0.97,0.01,0.01,77728.65,1777064946000
1777064948.132,248.132,0.03,0.04,0.96,0.97,0.01,0.01,77728.65,1777064946000
1777064948.731,248.731,0.03,0.04,0.96,0.97,0.01,0.01,77727.14,1777064947000
1777064949.188,249.188,0.03,0.04,0.96,0.97,0.01,0.01,77727.12,1777064948000
1777064949.532,249.532,0.03,0.04,0.96,0.97,0.01,0.01,77727.12,1777064948000
1777064950.021,250.021,0.03,0.04,0.96,0.97,0.01,0.01,77727.12,1777064948000
1777064950.744,250.744,0.02,0.03,0.96,0.98,0.01,0.02,77726.62,1777064949000
1777064951.192,251.192,0.02,0.03,0.97,0.98,0.01,0.01,77726.52,1777064950000
1777064951.58,251.58,0.02,0.03,0.97,0.98,0.01,0.01,77726.52,1777064950000
1777064952.124,252.124,0.02,0.03,0.97,0.98,0.01,0.01,77725.7,1777064951000
1777064952.534,252.534,0.02,0.03,0.97,0.98,0.01,0.01,77725.7,1777064951000
1777064953.11,253.11,0.02,0.03,0.97,0.98,0.01,0.01,77725.7,1777064951000
1777064953.524,253.524,0.02,0.03,0.97,0.98,0.01,0.01,77725.7,1777064951000
1777064953.861,253.861,0.02,0.03,0.97,0.98,0.01,0.01,77725.7,1777064951000
1777064954.325,254.325,0.02,0.03,0.97,0.98,0.01,0.01,77725.38,1777064952000
1777064954.675,254.675,0.02,0.03,0.97,0.98,0.01,0.01,77725.38,1777064952000
1777064955.08,255.08,0.02,0.03,0.97,0.98,0.01,0.01,77726.76,1777064953000
1777064955.414,255.414,0.02,0.03,0.97,0.98,0.01,0.01,77726.76,1777064953000
1777064955.835,255.835,0.01,0.02,0.97,0.99,0.01,0.02,77726.76,1777064953000
1777064956.333,256.333,0.01,0.02,0.98,0.99,0.01,0.01,77726.15,1777064954000
1777064956.72,256.72,0.01,0.02,0.98,0.99,0.01,0.01,77728.5,1777064955000
1777064957.336,257.336,0.01,0.02,0.98,0.99,0.01,0.01,77728.5,1777064955000
1777064957.905,257.905,0.01,0.02,0.98,0.99,0.01,0.01,77728.5,1777064956000
1777064958.415,258.415,0.01,0.02,0.98,0.99,0.01,0.01,77728.73,1777064957000
1777064959.364,259.364,0.01,0.02,0.98,0.99,0.01,0.01,77728.65,1777064958000
1777064959.709,259.709,0.03,0.05,0.95,0.97,0.02,0.02,77728.65,1777064958000
1777064960.119,260.119,0.04,0.05,0.95,0.96,0.01,0.01,77726.1,1777064959000
1777064960.52,260.52,0.04,0.05,0.95,0.96,0.01,0.01,77726.1,1777064959000
1777064960.928,260.928,0.04,0.05,0.95,0.96,0.01,0.01,77726.1,1777064959000
1777064961.327,261.327,0.04,0.05,0.95,0.96,0.01,0.01,77729.28,1777064960000
1777064961.844,261.844,0.04,0.05,0.95,0.96,0.01,0.01,77729.28,1777064960000
1777064962.509,262.509,0.04,0.05,0.95,0.96,0.01,0.01,77729.28,1777064960000
1777064963.17,263.17,0.04,0.05,0.95,0.96,0.01,0.01,77731.25,1777064962000
1777064964.192,264.192,0.04,0.05,0.95,0.96,0.01,0.01,77731.25,1777064962000
1777064964.689,264.689,0.04,0.05,0.95,0.96,0.01,0.01,77731.4,1777064963000
1777064965.323,265.323,0.04,0.05,0.95,0.96,0.01,0.01,77731.39,1777064964000
1777064965.662,265.662,0.03,0.05,0.95,0.96,0.02,0.01,77731.39,1777064964000
1777064966.001,266.001,0.03,0.05,0.95,0.97,0.02,0.02,77733.0,1777064965000
1777064966.932,266.932,0.02,0.03,0.95,0.98,0.01,0.03,77733.0,1777064965000
1777064967.376,267.376,0.01,0.03,0.97,0.99,0.02,0.02,77734.61,1777064966000
1777064967.961,267.961,0.02,0.03,0.97,0.98,0.01,0.01,77734.14,1777064967000
1777064968.352,268.352,0.02,0.03,0.97,0.98,0.01,0.01,77734.14,1777064967000
1777064968.759,268.759,0.02,0.03,0.97,0.98,0.01,0.01,77734.14,1777064967000
1777064969.148,269.148,0.02,0.03,0.97,0.98,0.01,0.01,77734.14,1777064967000
1777064969.531,269.531,0.02,0.03,0.97,0.98,0.01,0.01,77734.12,1777064968000
1777064969.907,269.907,0.01,0.03,0.97,0.98,0.02,0.01,77734.12,1777064968000
1777064970.302,270.302,0.01,0.03,0.97,0.99,0.02,0.02,77736.1,1777064969000
1777064970.673,270.673,0.04,0.05,0.95,0.96,0.01,0.01,77736.1,1777064969000
1777064971.24,271.24,0.01,0.02,0.96,0.99,0.01,0.03,77736.1,1777064969000
1777064971.662,271.662,0.01,0.02,0.98,0.99,0.01,0.01,77734.95,1777064970000
1777064972.14,272.14,0.01,0.02,0.98,0.99,0.01,0.01,77734.86,1777064971000
1777064972.513,272.513,0.01,0.03,0.98,0.99,0.02,0.01,77734.86,1777064971000
1777064972.868,272.868,0.01,0.02,0.98,0.99,0.01,0.01,77734.79,1777064972000
1777064973.209,273.209,0.01,0.02,0.98,0.99,0.01,0.01,77734.79,1777064972000
1777064973.602,273.602,0.01,0.02,0.98,0.99,0.01,0.01,77734.79,1777064972000
1777064973.947,273.947,0.01,0.02,0.98,0.99,0.01,0.01,77733.15,1777064973000
1777064974.466,274.466,0.01,0.02,0.98,0.99,0.01,0.01,77733.15,1777064973000
1777064974.963,274.963,0.01,0.02,0.98,0.99,0.01,0.01,77732.58,1777064974000
1777064975.31,275.31,0.01,0.02,0.98,0.99,0.01,0.01,77732.58,1777064974000
1777064975.657,275.657,0.01,0.02,0.97,0.99,0.01,0.02,77732.58,1777064974000
1777064976.038,276.038,0.01,0.02,0.98,0.99,0.01,0.01,77732.58,1777064974000
1777064976.53,276.53,0.01,0.02,0.98,0.99,0.01,0.01,77732.43,1777064975000
1777064976.971,276.971,0.01,0.02,0.98,0.99,0.01,0.01,77732.43,1777064975000
1777064977.43,277.43,0.01,0.02,0.98,0.99,0.01,0.01,77731.43,1777064976000
1777064977.909,277.909,0.01,0.02,0.98,0.99,0.01,0.01,77731.43,1777064976000
1777064978.28,278.28,0.01,0.02,0.98,0.99,0.01,0.01,77731.42,1777064977000
1777064978.751,278.751,0.01,0.02,0.98,0.99,0.01,0.01,77731.42,1777064977000
1777064979.113,279.113,0.01,0.02,0.98,0.99,0.01,0.01,77731.42,1777064977000
1777064979.521,279.521,0.01,0.02,0.98,0.99,0.01,0.01,77731.24,1777064978000
1777064980.209,280.209,0.01,0.02,0.98,0.99,0.01,0.01,77731.24,1777064978000
1777064980.828,280.828,0.01,0.02,0.98,0.99,0.01,0.01,77730.91,1777064979000
1777064981.197,281.197,0.01,0.02,0.98,0.99,0.01,0.01,77730.91,1777064979000
1777064981.607,281.607,0.01,0.02,0.98,0.99,0.01,0.01,77730.69,1777064980000
1777064981.945,281.945,0.01,0.02,0.98,0.99,0.01,0.01,77730.8,1777064981000
1777064982.354,282.354,0.01,0.02,0.98,0.99,0.01,0.01,77730.8,1777064981000
1777064982.796,282.796,0.01,0.02,0.98,0.99,0.01,0.01,77730.8,1777064981000
1777064983.162,283.162,0.01,0.02,0.98,0.99,0.01,0.01,77730.91,1777064982000
1777064983.739,283.739,0.01,0.02,0.98,0.99,0.01,0.01,77730.91,1777064982000
1777064984.129,284.129,0.01,0.02,0.98,0.99,0.01,0.01,77730.91,1777064983000
1777064984.491,284.491,0.01,0.02,0.98,0.99,0.01,0.01,77730.91,1777064983000
1777064984.926,284.926,0.01,0.02,0.98,0.99,0.01,0.01,77730.91,1777064983000
1777064985.329,285.329,0.01,0.02,0.98,0.99,0.01,0.01,77730.87,1777064984000
1777064985.698,285.698,0.01,0.02,0.98,0.99,0.01,0.01,77730.87,1777064984000
1777064986.257,286.257,0.01,0.02,0.98,0.99,0.01,0.01,77730.76,1777064985000
1777064986.718,286.718,0.01,0.02,0.98,0.99,0.01,0.01,77730.76,1777064985000
1777064987.104,287.104,0.01,0.02,0.98,0.99,0.01,0.01,77730.76,1777064985000
1777064987.458,287.458,0.01,0.02,0.98,0.99,0.01,0.01,77730.91,1777064986000
1777064987.921,287.921,0.01,0.02,0.98,0.99,0.01,0.01,77730.91,1777064986000
1777064988.321,288.321,0.01,0.02,0.98,0.99,0.01,0.01,77730.76,1777064987000
1777064988.898,288.898,0.01,0.02,0.98,0.99,0.01,0.01,77730.76,1777064987000
1777064989.286,289.286,0.01,0.02,0.98,0.99,0.01,0.01,77730.73,1777064988000
1777064989.723,289.723,0.01,0.02,0.98,0.99,0.01,0.01,77730.73,1777064988000
1777064990.262,290.262,0.01,0.02,0.98,0.99,0.01,0.01,77730.82,1777064989000
1777064990.629,290.629,0.01,0.02,0.98,0.99,0.01,0.01,77730.82,1777064989000
1777064990.979,290.979,0.01,0.02,0.98,0.99,0.01,0.01,77730.82,1777064990000
1777064991.326,291.326,0.01,0.02,0.98,0.99,0.01,0.01,77730.82,1777064990000
1777064991.764,291.764,0.01,0.02,0.98,0.99,0.01,0.01,77730.82,1777064990000
1777064992.257,292.257,0.01,0.01,0.99,0.99,0.0,0.0,77730.75,1777064991000
1777064992.845,292.845,0.01,0.01,0.99,0.99,0.0,0.0,77730.75,1777064991000
1777064993.204,293.204,0.01,0.01,0.99,0.99,0.0,0.0,77729.15,1777064992000
1777064993.75,293.75,0.01,0.01,0.99,0.99,0.0,0.0,77729.15,1777064992000
1777064994.459,294.459,0.01,0.01,0.99,0.99,0.0,0.0,77729.6,1777064993000
1777064994.975,294.975,0.01,0.01,0.99,0.99,0.0,0.0,77729.7,1777064994000
1777064995.543,295.543,0.01,0.01,0.99,0.99,0.0,0.0,77729.7,1777064994000
1777064995.988,295.988,0.01,0.01,0.99,0.99,0.0,0.0,77729.87,1777064995000
1777064997.177,297.177,0.01,0.01,0.99,0.99,0.0,0.0,77729.87,1777064995000
1777064997.587,297.587,0.01,0.01,0.99,0.99,0.0,0.0,77730.29,1777064996000
1777064997.982,297.982,0.01,0.01,0.99,0.99,0.0,0.0,77730.73,1777064997000
1777064999.01,299.01,0.01,0.01,0.99,0.99,0.0,0.0,77730.02,1777064998000
1777064999.531,299.531,0.01,0.01,0.99,0.99,0.0,0.0,77730.02,1777064998000
1777065000.042,300.042,0.01,0.01,0.99,0.99,0.0,0.0,77730.09,1777064999000
1777065000.413,300.413,0.01,0.01,0.99,0.99,0.0,0.0,77730.09,1777064999000
1777065001.324,301.324,0.01,0.01,0.99,0.99,0.0,0.0,77730.09,1777065000000
1777065001.882,301.882,0.01,0.01,0.99,0.99,0.0,0.0,77730.18,1777065001000

# RESULT,winner=Down,slug=btc-updown-5m-1777064700,ticks=618
