timestamp,elapsed_sec,up_bid,up_ask,down_bid,down_ask,up_spread,down_spread,btc_price,btc_oracle_ts
1776336000.587,0.587,0.52,0.53,0.47,0.49,0.01,0.02,74463.51,1776335999000
1776336001.013,1.013,0.52,0.53,0.47,0.48,0.01,0.01,74463.51,1776335999000
1776336001.456,1.456,0.52,0.53,0.47,0.48,0.01,0.01,74463.51,1776335999000
1776336001.951,1.951,0.52,0.53,0.46,0.48,0.01,0.02,74463.39,1776336000000
1776336002.342,2.342,0.52,0.54,0.46,0.48,0.02,0.02,74463.47,1776336001000
1776336003.019,3.019,0.53,0.54,0.46,0.48,0.01,0.02,74463.47,1776336001000
1776336003.366,3.366,0.53,0.54,0.46,0.47,0.01,0.01,74463.44,1776336002000
1776336003.711,3.711,0.53,0.55,0.45,0.47,0.02,0.02,74463.44,1776336002000
1776336004.247,4.247,0.55,0.56,0.44,0.45,0.01,0.01,74463.44,1776336002000
1776336004.583,4.583,0.54,0.56,0.44,0.45,0.02,0.01,74465.3,1776336003000
1776336005.176,5.176,0.54,0.55,0.45,0.46,0.01,0.01,74465.3,1776336003000
1776336005.572,5.572,0.53,0.54,0.46,0.47,0.01,0.01,74466.1,1776336004000
1776336005.907,5.907,0.51,0.52,0.48,0.49,0.01,0.01,74466.1,1776336004000
1776336006.265,6.265,0.5,0.51,0.49,0.5,0.01,0.01,74465.88,1776336005000
1776336006.616,6.616,0.5,0.51,0.49,0.5,0.01,0.01,74465.88,1776336005000
1776336007.024,7.024,0.5,0.51,0.49,0.5,0.01,0.01,74465.88,1776336005000
1776336007.384,7.384,0.5,0.51,0.49,0.5,0.01,0.01,74465.88,1776336005000
1776336007.771,7.771,0.5,0.51,0.49,0.5,0.01,0.01,74465.05,1776336006000
1776336008.127,8.127,0.5,0.51,0.49,0.5,0.01,0.01,74461.22,1776336007000
1776336008.689,8.689,0.5,0.51,0.49,0.5,0.01,0.01,74461.22,1776336007000
1776336009.131,9.131,0.5,0.51,0.49,0.5,0.01,0.01,74461.22,1776336007000
1776336009.484,9.484,0.5,0.51,0.49,0.5,0.01,0.01,74461.22,1776336007000
1776336010.094,10.094,0.5,0.51,0.49,0.5,0.01,0.01,74461.22,1776336007000
1776336010.433,10.433,0.5,0.51,0.49,0.5,0.01,0.01,74459.59,1776336008000
1776336010.822,10.822,0.5,0.51,0.49,0.5,0.01,0.01,74459.59,1776336008000
1776336011.341,11.341,0.5,0.51,0.49,0.5,0.01,0.01,74459.94,1776336009000
1776336011.832,11.832,0.5,0.51,0.49,0.5,0.01,0.01,74460.05,1776336010000
1776336012.178,12.178,0.5,0.51,0.49,0.5,0.01,0.01,74460.53,1776336011000
1776336012.833,12.833,0.5,0.51,0.49,0.5,0.01,0.01,74460.53,1776336011000
1776336013.318,13.318,0.5,0.51,0.49,0.5,0.01,0.01,74460.65,1776336012000
1776336014.177,14.177,0.5,0.51,0.49,0.5,0.01,0.01,74460.65,1776336012000
1776336014.553,14.553,0.49,0.5,0.5,0.51,0.01,0.01,74460.83,1776336013000
1776336015.08,15.08,0.49,0.5,0.5,0.51,0.01,0.01,74460.83,1776336013000
1776336015.492,15.492,0.49,0.5,0.5,0.51,0.01,0.01,74459.5,1776336014000
1776336015.906,15.906,0.49,0.5,0.5,0.51,0.01,0.01,74459.5,1776336014000
1776336016.599,16.599,0.49,0.5,0.5,0.51,0.01,0.01,74458.23,1776336015000
1776336017.003,17.003,0.47,0.48,0.52,0.54,0.01,0.02,74458.23,1776336015000
1776336017.38,17.38,0.46,0.47,0.53,0.54,0.01,0.01,74457.95,1776336016000
1776336017.803,17.803,0.46,0.47,0.53,0.54,0.01,0.01,74457.95,1776336016000
1776336018.236,18.236,0.46,0.47,0.53,0.54,0.01,0.01,74457.95,1776336016000
1776336018.584,18.584,0.46,0.47,0.53,0.54,0.01,0.01,74457.87,1776336017000
1776336019.397,19.397,0.46,0.47,0.53,0.54,0.01,0.01,74457.87,1776336017000
1776336020.037,20.037,0.46,0.47,0.53,0.54,0.01,0.01,74457.46,1776336019000
1776336020.6,20.6,0.46,0.47,0.53,0.54,0.01,0.01,74457.46,1776336019000
1776336020.979,20.979,0.46,0.47,0.53,0.54,0.01,0.01,74457.46,1776336020000
1776336021.428,21.428,0.46,0.47,0.53,0.54,0.01,0.01,74457.46,1776336020000
1776336022.068,22.068,0.45,0.47,0.53,0.54,0.02,0.01,74457.46,1776336020000
1776336022.975,22.975,0.45,0.46,0.54,0.55,0.01,0.01,74457.46,1776336021000
1776336023.615,23.615,0.45,0.46,0.54,0.55,0.01,0.01,74457.5,1776336022000
1776336024.165,24.165,0.45,0.46,0.54,0.55,0.01,0.01,74457.5,1776336022000
1776336024.538,24.538,0.46,0.47,0.53,0.55,0.01,0.02,74457.5,1776336022000
1776336024.962,24.962,0.46,0.47,0.53,0.54,0.01,0.01,74457.5,1776336022000
1776336025.32,25.32,0.46,0.47,0.53,0.54,0.01,0.01,74457.47,1776336024000
1776336025.825,25.825,0.46,0.47,0.53,0.54,0.01,0.01,74457.47,1776336024000
1776336026.229,26.229,0.44,0.45,0.55,0.56,0.01,0.01,74457.47,1776336024000
1776336026.692,26.692,0.42,0.43,0.57,0.58,0.01,0.01,74457.47,1776336024000
1776336027.115,27.115,0.42,0.43,0.57,0.58,0.01,0.01,74456.28,1776336025000
1776336027.535,27.535,0.41,0.42,0.57,0.58,0.01,0.01,74456.28,1776336025000
1776336027.875,27.875,0.4,0.41,0.59,0.6,0.01,0.01,74456.28,1776336025000
1776336028.29,28.29,0.4,0.41,0.59,0.6,0.01,0.01,74456.21,1776336026000
1776336028.63,28.63,0.4,0.41,0.59,0.6,0.01,0.01,74456.21,1776336026000
1776336028.99,28.99,0.4,0.41,0.59,0.6,0.01,0.01,74453.37,1776336027000
1776336029.366,29.366,0.4,0.41,0.59,0.6,0.01,0.01,74453.37,1776336027000
1776336029.733,29.733,0.4,0.41,0.59,0.6,0.01,0.01,74452.38,1776336028000
1776336030.266,30.266,0.4,0.41,0.59,0.6,0.01,0.01,74450.28,1776336029000
1776336030.635,30.635,0.4,0.41,0.59,0.6,0.01,0.01,74450.28,1776336029000
1776336031.001,31.001,0.39,0.4,0.59,0.61,0.01,0.02,74450.28,1776336029000
1776336031.394,31.394,0.39,0.4,0.6,0.61,0.01,0.01,74450.26,1776336030000
1776336031.778,31.778,0.39,0.4,0.6,0.61,0.01,0.01,74450.26,1776336030000
1776336032.148,32.148,0.39,0.4,0.6,0.61,0.01,0.01,74450.26,1776336030000
1776336032.483,32.483,0.38,0.39,0.6,0.62,0.01,0.02,74450.27,1776336031000
1776336032.834,32.834,0.38,0.39,0.61,0.62,0.01,0.01,74450.27,1776336031000
1776336033.202,33.202,0.38,0.39,0.61,0.62,0.01,0.01,74450.34,1776336032000
1776336033.598,33.598,0.38,0.39,0.61,0.62,0.01,0.01,74450.34,1776336032000
1776336034.008,34.008,0.38,0.39,0.61,0.62,0.01,0.01,74450.34,1776336032000
1776336034.418,34.418,0.38,0.39,0.61,0.62,0.01,0.01,74450.34,1776336032000
1776336034.781,34.781,0.38,0.39,0.61,0.62,0.01,0.01,74450.31,1776336033000
1776336035.205,35.205,0.38,0.39,0.61,0.62,0.01,0.01,74450.31,1776336033000
1776336035.634,35.634,0.38,0.39,0.61,0.62,0.01,0.01,74450.29,1776336034000
1776336036.119,36.119,0.38,0.39,0.61,0.62,0.01,0.01,74450.29,1776336034000
1776336036.603,36.603,0.38,0.39,0.61,0.62,0.01,0.01,74450.19,1776336035000
1776336036.959,36.959,0.38,0.39,0.61,0.62,0.01,0.01,74450.19,1776336035000
1776336037.295,37.295,0.32,0.38,0.63,0.68,0.06,0.05,74450.19,1776336035000
1776336037.667,37.667,0.34,0.35,0.65,0.66,0.01,0.01,74450.08,1776336036000
1776336038.104,38.104,0.34,0.35,0.65,0.66,0.01,0.01,74450.08,1776336036000
1776336038.483,38.483,0.34,0.35,0.65,0.66,0.01,0.01,74449.99,1776336037000
1776336038.872,38.872,0.34,0.35,0.65,0.66,0.01,0.01,74449.99,1776336037000
1776336039.399,39.399,0.34,0.35,0.65,0.66,0.01,0.01,74449.99,1776336037000
1776336039.752,39.752,0.32,0.33,0.65,0.68,0.01,0.03,74444.14,1776336038000
1776336040.103,40.103,0.32,0.33,0.67,0.68,0.01,0.01,74444.14,1776336038000
1776336040.483,40.483,0.32,0.33,0.67,0.68,0.01,0.01,74443.85,1776336039000
1776336041.124,41.124,0.32,0.33,0.67,0.68,0.01,0.01,74443.23,1776336040000
1776336041.49,41.49,0.38,0.39,0.61,0.64,0.01,0.03,74443.23,1776336040000
1776336041.933,41.933,0.38,0.4,0.6,0.62,0.02,0.02,74443.23,1776336040000
1776336042.276,42.276,0.39,0.41,0.59,0.61,0.02,0.02,74443.23,1776336040000
1776336042.615,42.615,0.41,0.42,0.58,0.59,0.01,0.01,74443.23,1776336040000
1776336043.129,43.129,0.41,0.42,0.58,0.59,0.01,0.01,74440.88,1776336041000
1776336043.6,43.6,0.46,0.48,0.51,0.54,0.02,0.03,74442.72,1776336042000
1776336043.953,43.953,0.48,0.5,0.5,0.52,0.02,0.02,74442.72,1776336042000
1776336044.312,44.312,0.48,0.49,0.51,0.52,0.01,0.01,74442.72,1776336042000
1776336044.807,44.807,0.48,0.49,0.51,0.52,0.01,0.01,74447.66,1776336043000
1776336045.179,45.179,0.48,0.49,0.51,0.52,0.01,0.01,74454.15,1776336044000
1776336045.543,45.543,0.5,0.51,0.5,0.51,0.01,0.01,74454.15,1776336044000
1776336045.897,45.897,0.5,0.51,0.49,0.5,0.01,0.01,74456.64,1776336045000
1776336046.263,46.263,0.5,0.51,0.49,0.5,0.01,0.01,74456.64,1776336045000
1776336046.623,46.623,0.5,0.51,0.48,0.5,0.01,0.02,74456.64,1776336045000
1776336047.079,47.079,0.5,0.51,0.49,0.5,0.01,0.01,74456.9,1776336046000
1776336047.416,47.416,0.5,0.51,0.49,0.5,0.01,0.01,74456.9,1776336046000
1776336047.784,47.784,0.5,0.51,0.49,0.5,0.01,0.01,74456.9,1776336046000
1776336048.249,48.249,0.5,0.51,0.49,0.5,0.01,0.01,74456.9,1776336046000
1776336049.035,49.035,0.5,0.51,0.49,0.5,0.01,0.01,74460.4,1776336047000
1776336049.737,49.737,0.5,0.51,0.49,0.5,0.01,0.01,74460.38,1776336048000
1776336050.151,50.151,0.5,0.51,0.49,0.5,0.01,0.01,74460.38,1776336048000
1776336050.8,50.8,0.5,0.51,0.49,0.5,0.01,0.01,74460.38,1776336049000
1776336051.201,51.201,0.5,0.51,0.49,0.5,0.01,0.01,74460.38,1776336049000
1776336051.594,51.594,0.5,0.52,0.49,0.5,0.02,0.01,74459.33,1776336050000
1776336052.468,52.468,0.51,0.53,0.48,0.49,0.02,0.01,74460.38,1776336051000
1776336052.818,52.818,0.52,0.54,0.47,0.49,0.02,0.02,74460.38,1776336051000
1776336053.167,53.167,0.54,0.56,0.45,0.46,0.02,0.01,74460.38,1776336051000
1776336053.564,53.564,0.54,0.55,0.44,0.46,0.01,0.02,74459.62,1776336052000
1776336053.999,53.999,0.54,0.55,0.45,0.46,0.01,0.01,74460.89,1776336053000
1776336054.371,54.371,0.54,0.56,0.45,0.46,0.02,0.01,74460.89,1776336053000
1776336054.714,54.714,0.55,0.56,0.44,0.45,0.01,0.01,74460.89,1776336053000
1776336055.143,55.143,0.55,0.56,0.44,0.45,0.01,0.01,74460.89,1776336053000
1776336055.547,55.547,0.55,0.56,0.44,0.45,0.01,0.01,74463.22,1776336054000
1776336055.897,55.897,0.55,0.56,0.44,0.45,0.01,0.01,74463.22,1776336054000
1776336056.24,56.24,0.55,0.56,0.44,0.45,0.01,0.01,74463.22,1776336054000
1776336056.615,56.615,0.55,0.56,0.44,0.45,0.01,0.01,74463.95,1776336055000
1776336057.02,57.02,0.55,0.56,0.44,0.45,0.01,0.01,74463.95,1776336055000
1776336057.367,57.367,0.55,0.56,0.44,0.45,0.01,0.01,74466.13,1776336056000
1776336057.731,57.731,0.55,0.56,0.44,0.45,0.01,0.01,74466.13,1776336056000
1776336058.088,58.088,0.55,0.56,0.44,0.45,0.01,0.01,74466.13,1776336056000
1776336058.45,58.45,0.55,0.56,0.44,0.45,0.01,0.01,74466.13,1776336057000
1776336058.877,58.877,0.55,0.56,0.44,0.45,0.01,0.01,74466.13,1776336057000
1776336059.409,59.409,0.55,0.56,0.44,0.45,0.01,0.01,74466.13,1776336057000
1776336059.881,59.881,0.55,0.56,0.44,0.45,0.01,0.01,74466.19,1776336058000
1776336060.313,60.313,0.55,0.56,0.44,0.45,0.01,0.01,74466.19,1776336058000
1776336060.651,60.651,0.55,0.56,0.44,0.45,0.01,0.01,74466.19,1776336059000
1776336061.077,61.077,0.55,0.56,0.44,0.45,0.01,0.01,74466.19,1776336059000
1776336061.481,61.481,0.55,0.56,0.44,0.45,0.01,0.01,74466.18,1776336060000
1776336061.865,61.865,0.55,0.56,0.44,0.45,0.01,0.01,74466.18,1776336060000
1776336062.384,62.384,0.55,0.56,0.44,0.45,0.01,0.01,74466.18,1776336060000
1776336062.759,62.759,0.53,0.54,0.45,0.47,0.01,0.02,74466.19,1776336061000
1776336063.158,63.158,0.46,0.48,0.52,0.53,0.02,0.01,74466.19,1776336061000
1776336063.516,63.516,0.44,0.47,0.53,0.59,0.03,0.06,74466.2,1776336062000
1776336063.868,63.868,0.42,0.44,0.56,0.6,0.02,0.04,74466.2,1776336062000
1776336064.23,64.23,0.42,0.43,0.57,0.58,0.01,0.01,74466.08,1776336063000
1776336064.646,64.646,0.42,0.43,0.57,0.58,0.01,0.01,74466.08,1776336063000
1776336065.103,65.103,0.42,0.43,0.57,0.58,0.01,0.01,74466.08,1776336063000
1776336065.458,65.458,0.41,0.42,0.57,0.59,0.01,0.02,74466.08,1776336063000
1776336066.239,66.239,0.41,0.42,0.58,0.59,0.01,0.01,74456.24,1776336064000
1776336066.824,66.824,0.41,0.42,0.58,0.59,0.01,0.01,74454.82,1776336065000
1776336067.263,67.263,0.41,0.42,0.58,0.59,0.01,0.01,74454.97,1776336066000
1776336067.609,67.609,0.4,0.41,0.59,0.6,0.01,0.01,74454.97,1776336066000
1776336067.991,67.991,0.4,0.41,0.59,0.6,0.01,0.01,74454.97,1776336066000
1776336068.35,68.35,0.4,0.41,0.59,0.6,0.01,0.01,74454.97,1776336066000
1776336068.734,68.734,0.4,0.41,0.59,0.6,0.01,0.01,74453.95,1776336067000
1776336069.112,69.112,0.39,0.41,0.59,0.61,0.02,0.02,74453.95,1776336067000
1776336069.45,69.45,0.33,0.34,0.66,0.67,0.01,0.01,74453.95,1776336067000
1776336069.794,69.794,0.3,0.32,0.68,0.7,0.02,0.02,74452.41,1776336068000
1776336070.21,70.21,0.29,0.31,0.69,0.71,0.02,0.02,74452.4,1776336069000
1776336070.657,70.657,0.29,0.3,0.7,0.71,0.01,0.01,74452.4,1776336069000
1776336071.094,71.094,0.28,0.29,0.7,0.72,0.01,0.02,74452.4,1776336069000
1776336071.471,71.471,0.26,0.29,0.71,0.74,0.03,0.03,74452.4,1776336069000
1776336071.833,71.833,0.27,0.29,0.71,0.73,0.02,0.02,74438.68,1776336070000
1776336072.173,72.173,0.25,0.27,0.73,0.75,0.02,0.02,74438.68,1776336070000
1776336072.523,72.523,0.24,0.25,0.74,0.76,0.01,0.02,74438.68,1776336070000
1776336072.93,72.93,0.24,0.25,0.75,0.76,0.01,0.01,74437.63,1776336071000
1776336073.263,73.263,0.24,0.25,0.75,0.76,0.01,0.01,74433.44,1776336072000
1776336073.62,73.62,0.23,0.24,0.76,0.77,0.01,0.01,74433.44,1776336072000
1776336073.984,73.984,0.23,0.24,0.76,0.77,0.01,0.01,74433.44,1776336072000
1776336074.343,74.343,0.24,0.25,0.74,0.77,0.01,0.03,74433.44,1776336072000
1776336074.695,74.695,0.24,0.25,0.75,0.76,0.01,0.01,74433.44,1776336072000
1776336075.157,75.157,0.24,0.25,0.75,0.76,0.01,0.01,74428.74,1776336073000
1776336075.496,75.496,0.25,0.26,0.74,0.75,0.01,0.01,74425.91,1776336074000
1776336075.93,75.93,0.25,0.26,0.74,0.75,0.01,0.01,74425.91,1776336074000
1776336076.392,76.392,0.25,0.26,0.74,0.75,0.01,0.01,74425.91,1776336074000
1776336076.736,76.736,0.28,0.29,0.71,0.73,0.01,0.02,74426.97,1776336075000
1776336077.264,77.264,0.28,0.3,0.7,0.72,0.02,0.02,74426.97,1776336076000
1776336077.604,77.604,0.3,0.32,0.68,0.7,0.02,0.02,74426.97,1776336076000
1776336077.961,77.961,0.3,0.31,0.69,0.7,0.01,0.01,74426.97,1776336076000
1776336078.297,78.297,0.3,0.31,0.69,0.7,0.01,0.01,74426.97,1776336076000
1776336078.793,78.793,0.3,0.31,0.69,0.7,0.01,0.01,74429.16,1776336077000
1776336079.153,79.153,0.27,0.31,0.69,0.73,0.04,0.04,74429.16,1776336077000
1776336079.526,79.526,0.28,0.3,0.7,0.71,0.02,0.01,74432.58,1776336078000
1776336079.994,79.994,0.28,0.29,0.71,0.72,0.01,0.01,74432.58,1776336078000
1776336080.329,80.329,0.27,0.29,0.71,0.72,0.02,0.01,74432.58,1776336078000
1776336080.882,80.882,0.27,0.28,0.71,0.73,0.01,0.02,74434.41,1776336079000
1776336081.217,81.217,0.23,0.24,0.74,0.77,0.01,0.03,74434.41,1776336079000
1776336081.58,81.58,0.23,0.24,0.76,0.77,0.01,0.01,74433.3,1776336080000
1776336082.002,82.002,0.23,0.24,0.76,0.77,0.01,0.01,74432.32,1776336081000
1776336082.417,82.417,0.23,0.24,0.76,0.77,0.01,0.01,74432.32,1776336081000
1776336082.758,82.758,0.23,0.24,0.76,0.77,0.01,0.01,74432.32,1776336081000
1776336083.106,83.106,0.23,0.24,0.76,0.77,0.01,0.01,74427.06,1776336082000
1776336083.681,83.681,0.23,0.24,0.76,0.77,0.01,0.01,74427.06,1776336082000
1776336084.037,84.037,0.23,0.24,0.76,0.77,0.01,0.01,74427.06,1776336082000
1776336084.396,84.396,0.23,0.24,0.76,0.77,0.01,0.01,74427.02,1776336083000
1776336084.819,84.819,0.23,0.24,0.76,0.77,0.01,0.01,74427.02,1776336083000
1776336085.154,85.154,0.23,0.24,0.76,0.77,0.01,0.01,74427.02,1776336083000
1776336085.616,85.616,0.23,0.24,0.76,0.77,0.01,0.01,74427.06,1776336084000
1776336086.201,86.201,0.23,0.24,0.76,0.77,0.01,0.01,74427.1,1776336085000
1776336086.588,86.588,0.23,0.24,0.76,0.77,0.01,0.01,74427.1,1776336085000
1776336087.1,87.1,0.23,0.24,0.76,0.77,0.01,0.01,74427.16,1776336086000
1776336087.556,87.556,0.23,0.24,0.76,0.77,0.01,0.01,74427.16,1776336086000
1776336088.134,88.134,0.23,0.24,0.76,0.77,0.01,0.01,74427.18,1776336087000
1776336088.488,88.488,0.23,0.24,0.76,0.77,0.01,0.01,74427.18,1776336087000
1776336088.855,88.855,0.23,0.24,0.76,0.77,0.01,0.01,74427.18,1776336087000
1776336089.196,89.196,0.23,0.24,0.76,0.77,0.01,0.01,74426.51,1776336088000
1776336089.547,89.547,0.23,0.24,0.76,0.77,0.01,0.01,74426.51,1776336088000
1776336089.898,89.898,0.24,0.25,0.75,0.76,0.01,0.01,74426.51,1776336088000
1776336090.45,90.45,0.24,0.25,0.75,0.76,0.01,0.01,74426.4,1776336089000
1776336090.852,90.852,0.24,0.25,0.75,0.76,0.01,0.01,74426.4,1776336089000
1776336091.337,91.337,0.24,0.25,0.75,0.76,0.01,0.01,74426.4,1776336089000
1776336091.686,91.686,0.24,0.25,0.75,0.76,0.01,0.01,74426.57,1776336090000
1776336092.298,92.298,0.24,0.25,0.75,0.76,0.01,0.01,74426.58,1776336091000
1776336092.786,92.786,0.24,0.25,0.75,0.76,0.01,0.01,74426.58,1776336091000
1776336093.177,93.177,0.24,0.25,0.75,0.76,0.01,0.01,74426.58,1776336091000
1776336093.663,93.663,0.24,0.25,0.75,0.76,0.01,0.01,74425.05,1776336092000
1776336094.143,94.143,0.24,0.25,0.75,0.76,0.01,0.01,74425.05,1776336092000
1776336094.625,94.625,0.24,0.25,0.75,0.76,0.01,0.01,74425.17,1776336093000
1776336094.991,94.991,0.24,0.25,0.75,0.76,0.01,0.01,74425.09,1776336094000
1776336095.44,95.44,0.24,0.25,0.75,0.76,0.01,0.01,74425.09,1776336094000
1776336095.824,95.824,0.24,0.25,0.75,0.76,0.01,0.01,74425.09,1776336094000
1776336096.195,96.195,0.24,0.25,0.75,0.76,0.01,0.01,74425.32,1776336095000
1776336096.569,96.569,0.24,0.25,0.75,0.76,0.01,0.01,74425.32,1776336095000
1776336096.987,96.987,0.24,0.25,0.75,0.76,0.01,0.01,74425.32,1776336096000
1776336097.36,97.36,0.24,0.25,0.75,0.76,0.01,0.01,74425.32,1776336096000
1776336097.779,97.779,0.24,0.25,0.75,0.76,0.01,0.01,74425.32,1776336096000
1776336098.287,98.287,0.24,0.25,0.75,0.76,0.01,0.01,74425.13,1776336097000
1776336098.75,98.75,0.24,0.25,0.75,0.76,0.01,0.01,74425.13,1776336097000
1776336099.313,99.313,0.24,0.25,0.75,0.76,0.01,0.01,74426.35,1776336098000
1776336099.904,99.904,0.24,0.25,0.75,0.76,0.01,0.01,74426.35,1776336098000
1776336100.593,100.593,0.24,0.25,0.75,0.76,0.01,0.01,74426.26,1776336099000
1776336101.176,101.176,0.24,0.25,0.75,0.76,0.01,0.01,74426.32,1776336100000
1776336101.663,101.663,0.24,0.25,0.75,0.76,0.01,0.01,74426.32,1776336100000
1776336102.163,102.163,0.24,0.25,0.75,0.76,0.01,0.01,74426.3,1776336101000
1776336102.691,102.691,0.24,0.25,0.75,0.76,0.01,0.01,74426.3,1776336101000
1776336103.061,103.061,0.24,0.25,0.75,0.76,0.01,0.01,74426.2,1776336102000
1776336103.594,103.594,0.24,0.25,0.75,0.76,0.01,0.01,74426.2,1776336102000
1776336103.963,103.963,0.24,0.25,0.75,0.76,0.01,0.01,74426.2,1776336102000
1776336104.441,104.441,0.24,0.25,0.75,0.76,0.01,0.01,74426.2,1776336102000
1776336105.063,105.063,0.23,0.25,0.75,0.76,0.02,0.01,74426.39,1776336103000
1776336105.412,105.412,0.23,0.24,0.76,0.77,0.01,0.01,74426.97,1776336104000
1776336105.893,105.893,0.23,0.24,0.76,0.77,0.01,0.01,74426.97,1776336104000
1776336106.23,106.23,0.23,0.24,0.76,0.77,0.01,0.01,74426.97,1776336104000
1776336106.671,106.671,0.23,0.24,0.76,0.77,0.01,0.01,74426.36,1776336105000
1776336107.294,107.294,0.23,0.24,0.76,0.77,0.01,0.01,74426.21,1776336106000
1776336108.093,108.093,0.23,0.24,0.76,0.77,0.01,0.01,74426.21,1776336107000
1776336108.626,108.626,0.23,0.24,0.76,0.77,0.01,0.01,74426.21,1776336107000
1776336108.991,108.991,0.23,0.24,0.76,0.77,0.01,0.01,74426.21,1776336107000
1776336109.589,109.589,0.23,0.24,0.76,0.77,0.01,0.01,74426.22,1776336108000
1776336109.925,109.925,0.22,0.24,0.76,0.78,0.02,0.02,74426.22,1776336108000
1776336110.313,110.313,0.22,0.23,0.77,0.78,0.01,0.01,74426.14,1776336109000
1776336110.793,110.793,0.22,0.23,0.77,0.78,0.01,0.01,74426.14,1776336109000
1776336111.27,111.27,0.22,0.23,0.77,0.78,0.01,0.01,74426.16,1776336110000
1776336111.643,111.643,0.22,0.23,0.77,0.78,0.01,0.01,74426.16,1776336110000
1776336111.995,111.995,0.21,0.22,0.78,0.79,0.01,0.01,74425.94,1776336111000
1776336112.602,112.602,0.21,0.22,0.78,0.79,0.01,0.01,74425.94,1776336111000
1776336113.128,113.128,0.21,0.22,0.78,0.79,0.01,0.01,74425.8,1776336112000
1776336113.725,113.725,0.21,0.22,0.78,0.79,0.01,0.01,74425.8,1776336112000
1776336114.08,114.08,0.21,0.22,0.78,0.79,0.01,0.01,74425.8,1776336112000
1776336114.421,114.421,0.2,0.21,0.79,0.8,0.01,0.01,74425.14,1776336113000
1776336114.78,114.78,0.2,0.21,0.79,0.8,0.01,0.01,74425.14,1776336113000
1776336115.216,115.216,0.19,0.2,0.8,0.81,0.01,0.01,74425.14,1776336113000
1776336115.562,115.562,0.19,0.2,0.8,0.81,0.01,0.01,74425.14,1776336114000
1776336115.915,115.915,0.19,0.2,0.8,0.81,0.01,0.01,74425.14,1776336114000
1776336116.288,116.288,0.19,0.2,0.8,0.81,0.01,0.01,74424.83,1776336115000
1776336116.645,116.645,0.18,0.19,0.8,0.82,0.01,0.02,74424.83,1776336115000
1776336117.113,117.113,0.18,0.19,0.81,0.82,0.01,0.01,74424.09,1776336116000
1776336117.591,117.591,0.18,0.19,0.81,0.82,0.01,0.01,74424.09,1776336116000
1776336117.953,117.953,0.18,0.19,0.81,0.82,0.01,0.01,74424.09,1776336116000
1776336118.497,118.497,0.18,0.19,0.81,0.82,0.01,0.01,74423.62,1776336117000
1776336118.929,118.929,0.18,0.19,0.81,0.82,0.01,0.01,74423.62,1776336117000
1776336119.604,119.604,0.18,0.19,0.81,0.82,0.01,0.01,74423.62,1776336117000
1776336119.966,119.966,0.17,0.18,0.81,0.83,0.01,0.02,74423.62,1776336117000
1776336120.505,120.505,0.17,0.18,0.82,0.83,0.01,0.01,74423.62,1776336117000
1776336120.904,120.904,0.17,0.18,0.82,0.83,0.01,0.01,74422.38,1776336119000
1776336121.264,121.264,0.17,0.18,0.82,0.83,0.01,0.01,74421.57,1776336120000
1776336121.597,121.597,0.14,0.17,0.84,0.86,0.03,0.02,74421.57,1776336120000
1776336121.961,121.961,0.13,0.14,0.86,0.87,0.01,0.01,74421.57,1776336120000
1776336122.32,122.32,0.13,0.14,0.86,0.87,0.01,0.01,74422.39,1776336121000
1776336122.815,122.815,0.13,0.14,0.86,0.87,0.01,0.01,74422.39,1776336121000
1776336123.188,123.188,0.12,0.13,0.87,0.88,0.01,0.01,74419.06,1776336122000
1776336123.549,123.549,0.12,0.13,0.87,0.88,0.01,0.01,74419.06,1776336122000
1776336123.892,123.892,0.12,0.13,0.87,0.88,0.01,0.01,74419.06,1776336122000
1776336124.241,124.241,0.12,0.13,0.87,0.88,0.01,0.01,74415.16,1776336123000
1776336124.753,124.753,0.12,0.13,0.87,0.88,0.01,0.01,74415.16,1776336123000
1776336125.242,125.242,0.12,0.13,0.87,0.88,0.01,0.01,74415.16,1776336123000
1776336125.721,125.721,0.12,0.13,0.87,0.88,0.01,0.01,74414.6,1776336124000
1776336126.077,126.077,0.12,0.13,0.87,0.88,0.01,0.01,74414.6,1776336124000
1776336126.517,126.517,0.1,0.11,0.88,0.89,0.01,0.01,74414.22,1776336125000
1776336126.981,126.981,0.1,0.11,0.89,0.9,0.01,0.01,74414.22,1776336125000
1776336127.314,127.314,0.1,0.11,0.89,0.9,0.01,0.01,74414.21,1776336126000
1776336127.674,127.674,0.1,0.11,0.89,0.9,0.01,0.01,74414.21,1776336126000
1776336128.071,128.071,0.1,0.11,0.89,0.9,0.01,0.01,74414.21,1776336126000
1776336128.571,128.571,0.1,0.11,0.89,0.9,0.01,0.01,74412.4,1776336127000
1776336128.965,128.965,0.1,0.11,0.89,0.9,0.01,0.01,74412.4,1776336127000
1776336129.336,129.336,0.1,0.11,0.89,0.9,0.01,0.01,74410.46,1776336128000
1776336129.848,129.848,0.1,0.11,0.89,0.9,0.01,0.01,74410.46,1776336128000
1776336130.222,130.222,0.1,0.11,0.89,0.9,0.01,0.01,74408.72,1776336129000
1776336130.736,130.736,0.1,0.11,0.89,0.9,0.01,0.01,74408.72,1776336129000
1776336131.194,131.194,0.1,0.11,0.89,0.9,0.01,0.01,74408.63,1776336130000
1776336131.717,131.717,0.09,0.11,0.89,0.9,0.02,0.01,74408.63,1776336130000
1776336132.155,132.155,0.09,0.1,0.9,0.91,0.01,0.01,74408.79,1776336131000
1776336132.488,132.488,0.09,0.1,0.9,0.91,0.01,0.01,74408.79,1776336131000
1776336132.869,132.869,0.09,0.1,0.9,0.91,0.01,0.01,74408.79,1776336131000
1776336133.286,133.286,0.09,0.1,0.9,0.91,0.01,0.01,74408.79,1776336131000
1776336133.627,133.627,0.09,0.1,0.9,0.91,0.01,0.01,74408.79,1776336131000
1776336134.019,134.019,0.09,0.1,0.9,0.91,0.01,0.01,74408.79,1776336131000
1776336134.382,134.382,0.09,0.1,0.9,0.91,0.01,0.01,74407.15,1776336132000
1776336134.749,134.749,0.09,0.1,0.9,0.91,0.01,0.01,74406.69,1776336133000
1776336135.127,135.127,0.09,0.1,0.9,0.91,0.01,0.01,74406.69,1776336133000
1776336135.544,135.544,0.09,0.1,0.9,0.91,0.01,0.01,74406.47,1776336134000
1776336135.899,135.899,0.09,0.1,0.9,0.91,0.01,0.01,74406.47,1776336134000
1776336136.26,136.26,0.09,0.1,0.9,0.91,0.01,0.01,74406.47,1776336134000
1776336136.703,136.703,0.09,0.1,0.9,0.91,0.01,0.01,74406.53,1776336135000
1776336137.199,137.199,0.09,0.1,0.9,0.91,0.01,0.01,74406.53,1776336135000
1776336137.55,137.55,0.09,0.1,0.9,0.91,0.01,0.01,74406.94,1776336136000
1776336138.135,138.135,0.09,0.1,0.9,0.91,0.01,0.01,74406.94,1776336137000
1776336138.735,138.735,0.09,0.1,0.9,0.91,0.01,0.01,74406.94,1776336137000
1776336139.284,139.284,0.09,0.1,0.9,0.91,0.01,0.01,74406.94,1776336137000
1776336139.65,139.65,0.09,0.1,0.89,0.91,0.01,0.02,74406.91,1776336138000
1776336140.034,140.034,0.09,0.1,0.9,0.91,0.01,0.01,74407.95,1776336139000
1776336140.405,140.405,0.09,0.1,0.9,0.91,0.01,0.01,74407.95,1776336139000
1776336140.764,140.764,0.1,0.11,0.89,0.9,0.01,0.01,74407.95,1776336139000
1776336141.194,141.194,0.1,0.11,0.89,0.9,0.01,0.01,74407.95,1776336139000
1776336141.565,141.565,0.1,0.11,0.89,0.9,0.01,0.01,74406.84,1776336140000
1776336141.987,141.987,0.1,0.11,0.89,0.9,0.01,0.01,74406.84,1776336140000
1776336142.334,142.334,0.1,0.11,0.89,0.9,0.01,0.01,74406.83,1776336141000
1776336142.749,142.749,0.08,0.09,0.89,0.92,0.01,0.03,74406.83,1776336141000
1776336143.337,143.337,0.08,0.09,0.91,0.92,0.01,0.01,74406.83,1776336141000
1776336143.795,143.795,0.08,0.09,0.91,0.92,0.01,0.01,74407.67,1776336142000
1776336144.379,144.379,0.08,0.09,0.91,0.92,0.01,0.01,74407.67,1776336142000
1776336144.752,144.752,0.08,0.09,0.91,0.92,0.01,0.01,74402.71,1776336143000
1776336145.1,145.1,0.08,0.09,0.91,0.92,0.01,0.01,74402.71,1776336143000
1776336145.451,145.451,0.08,0.09,0.91,0.92,0.01,0.01,74402.33,1776336144000
1776336145.922,145.922,0.08,0.09,0.91,0.92,0.01,0.01,74402.33,1776336144000
1776336146.266,146.266,0.08,0.09,0.91,0.92,0.01,0.01,74402.01,1776336145000
1776336146.893,146.893,0.08,0.09,0.91,0.92,0.01,0.01,74402.01,1776336145000
1776336147.233,147.233,0.08,0.09,0.91,0.92,0.01,0.01,74402.01,1776336145000
1776336147.691,147.691,0.08,0.09,0.91,0.92,0.01,0.01,74402.25,1776336146000
1776336148.046,148.046,0.08,0.09,0.91,0.92,0.01,0.01,74402.25,1776336146000
1776336148.571,148.571,0.08,0.09,0.91,0.92,0.01,0.01,74402.14,1776336147000
1776336148.931,148.931,0.1,0.11,0.89,0.9,0.01,0.01,74402.14,1776336147000
1776336149.269,149.269,0.1,0.11,0.89,0.9,0.01,0.01,74402.14,1776336147000
1776336149.637,149.637,0.1,0.11,0.89,0.9,0.01,0.01,74402.14,1776336147000
1776336149.985,149.985,0.1,0.11,0.89,0.9,0.01,0.01,74404.73,1776336148000
1776336150.346,150.346,0.1,0.11,0.89,0.9,0.01,0.01,74404.74,1776336149000
1776336150.69,150.69,0.09,0.1,0.9,0.91,0.01,0.01,74404.74,1776336149000
1776336151.272,151.272,0.09,0.1,0.9,0.91,0.01,0.01,74404.74,1776336149000
1776336151.693,151.693,0.09,0.1,0.9,0.91,0.01,0.01,74407.24,1776336150000
1776336152.069,152.069,0.09,0.1,0.9,0.91,0.01,0.01,74407.24,1776336150000
1776336152.485,152.485,0.09,0.1,0.9,0.91,0.01,0.01,74407.24,1776336150000
1776336152.821,152.821,0.09,0.1,0.9,0.91,0.01,0.01,74406.3,1776336151000
1776336153.163,153.163,0.09,0.1,0.9,0.91,0.01,0.01,74406.3,1776336151000
1776336153.51,153.51,0.08,0.1,0.9,0.91,0.02,0.01,74406.41,1776336152000
1776336154.47,154.47,0.09,0.1,0.9,0.91,0.01,0.01,74406.26,1776336153000
1776336154.931,154.931,0.08,0.09,0.91,0.92,0.01,0.01,74406.26,1776336153000
1776336155.481,155.481,0.08,0.09,0.91,0.92,0.01,0.01,74406.26,1776336154000
1776336156.273,156.273,0.08,0.09,0.91,0.92,0.01,0.01,74405.82,1776336155000
1776336156.717,156.717,0.08,0.09,0.91,0.92,0.01,0.01,74405.82,1776336155000
1776336157.391,157.391,0.08,0.09,0.91,0.92,0.01,0.01,74405.82,1776336155000
1776336157.966,157.966,0.08,0.09,0.91,0.92,0.01,0.01,74409.14,1776336156000
1776336158.309,158.309,0.08,0.09,0.91,0.92,0.01,0.01,74409.14,1776336157000
1776336158.75,158.75,0.08,0.09,0.91,0.92,0.01,0.01,74409.14,1776336157000
1776336159.115,159.115,0.08,0.09,0.91,0.92,0.01,0.01,74409.14,1776336157000
1776336159.457,159.457,0.08,0.09,0.91,0.92,0.01,0.01,74409.14,1776336157000
1776336159.877,159.877,0.08,0.09,0.91,0.92,0.01,0.01,74409.34,1776336158000
1776336160.264,160.264,0.08,0.09,0.91,0.92,0.01,0.01,74405.82,1776336159000
1776336160.995,160.995,0.08,0.09,0.91,0.92,0.01,0.01,74405.82,1776336159000
1776336161.33,161.33,0.08,0.09,0.91,0.92,0.01,0.01,74409.3,1776336160000
1776336162.431,162.431,0.08,0.09,0.91,0.92,0.01,0.01,74409.3,1776336160000
1776336163.201,163.201,0.08,0.09,0.91,0.92,0.01,0.01,74407.9,1776336162000
1776336164.244,164.244,0.08,0.09,0.91,0.92,0.01,0.01,74408.43,1776336163000
1776336164.597,164.597,0.08,0.09,0.91,0.92,0.01,0.01,74408.43,1776336163000
1776336164.955,164.955,0.08,0.09,0.91,0.92,0.01,0.01,74408.43,1776336163000
1776336165.291,165.291,0.08,0.09,0.91,0.92,0.01,0.01,74408.43,1776336163000
1776336165.982,165.982,0.08,0.09,0.91,0.92,0.01,0.01,74406.51,1776336164000
1776336166.36,166.36,0.08,0.09,0.91,0.92,0.01,0.01,74406.65,1776336165000
1776336166.732,166.732,0.08,0.09,0.91,0.92,0.01,0.01,74406.65,1776336165000
1776336167.213,167.213,0.08,0.12,0.88,0.92,0.04,0.04,74406.5,1776336166000
1776336168.035,168.035,0.09,0.1,0.9,0.91,0.01,0.01,74407.6,1776336167000
1776336168.396,168.396,0.09,0.1,0.9,0.91,0.01,0.01,74407.6,1776336167000
1776336168.988,168.988,0.09,0.1,0.9,0.91,0.01,0.01,74407.6,1776336167000
1776336169.678,169.678,0.09,0.1,0.9,0.91,0.01,0.01,74407.86,1776336168000
1776336170.05,170.05,0.09,0.1,0.9,0.91,0.01,0.01,74407.86,1776336168000
1776336170.705,170.705,0.09,0.1,0.9,0.91,0.01,0.01,74410.97,1776336169000
1776336171.097,171.097,0.09,0.1,0.9,0.91,0.01,0.01,74408.13,1776336170000
1776336171.611,171.611,0.09,0.1,0.9,0.91,0.01,0.01,74408.13,1776336170000
1776336172.071,172.071,0.09,0.1,0.9,0.91,0.01,0.01,74408.13,1776336170000
1776336172.41,172.41,0.09,0.1,0.9,0.91,0.01,0.01,74408.5,1776336171000
1776336172.756,172.756,0.09,0.1,0.9,0.91,0.01,0.01,74408.5,1776336171000
1776336173.242,173.242,0.09,0.1,0.9,0.91,0.01,0.01,74408.56,1776336172000
1776336173.752,173.752,0.09,0.1,0.9,0.91,0.01,0.01,74408.56,1776336172000
1776336174.125,174.125,0.09,0.1,0.9,0.91,0.01,0.01,74408.56,1776336172000
1776336174.651,174.651,0.09,0.1,0.9,0.91,0.01,0.01,74408.51,1776336173000
1776336175.022,175.022,0.09,0.1,0.9,0.91,0.01,0.01,74408.51,1776336173000
1776336175.453,175.453,0.09,0.1,0.9,0.91,0.01,0.01,74408.59,1776336174000
1776336176.019,176.019,0.09,0.1,0.9,0.91,0.01,0.01,74408.59,1776336174000
1776336176.791,176.791,0.09,0.1,0.9,0.91,0.01,0.01,74408.54,1776336175000
1776336177.299,177.299,0.09,0.1,0.9,0.91,0.01,0.01,74408.5,1776336176000
1776336177.72,177.72,0.09,0.1,0.9,0.91,0.01,0.01,74408.5,1776336176000
1776336178.1,178.1,0.09,0.1,0.9,0.91,0.01,0.01,74408.5,1776336176000
1776336178.775,178.775,0.09,0.1,0.9,0.91,0.01,0.01,74408.43,1776336177000
1776336179.249,179.249,0.09,0.1,0.9,0.91,0.01,0.01,74408.29,1776336178000
1776336179.965,179.965,0.09,0.1,0.9,0.91,0.01,0.01,74408.29,1776336178000
1776336180.315,180.315,0.07,0.08,0.91,0.93,0.01,0.02,74407.97,1776336179000
1776336180.92,180.92,0.07,0.09,0.91,0.93,0.02,0.02,74407.97,1776336179000
1776336181.281,181.281,0.07,0.09,0.91,0.93,0.02,0.02,74406.79,1776336180000
1776336181.9,181.9,0.07,0.09,0.91,0.93,0.02,0.02,74406.79,1776336180000
1776336182.262,182.262,0.08,0.09,0.91,0.92,0.01,0.01,74406.79,1776336180000
1776336182.643,182.643,0.07,0.08,0.91,0.92,0.01,0.01,74406.97,1776336181000
1776336183.03,183.03,0.07,0.08,0.92,0.93,0.01,0.01,74406.97,1776336182000
1776336183.446,183.446,0.06,0.07,0.92,0.94,0.01,0.02,74406.97,1776336182000
1776336183.8,183.8,0.06,0.07,0.93,0.94,0.01,0.01,74406.97,1776336182000
1776336184.637,184.637,0.06,0.07,0.93,0.94,0.01,0.01,74409.97,1776336183000
1776336185.063,185.063,0.06,0.07,0.93,0.94,0.01,0.01,74409.97,1776336183000
1776336185.463,185.463,0.06,0.07,0.93,0.94,0.01,0.01,74407.74,1776336184000
1776336186.299,186.299,0.06,0.07,0.93,0.94,0.01,0.01,74407.68,1776336185000
1776336186.932,186.932,0.06,0.07,0.93,0.94,0.01,0.01,74407.68,1776336185000
1776336187.505,187.505,0.06,0.07,0.93,0.94,0.01,0.01,74407.68,1776336185000
1776336188.174,188.174,0.06,0.07,0.93,0.94,0.01,0.01,74407.9,1776336187000
1776336188.595,188.595,0.06,0.07,0.93,0.94,0.01,0.01,74407.9,1776336187000
1776336188.999,188.999,0.06,0.07,0.93,0.94,0.01,0.01,74407.9,1776336187000
1776336190.501,190.501,0.06,0.07,0.93,0.94,0.01,0.01,74407.67,1776336189000
1776336191.208,191.208,0.06,0.07,0.93,0.94,0.01,0.01,74407.67,1776336190000
1776336191.552,191.552,0.06,0.07,0.93,0.94,0.01,0.01,74407.67,1776336190000
1776336191.994,191.994,0.06,0.07,0.93,0.94,0.01,0.01,74407.67,1776336190000
1776336192.549,192.549,0.06,0.07,0.93,0.94,0.01,0.01,74407.68,1776336191000
1776336193.041,193.041,0.06,0.07,0.93,0.94,0.01,0.01,74407.68,1776336191000
1776336193.456,193.456,0.06,0.07,0.93,0.94,0.01,0.01,74407.36,1776336192000
1776336194.004,194.004,0.06,0.07,0.93,0.94,0.01,0.01,74407.72,1776336193000
1776336194.39,194.39,0.06,0.07,0.93,0.94,0.01,0.01,74407.72,1776336193000
1776336195.455,195.455,0.06,0.07,0.93,0.94,0.01,0.01,74408.14,1776336194000
1776336196.527,196.527,0.06,0.07,0.93,0.94,0.01,0.01,74408.5,1776336195000
1776336197.054,197.054,0.06,0.07,0.93,0.94,0.01,0.01,74408.5,1776336195000
1776336197.624,197.624,0.06,0.07,0.93,0.94,0.01,0.01,74408.58,1776336196000
1776336198.02,198.02,0.09,0.1,0.9,0.91,0.01,0.01,74408.58,1776336196000
1776336198.368,198.368,0.09,0.1,0.9,0.91,0.01,0.01,74408.58,1776336196000
1776336198.702,198.702,0.09,0.1,0.9,0.91,0.01,0.01,74408.55,1776336197000
1776336199.215,199.215,0.09,0.1,0.9,0.91,0.01,0.01,74408.55,1776336198000
1776336199.582,199.582,0.09,0.1,0.9,0.91,0.01,0.01,74408.55,1776336198000
1776336199.974,199.974,0.09,0.1,0.9,0.91,0.01,0.01,74408.55,1776336198000
1776336200.319,200.319,0.09,0.1,0.9,0.91,0.01,0.01,74418.24,1776336199000
1776336200.819,200.819,0.09,0.1,0.9,0.91,0.01,0.01,74418.24,1776336199000
1776336201.181,201.181,0.09,0.1,0.9,0.91,0.01,0.01,74416.64,1776336200000
1776336201.518,201.518,0.09,0.1,0.9,0.91,0.01,0.01,74416.64,1776336200000
1776336201.915,201.915,0.09,0.1,0.9,0.91,0.01,0.01,74416.64,1776336200000
1776336202.353,202.353,0.09,0.1,0.9,0.91,0.01,0.01,74416.27,1776336201000
1776336202.839,202.839,0.09,0.1,0.9,0.91,0.01,0.01,74416.27,1776336201000
1776336204.073,204.073,0.09,0.1,0.9,0.91,0.01,0.01,74416.28,1776336203000
1776336204.465,204.465,0.09,0.1,0.9,0.91,0.01,0.01,74416.28,1776336203000
1776336205.15,205.15,0.09,0.1,0.9,0.91,0.01,0.01,74418.78,1776336204000
1776336205.492,205.492,0.09,0.1,0.9,0.91,0.01,0.01,74418.78,1776336204000
1776336205.848,205.848,0.09,0.1,0.9,0.91,0.01,0.01,74418.78,1776336204000
1776336206.322,206.322,0.09,0.1,0.9,0.91,0.01,0.01,74417.03,1776336205000
1776336206.798,206.798,0.09,0.1,0.9,0.91,0.01,0.01,74417.03,1776336205000
1776336207.154,207.154,0.09,0.1,0.9,0.91,0.01,0.01,74417.74,1776336206000
1776336207.64,207.64,0.09,0.1,0.9,0.91,0.01,0.01,74417.74,1776336206000
1776336208.079,208.079,0.09,0.1,0.9,0.91,0.01,0.01,74417.68,1776336207000
1776336208.48,208.48,0.08,0.1,0.9,0.91,0.02,0.01,74417.68,1776336207000
1776336208.824,208.824,0.08,0.09,0.91,0.92,0.01,0.01,74417.68,1776336207000
1776336209.219,209.219,0.08,0.09,0.91,0.92,0.01,0.01,74417.68,1776336207000
1776336209.946,209.946,0.08,0.09,0.91,0.92,0.01,0.01,74415.93,1776336209000
1776336210.545,210.545,0.08,0.09,0.91,0.92,0.01,0.01,74415.93,1776336209000
1776336210.882,210.882,0.08,0.09,0.91,0.92,0.01,0.01,74415.93,1776336209000
1776336211.218,211.218,0.08,0.09,0.91,0.92,0.01,0.01,74415.93,1776336209000
1776336211.616,211.616,0.08,0.09,0.91,0.92,0.01,0.01,74415.93,1776336209000
1776336211.969,211.969,0.07,0.08,0.91,0.93,0.01,0.02,74419.76,1776336210000
1776336212.415,212.415,0.07,0.08,0.92,0.93,0.01,0.01,74419.72,1776336211000
1776336212.826,212.826,0.07,0.08,0.92,0.93,0.01,0.01,74419.72,1776336211000
1776336213.211,213.211,0.07,0.08,0.92,0.93,0.01,0.01,74424.5,1776336212000
1776336213.666,213.666,0.07,0.08,0.92,0.93,0.01,0.01,74424.5,1776336212000
1776336214.119,214.119,0.07,0.08,0.92,0.93,0.01,0.01,74424.5,1776336212000
1776336214.483,214.483,0.07,0.08,0.92,0.93,0.01,0.01,74416.96,1776336213000
1776336215.16,215.16,0.07,0.08,0.92,0.93,0.01,0.01,74416.96,1776336213000
1776336215.621,215.621,0.07,0.08,0.92,0.93,0.01,0.01,74417.27,1776336214000
1776336216.056,216.056,0.07,0.08,0.92,0.93,0.01,0.01,74417.27,1776336214000
1776336216.422,216.422,0.07,0.08,0.92,0.93,0.01,0.01,74416.8,1776336215000
1776336216.953,216.953,0.07,0.08,0.92,0.93,0.01,0.01,74416.29,1776336216000
1776336217.455,217.455,0.07,0.08,0.92,0.93,0.01,0.01,74416.29,1776336216000
1776336217.793,217.793,0.06,0.07,0.93,0.94,0.01,0.01,74416.29,1776336216000
1776336218.592,218.592,0.06,0.07,0.93,0.94,0.01,0.01,74416.46,1776336217000
1776336218.993,218.993,0.06,0.07,0.93,0.94,0.01,0.01,74416.31,1776336218000
1776336219.357,219.357,0.06,0.07,0.93,0.94,0.01,0.01,74416.31,1776336218000
1776336219.759,219.759,0.06,0.07,0.93,0.94,0.01,0.01,74416.31,1776336218000
1776336220.474,220.474,0.06,0.07,0.93,0.94,0.01,0.01,74416.3,1776336219000
1776336221.227,221.227,0.06,0.07,0.93,0.94,0.01,0.01,74418.77,1776336220000
1776336221.561,221.561,0.06,0.07,0.93,0.94,0.01,0.01,74418.77,1776336220000
1776336222.268,222.268,0.08,0.09,0.92,0.93,0.01,0.01,74418.77,1776336220000
1776336222.623,222.623,0.08,0.09,0.91,0.92,0.01,0.01,74417.37,1776336221000
1776336223.014,223.014,0.08,0.09,0.91,0.92,0.01,0.01,74417.37,1776336221000
1776336223.448,223.448,0.08,0.09,0.91,0.92,0.01,0.01,74418.98,1776336222000
1776336224.298,224.298,0.08,0.09,0.91,0.92,0.01,0.01,74418.98,1776336222000
1776336224.859,224.859,0.08,0.09,0.91,0.92,0.01,0.01,74420.18,1776336223000
1776336225.637,225.637,0.08,0.09,0.91,0.92,0.01,0.01,74420.48,1776336224000
1776336226.101,226.101,0.08,0.09,0.91,0.92,0.01,0.01,74420.48,1776336224000
1776336226.473,226.473,0.08,0.09,0.91,0.92,0.01,0.01,74420.72,1776336225000
1776336227.305,227.305,0.07,0.09,0.91,0.92,0.02,0.01,74420.72,1776336225000
1776336227.972,227.972,0.07,0.08,0.91,0.93,0.01,0.02,74429.7,1776336226000
1776336228.746,228.746,0.07,0.08,0.92,0.93,0.01,0.01,74420.75,1776336227000
1776336229.356,229.356,0.07,0.08,0.92,0.93,0.01,0.01,74420.75,1776336228000
1776336230.396,230.396,0.07,0.08,0.92,0.93,0.01,0.01,74420.75,1776336228000
1776336230.768,230.768,0.07,0.08,0.92,0.93,0.01,0.01,74420.75,1776336229000
1776336231.178,231.178,0.07,0.08,0.92,0.93,0.01,0.01,74420.66,1776336230000
1776336231.66,231.66,0.07,0.08,0.92,0.93,0.01,0.01,74420.66,1776336230000
1776336232.286,232.286,0.07,0.08,0.92,0.93,0.01,0.01,74420.66,1776336230000
1776336233.024,233.024,0.07,0.08,0.92,0.93,0.01,0.01,74420.65,1776336231000
1776336233.423,233.423,0.07,0.08,0.92,0.93,0.01,0.01,74420.79,1776336232000
1776336233.818,233.818,0.07,0.08,0.92,0.93,0.01,0.01,74420.79,1776336232000
1776336234.202,234.202,0.07,0.08,0.92,0.93,0.01,0.01,74420.92,1776336233000
1776336234.972,234.972,0.07,0.08,0.92,0.93,0.01,0.01,74420.97,1776336234000
1776336235.317,235.317,0.07,0.08,0.92,0.93,0.01,0.01,74420.97,1776336234000
1776336235.946,235.946,0.07,0.08,0.92,0.93,0.01,0.01,74420.97,1776336234000
1776336236.386,236.386,0.06,0.08,0.92,0.93,0.02,0.01,74420.82,1776336235000
1776336237.035,237.035,0.06,0.07,0.92,0.94,0.01,0.02,74420.82,1776336235000
1776336237.866,237.866,0.06,0.07,0.93,0.94,0.01,0.01,74420.97,1776336236000
1776336238.446,238.446,0.05,0.06,0.94,0.95,0.01,0.01,74420.97,1776336236000
1776336238.78,238.78,0.05,0.06,0.94,0.95,0.01,0.01,74420.95,1776336237000
1776336239.2,239.2,0.05,0.06,0.94,0.95,0.01,0.01,74420.95,1776336238000
1776336239.603,239.603,0.05,0.06,0.94,0.95,0.01,0.01,74420.95,1776336238000
1776336239.96,239.96,0.04,0.05,0.95,0.96,0.01,0.01,74420.95,1776336238000
1776336240.522,240.522,0.04,0.05,0.95,0.96,0.01,0.01,74420.95,1776336238000
1776336240.907,240.907,0.04,0.05,0.95,0.96,0.01,0.01,74419.41,1776336239000
1776336241.243,241.243,0.03,0.05,0.95,0.97,0.02,0.02,74418.54,1776336240000
1776336241.582,241.582,0.03,0.04,0.96,0.97,0.01,0.01,74418.54,1776336240000
1776336241.92,241.92,0.03,0.04,0.96,0.97,0.01,0.01,74418.54,1776336240000
1776336242.256,242.256,0.03,0.04,0.96,0.97,0.01,0.01,74418.54,1776336240000
1776336242.594,242.594,0.02,0.03,0.97,0.98,0.01,0.01,74417.82,1776336241000
1776336242.969,242.969,0.02,0.03,0.97,0.98,0.01,0.01,74417.82,1776336241000
1776336243.334,243.334,0.02,0.03,0.97,0.98,0.01,0.01,74417.82,1776336241000
1776336243.667,243.667,0.02,0.03,0.97,0.98,0.01,0.01,74402.77,1776336242000
1776336244.124,244.124,0.02,0.03,0.97,0.98,0.01,0.01,74398.43,1776336243000
1776336244.457,244.457,0.02,0.03,0.97,0.98,0.01,0.01,74398.43,1776336243000
1776336244.896,244.896,0.02,0.03,0.97,0.98,0.01,0.01,74398.43,1776336243000
1776336245.242,245.242,0.02,0.03,0.97,0.98,0.01,0.01,74397.58,1776336244000
1776336245.624,245.624,0.02,0.03,0.97,0.98,0.01,0.01,74397.58,1776336244000
1776336245.969,245.969,0.02,0.03,0.97,0.98,0.01,0.01,74397.58,1776336244000
1776336246.354,246.354,0.02,0.03,0.97,0.98,0.01,0.01,74397.22,1776336245000
1776336246.892,246.892,0.02,0.03,0.97,0.98,0.01,0.01,74397.22,1776336245000
1776336247.308,247.308,0.02,0.03,0.97,0.98,0.01,0.01,74397.17,1776336246000
1776336247.692,247.692,0.01,0.03,0.97,0.98,0.02,0.01,74397.17,1776336246000
1776336248.072,248.072,0.01,0.02,0.98,0.99,0.01,0.01,74397.17,1776336246000
1776336248.465,248.465,0.01,0.02,0.98,0.99,0.01,0.01,74397.17,1776336247000
1776336248.889,248.889,0.01,0.02,0.98,0.99,0.01,0.01,74397.17,1776336247000
1776336249.251,249.251,0.01,0.02,0.98,0.99,0.01,0.01,74397.17,1776336247000
1776336249.589,249.589,0.01,0.02,0.98,0.99,0.01,0.01,74397.17,1776336248000
1776336250.005,250.005,0.01,0.02,0.98,0.99,0.01,0.01,74397.17,1776336248000
1776336250.57,250.57,0.01,0.02,0.98,0.99,0.01,0.01,74397.19,1776336249000
1776336250.967,250.967,0.01,0.02,0.98,0.99,0.01,0.01,74399.79,1776336250000
1776336251.409,251.409,0.01,0.02,0.98,0.99,0.01,0.01,74399.79,1776336250000
1776336251.833,251.833,0.01,0.02,0.98,0.99,0.01,0.01,74399.79,1776336250000
1776336252.767,252.767,0.01,0.02,0.98,0.99,0.01,0.01,74402.44,1776336251000
1776336253.328,253.328,0.01,0.02,0.98,0.99,0.01,0.01,74403.49,1776336252000
1776336253.913,253.913,0.01,0.01,0.98,0.99,0.0,0.01,74403.49,1776336252000
1776336254.257,254.257,0.01,0.01,0.99,0.99,0.0,0.0,74403.49,1776336252000
1776336254.669,254.669,0.01,0.01,0.99,0.99,0.0,0.0,74403.53,1776336253000
1776336255.165,255.165,0.01,0.01,0.99,0.99,0.0,0.0,74403.58,1776336254000
1776336255.626,255.626,0.01,0.01,0.99,0.99,0.0,0.0,74403.58,1776336254000
1776336256.063,256.063,0.01,0.01,0.99,0.99,0.0,0.0,74405.48,1776336255000
1776336256.899,256.899,0.01,0.01,0.99,0.99,0.0,0.0,74405.48,1776336255000
1776336257.34,257.34,0.01,0.01,0.99,0.99,0.0,0.0,74404.21,1776336256000
1776336257.919,257.919,0.01,0.01,0.99,0.99,0.0,0.0,74404.21,1776336256000
1776336258.567,258.567,0.01,0.01,0.99,0.99,0.0,0.0,74404.22,1776336257000
1776336258.913,258.913,0.01,0.01,0.99,0.99,0.0,0.0,74404.22,1776336257000
1776336259.398,259.398,0.01,0.01,0.99,0.99,0.0,0.0,74407.81,1776336258000
1776336260.47,260.47,0.01,0.01,0.99,0.99,0.0,0.0,74407.81,1776336258000
1776336260.998,260.998,0.01,0.01,0.99,0.99,0.0,0.0,74407.74,1776336260000
1776336261.341,261.341,0.01,0.01,0.99,0.99,0.0,0.0,74407.74,1776336260000
1776336261.709,261.709,0.01,0.01,0.99,0.99,0.0,0.0,74407.74,1776336260000
1776336262.053,262.053,0.01,0.01,0.99,0.99,0.0,0.0,74409.77,1776336261000
1776336262.842,262.842,0.01,0.01,0.99,0.99,0.0,0.0,74409.77,1776336261000
1776336263.212,263.212,0.01,0.01,0.99,0.99,0.0,0.0,74407.88,1776336262000
1776336264.095,264.095,0.01,0.01,0.99,0.99,0.0,0.0,74407.88,1776336262000
1776336264.649,264.649,0.01,0.01,0.99,0.99,0.0,0.0,74407.89,1776336263000
1776336265.363,265.363,0.01,0.01,0.99,0.99,0.0,0.0,74407.89,1776336264000
1776336266.051,266.051,0.01,0.01,0.99,0.99,0.0,0.0,74406.82,1776336265000
1776336266.415,266.415,0.01,0.01,0.99,0.99,0.0,0.0,74406.82,1776336265000
1776336267.0,267.0,0.01,0.01,0.99,0.99,0.0,0.0,74406.82,1776336265000
1776336267.96,267.96,0.01,0.01,0.99,0.99,0.0,0.0,74402.84,1776336266000
1776336268.508,268.508,0.01,0.01,0.99,0.99,0.0,0.0,74402.84,1776336266000
1776336268.987,268.987,0.01,0.01,0.99,0.99,0.0,0.0,74399.26,1776336267000
1776336269.351,269.351,0.01,0.01,0.99,0.99,0.0,0.0,74399.26,1776336268000
1776336269.749,269.749,0.01,0.01,0.99,0.99,0.0,0.0,74399.26,1776336268000
1776336270.319,270.319,0.01,0.01,0.99,0.99,0.0,0.0,74399.26,1776336268000
1776336270.716,270.716,0.01,0.01,0.99,0.99,0.0,0.0,74399.26,1776336268000
1776336271.184,271.184,0.01,0.01,0.99,0.99,0.0,0.0,74399.26,1776336268000
1776336272.043,272.043,0.01,0.01,0.99,0.99,0.0,0.0,74399.26,1776336268000
1776336272.425,272.425,0.01,0.01,0.99,0.99,0.0,0.0,74399.39,1776336271000
1776336272.807,272.807,0.01,0.01,0.99,0.99,0.0,0.0,74398.45,1776336272000
1776336273.951,273.951,0.01,0.01,0.99,0.99,0.0,0.0,74398.12,1776336273000
1776336274.992,274.992,0.01,0.01,0.99,0.99,0.0,0.0,74392.65,1776336274000
1776336276.121,276.121,0.01,0.01,0.99,0.99,0.0,0.0,74387.02,1776336275000
1776336277.044,277.044,0.01,0.01,0.99,0.99,0.0,0.0,74386.78,1776336276000
1776336278.087,278.087,0.01,0.01,0.99,0.99,0.0,0.0,74387.05,1776336277000
1776336279.061,279.061,0.01,0.01,0.99,0.99,0.0,0.0,74387.02,1776336278000
1776336279.883,279.883,0.01,0.01,0.99,0.99,0.0,0.0,74387.02,1776336278000
1776336281.086,281.086,0.01,0.01,0.99,0.99,0.0,0.0,74387.17,1776336280000
1776336282.104,282.104,0.01,0.01,0.99,0.99,0.0,0.0,74387.3,1776336281000
1776336282.469,282.469,0.01,0.01,0.99,0.99,0.0,0.0,74387.3,1776336281000
1776336283.123,283.123,0.01,0.01,0.99,0.99,0.0,0.0,74387.9,1776336282000
1776336284.243,284.243,0.01,0.01,0.99,0.99,0.0,0.0,74387.87,1776336283000
1776336285.728,285.728,0.01,0.01,0.99,0.99,0.0,0.0,74387.86,1776336284000
1776336286.326,286.326,0.01,0.01,0.99,0.99,0.0,0.0,74389.0,1776336285000
1776336287.465,287.465,0.01,0.01,0.99,0.99,0.0,0.0,74389.0,1776336285000
1776336288.032,288.032,0.01,0.01,0.99,0.99,0.0,0.0,74389.52,1776336287000
1776336288.754,288.754,0.01,0.01,0.99,0.99,0.0,0.0,74389.52,1776336287000
1776336289.104,289.104,0.01,0.01,0.99,0.99,0.0,0.0,74391.42,1776336288000
1776336290.426,290.426,0.01,0.01,0.99,0.99,0.0,0.0,74391.54,1776336289000
1776336291.376,291.376,0.01,0.01,0.99,0.99,0.0,0.0,74391.54,1776336290000
1776336291.939,291.939,0.01,0.01,0.99,0.99,0.0,0.0,74391.54,1776336290000
1776336293.026,293.026,0.01,0.01,0.99,0.99,0.0,0.0,74393.33,1776336292000
1776336293.955,293.955,0.01,0.01,0.99,0.99,0.0,0.0,74393.33,1776336292000
1776336294.585,294.585,0.01,0.01,0.99,0.99,0.0,0.0,74393.33,1776336293000
1776336295.032,295.032,0.01,0.01,0.99,0.99,0.0,0.0,74393.33,1776336293000
1776336295.4,295.4,0.01,0.01,0.99,0.99,0.0,0.0,74393.38,1776336294000
1776336295.921,295.921,0.01,0.01,0.99,0.99,0.0,0.0,74393.47,1776336295000
1776336296.625,296.625,0.01,0.01,0.99,0.99,0.0,0.0,74393.47,1776336295000
1776336297.085,297.085,0.01,0.01,0.99,0.99,0.0,0.0,74397.28,1776336296000
1776336298.222,298.222,0.01,0.01,0.99,0.99,0.0,0.0,74398.88,1776336297000
1776336299.3,299.3,0.01,0.01,0.99,0.99,0.0,0.0,74398.89,1776336298000
1776336300.069,300.069,0.01,0.01,0.99,0.99,0.0,0.0,74398.89,1776336298000
1776336300.966,300.966,0.01,0.01,0.99,0.99,0.0,0.0,74398.73,1776336300000
1776336302.015,302.015,0.01,0.01,0.99,0.99,0.0,0.0,74398.73,1776336301000

# RESULT,winner=Down,slug=btc-updown-5m-1776336000,ticks=624
