timestamp,elapsed_sec,up_bid,up_ask,down_bid,down_ask,up_spread,down_spread,btc_price,btc_oracle_ts
1776745800.537,0.537,0.68,0.69,0.49,0.5,0.01,0.01,75655.27,1776745799000
1776745800.948,0.948,0.68,0.69,0.31,0.32,0.01,0.01,75655.27,1776745799000
1776745801.312,1.312,0.68,0.69,0.31,0.32,0.01,0.01,75655.27,1776745799000
1776745801.672,1.672,0.67,0.68,0.31,0.33,0.01,0.02,75655.27,1776745800000
1776745802.041,2.041,0.67,0.68,0.32,0.33,0.01,0.01,75655.27,1776745800000
1776745802.478,2.478,0.66,0.67,0.32,0.34,0.01,0.02,75655.44,1776745801000
1776745802.829,2.829,0.66,0.67,0.33,0.34,0.01,0.01,75655.44,1776745801000
1776745803.206,3.206,0.66,0.67,0.33,0.34,0.01,0.01,75655.44,1776745801000
1776745803.548,3.548,0.66,0.67,0.33,0.34,0.01,0.01,75655.44,1776745801000
1776745803.914,3.914,0.61,0.62,0.37,0.39,0.01,0.02,75659.55,1776745802000
1776745804.267,4.267,0.61,0.62,0.38,0.39,0.01,0.01,75659.55,1776745802000
1776745804.64,4.64,0.61,0.62,0.38,0.39,0.01,0.01,75660.74,1776745803000
1776745804.975,4.975,0.65,0.69,0.33,0.35,0.04,0.02,75660.74,1776745803000
1776745805.311,5.311,0.72,0.73,0.27,0.28,0.01,0.01,75660.74,1776745803000
1776745805.659,5.659,0.72,0.73,0.27,0.28,0.01,0.01,75660.74,1776745803000
1776745806.009,6.009,0.72,0.73,0.27,0.28,0.01,0.01,75660.72,1776745804000
1776745806.373,6.373,0.74,0.75,0.25,0.28,0.01,0.03,75660.68,1776745805000
1776745806.747,6.747,0.72,0.73,0.25,0.28,0.01,0.03,75660.68,1776745805000
1776745807.095,7.095,0.68,0.69,0.31,0.32,0.01,0.01,75660.68,1776745805000
1776745807.558,7.558,0.68,0.69,0.31,0.32,0.01,0.01,75673.7,1776745806000
1776745807.912,7.912,0.68,0.69,0.31,0.32,0.01,0.01,75673.7,1776745806000
1776745808.246,8.246,0.68,0.69,0.31,0.32,0.01,0.01,75673.7,1776745806000
1776745808.681,8.681,0.68,0.69,0.31,0.32,0.01,0.01,75677.45,1776745807000
1776745809.054,9.054,0.68,0.69,0.31,0.32,0.01,0.01,75677.45,1776745807000
1776745809.461,9.461,0.68,0.69,0.31,0.32,0.01,0.01,75677.45,1776745807000
1776745810.398,10.398,0.68,0.69,0.31,0.32,0.01,0.01,75676.2,1776745808000
1776745811.066,11.066,0.68,0.69,0.31,0.32,0.01,0.01,75676.93,1776745809000
1776745811.409,11.409,0.68,0.7,0.31,0.32,0.02,0.01,75676.93,1776745809000
1776745812.5,12.5,0.68,0.7,0.3,0.32,0.02,0.02,75675.98,1776745811000
1776745813.291,13.291,0.68,0.69,0.31,0.32,0.01,0.01,75675.98,1776745811000
1776745813.785,13.785,0.68,0.69,0.31,0.32,0.01,0.01,75675.99,1776745812000
1776745814.533,14.533,0.68,0.69,0.31,0.32,0.01,0.01,75675.99,1776745812000
1776745814.923,14.923,0.68,0.69,0.31,0.32,0.01,0.01,75676.03,1776745813000
1776745815.3,15.3,0.68,0.69,0.31,0.32,0.01,0.01,75676.03,1776745813000
1776745815.669,15.669,0.68,0.69,0.31,0.32,0.01,0.01,75676.03,1776745813000
1776745816.244,16.244,0.68,0.69,0.31,0.32,0.01,0.01,75676.03,1776745814000
1776745816.634,16.634,0.68,0.69,0.31,0.32,0.01,0.01,75676.03,1776745814000
1776745816.972,16.972,0.68,0.7,0.3,0.32,0.02,0.02,75676.12,1776745815000
1776745817.359,17.359,0.69,0.7,0.3,0.31,0.01,0.01,75676.12,1776745815000
1776745817.866,17.866,0.69,0.7,0.3,0.31,0.01,0.01,75676.12,1776745815000
1776745818.264,18.264,0.69,0.7,0.3,0.31,0.01,0.01,75676.14,1776745816000
1776745818.67,18.67,0.69,0.7,0.3,0.31,0.01,0.01,75676.14,1776745816000
1776745819.062,19.062,0.69,0.7,0.3,0.31,0.01,0.01,75675.98,1776745817000
1776745819.409,19.409,0.69,0.7,0.3,0.31,0.01,0.01,75675.98,1776745817000
1776745820.074,20.074,0.69,0.7,0.3,0.31,0.01,0.01,75674.63,1776745818000
1776745820.473,20.473,0.69,0.7,0.3,0.31,0.01,0.01,75676.13,1776745819000
1776745820.826,20.826,0.69,0.7,0.3,0.31,0.01,0.01,75676.13,1776745819000
1776745821.195,21.195,0.69,0.7,0.3,0.31,0.01,0.01,75676.13,1776745819000
1776745821.533,21.533,0.69,0.7,0.3,0.31,0.01,0.01,75676.62,1776745820000
1776745822.086,22.086,0.69,0.7,0.3,0.31,0.01,0.01,75676.62,1776745820000
1776745822.442,22.442,0.69,0.71,0.3,0.31,0.02,0.01,75676.88,1776745821000
1776745822.968,22.968,0.7,0.71,0.29,0.31,0.01,0.02,75676.88,1776745821000
1776745823.385,23.385,0.7,0.71,0.29,0.3,0.01,0.01,75676.99,1776745822000
1776745823.808,23.808,0.71,0.72,0.28,0.3,0.01,0.02,75676.99,1776745822000
1776745824.146,24.146,0.71,0.72,0.28,0.29,0.01,0.01,75677.17,1776745823000
1776745824.618,24.618,0.71,0.72,0.28,0.29,0.01,0.01,75677.17,1776745823000
1776745824.967,24.967,0.71,0.72,0.28,0.29,0.01,0.01,75677.17,1776745823000
1776745825.754,25.754,0.71,0.72,0.28,0.29,0.01,0.01,75677.16,1776745824000
1776745826.158,26.158,0.71,0.72,0.28,0.29,0.01,0.01,75677.21,1776745825000
1776745826.769,26.769,0.71,0.72,0.28,0.29,0.01,0.01,75677.21,1776745825000
1776745827.119,27.119,0.71,0.72,0.28,0.29,0.01,0.01,75677.17,1776745826000
1776745827.658,27.658,0.71,0.72,0.28,0.29,0.01,0.01,75677.17,1776745826000
1776745828.124,28.124,0.71,0.73,0.27,0.29,0.02,0.02,75677.17,1776745827000
1776745828.558,28.558,0.72,0.73,0.27,0.28,0.01,0.01,75677.17,1776745827000
1776745829.096,29.096,0.72,0.73,0.27,0.28,0.01,0.01,75677.17,1776745827000
1776745830.059,30.059,0.72,0.73,0.27,0.28,0.01,0.01,75677.19,1776745828000
1776745830.728,30.728,0.72,0.73,0.27,0.28,0.01,0.01,75677.22,1776745829000
1776745831.287,31.287,0.72,0.73,0.27,0.28,0.01,0.01,75677.41,1776745830000
1776745831.639,31.639,0.72,0.73,0.27,0.28,0.01,0.01,75677.41,1776745830000
1776745832.348,32.348,0.72,0.73,0.27,0.28,0.01,0.01,75677.41,1776745830000
1776745832.915,32.915,0.72,0.73,0.27,0.28,0.01,0.01,75677.33,1776745832000
1776745833.576,33.576,0.72,0.73,0.27,0.28,0.01,0.01,75677.33,1776745832000
1776745833.955,33.955,0.72,0.73,0.26,0.28,0.01,0.02,75677.33,1776745832000
1776745834.309,34.309,0.72,0.73,0.27,0.28,0.01,0.01,75676.92,1776745833000
1776745834.83,34.83,0.72,0.73,0.27,0.28,0.01,0.01,75676.92,1776745833000
1776745835.22,35.22,0.72,0.73,0.27,0.28,0.01,0.01,75676.8,1776745834000
1776745835.855,35.855,0.72,0.73,0.27,0.28,0.01,0.01,75676.8,1776745834000
1776745836.315,36.315,0.72,0.73,0.27,0.28,0.01,0.01,75676.8,1776745834000
1776745836.787,36.787,0.72,0.73,0.27,0.28,0.01,0.01,75675.71,1776745835000
1776745837.143,37.143,0.72,0.73,0.27,0.28,0.01,0.01,75675.72,1776745836000
1776745837.754,37.754,0.72,0.73,0.27,0.28,0.01,0.01,75675.72,1776745836000
1776745838.265,38.265,0.72,0.73,0.27,0.28,0.01,0.01,75675.73,1776745837000
1776745839.164,39.164,0.72,0.74,0.27,0.28,0.02,0.01,75675.73,1776745837000
1776745839.656,39.656,0.72,0.73,0.26,0.28,0.01,0.02,75675.66,1776745838000
1776745840.341,40.341,0.72,0.73,0.27,0.28,0.01,0.01,75675.66,1776745839000
1776745840.867,40.867,0.72,0.73,0.27,0.28,0.01,0.01,75675.66,1776745839000
1776745841.636,41.636,0.72,0.73,0.27,0.28,0.01,0.01,75675.69,1776745840000
1776745842.175,42.175,0.72,0.73,0.27,0.28,0.01,0.01,75675.78,1776745841000
1776745842.639,42.639,0.72,0.73,0.27,0.28,0.01,0.01,75675.78,1776745841000
1776745843.165,43.165,0.72,0.73,0.27,0.28,0.01,0.01,75675.78,1776745841000
1776745843.573,43.573,0.73,0.74,0.26,0.27,0.01,0.01,75675.78,1776745842000
1776745844.199,44.199,0.73,0.74,0.26,0.27,0.01,0.01,75675.79,1776745843000
1776745844.686,44.686,0.73,0.74,0.26,0.27,0.01,0.01,75675.79,1776745843000
1776745845.239,45.239,0.73,0.74,0.26,0.27,0.01,0.01,75675.79,1776745843000
1776745845.89,45.89,0.73,0.74,0.26,0.27,0.01,0.01,75675.58,1776745844000
1776745846.936,46.936,0.69,0.72,0.28,0.29,0.03,0.01,75675.58,1776745844000
1776745847.529,47.529,0.69,0.7,0.3,0.31,0.01,0.01,75675.76,1776745846000
1776745847.987,47.987,0.69,0.7,0.3,0.31,0.01,0.01,75675.76,1776745846000
1776745848.479,48.479,0.69,0.7,0.3,0.31,0.01,0.01,75675.52,1776745847000
1776745848.875,48.875,0.69,0.7,0.3,0.31,0.01,0.01,75675.52,1776745847000
1776745849.284,49.284,0.69,0.7,0.3,0.31,0.01,0.01,75675.52,1776745847000
1776745850.029,50.029,0.69,0.7,0.3,0.31,0.01,0.01,75675.66,1776745848000
1776745850.378,50.378,0.7,0.71,0.29,0.31,0.01,0.02,75675.66,1776745848000
1776745850.814,50.814,0.7,0.72,0.29,0.3,0.02,0.01,75675.57,1776745849000
1776745851.159,51.159,0.76,0.77,0.23,0.25,0.01,0.02,75675.57,1776745850000
1776745851.553,51.553,0.76,0.77,0.23,0.24,0.01,0.01,75675.57,1776745850000
1776745851.912,51.912,0.75,0.76,0.24,0.25,0.01,0.01,75675.57,1776745850000
1776745852.358,52.358,0.75,0.76,0.24,0.25,0.01,0.01,75675.69,1776745851000
1776745852.772,52.772,0.75,0.76,0.24,0.25,0.01,0.01,75675.69,1776745851000
1776745853.372,53.372,0.75,0.76,0.24,0.25,0.01,0.01,75681.3,1776745852000
1776745853.725,53.725,0.74,0.76,0.24,0.25,0.02,0.01,75681.3,1776745852000
1776745854.142,54.142,0.73,0.74,0.25,0.27,0.01,0.02,75681.3,1776745852000
1776745854.529,54.529,0.72,0.73,0.26,0.27,0.01,0.01,75681.16,1776745853000
1776745854.864,54.864,0.71,0.72,0.27,0.29,0.01,0.02,75681.16,1776745853000
1776745855.295,55.295,0.71,0.72,0.28,0.29,0.01,0.01,75681.13,1776745854000
1776745855.694,55.694,0.71,0.72,0.28,0.29,0.01,0.01,75681.13,1776745854000
1776745856.091,56.091,0.71,0.72,0.28,0.29,0.01,0.01,75681.09,1776745855000
1776745856.605,56.605,0.71,0.72,0.28,0.29,0.01,0.01,75681.09,1776745855000
1776745857.117,57.117,0.71,0.72,0.28,0.29,0.01,0.01,75681.09,1776745855000
1776745858.044,58.044,0.71,0.72,0.28,0.29,0.01,0.01,75680.93,1776745857000
1776745859.125,59.125,0.71,0.72,0.28,0.29,0.01,0.01,75680.98,1776745858000
1776745859.474,59.474,0.71,0.72,0.28,0.29,0.01,0.01,75680.98,1776745858000
1776745859.999,59.999,0.71,0.72,0.28,0.29,0.01,0.01,75680.98,1776745858000
1776745860.457,60.457,0.71,0.72,0.28,0.29,0.01,0.01,75680.96,1776745859000
1776745860.794,60.794,0.71,0.72,0.28,0.29,0.01,0.01,75680.96,1776745859000
1776745861.164,61.164,0.72,0.73,0.27,0.28,0.01,0.01,75680.96,1776745859000
1776745861.505,61.505,0.72,0.73,0.27,0.28,0.01,0.01,75680.96,1776745859000
1776745861.844,61.844,0.72,0.73,0.27,0.29,0.01,0.02,75680.67,1776745860000
1776745862.317,62.317,0.72,0.74,0.26,0.28,0.02,0.02,75680.8,1776745861000
1776745863.046,63.046,0.73,0.74,0.26,0.28,0.01,0.02,75680.8,1776745861000
1776745863.528,63.528,0.73,0.74,0.26,0.27,0.01,0.01,75680.84,1776745862000
1776745864.163,64.163,0.75,0.77,0.25,0.26,0.02,0.01,75680.84,1776745862000
1776745864.568,64.568,0.76,0.77,0.23,0.24,0.01,0.01,75681.31,1776745863000
1776745865.193,65.193,0.76,0.77,0.23,0.24,0.01,0.01,75681.27,1776745864000
1776745865.591,65.591,0.76,0.77,0.23,0.24,0.01,0.01,75681.27,1776745864000
1776745866.169,66.169,0.76,0.78,0.23,0.24,0.02,0.01,75681.27,1776745864000
1776745866.633,66.633,0.77,0.78,0.22,0.23,0.01,0.01,75681.28,1776745865000
1776745867.045,67.045,0.77,0.78,0.22,0.23,0.01,0.01,75681.28,1776745865000
1776745867.511,67.511,0.77,0.78,0.22,0.23,0.01,0.01,75683.84,1776745866000
1776745868.014,68.014,0.77,0.78,0.22,0.23,0.01,0.01,75681.47,1776745867000
1776745868.377,68.377,0.77,0.78,0.22,0.23,0.01,0.01,75681.47,1776745867000
1776745868.79,68.79,0.77,0.78,0.22,0.23,0.01,0.01,75681.47,1776745867000
1776745869.168,69.168,0.77,0.78,0.22,0.23,0.01,0.01,75681.47,1776745867000
1776745869.936,69.936,0.77,0.78,0.22,0.23,0.01,0.01,75681.55,1776745869000
1776745870.421,70.421,0.77,0.78,0.22,0.23,0.01,0.01,75681.55,1776745869000
1776745870.956,70.956,0.77,0.78,0.22,0.23,0.01,0.01,75681.37,1776745870000
1776745871.352,71.352,0.77,0.78,0.22,0.23,0.01,0.01,75681.37,1776745870000
1776745872.044,72.044,0.78,0.79,0.21,0.23,0.01,0.02,75681.37,1776745870000
1776745872.537,72.537,0.78,0.79,0.21,0.22,0.01,0.01,75681.38,1776745871000
1776745872.897,72.897,0.78,0.79,0.21,0.22,0.01,0.01,75681.38,1776745871000
1776745873.272,73.272,0.78,0.79,0.21,0.22,0.01,0.01,75683.63,1776745872000
1776745873.631,73.631,0.78,0.79,0.21,0.22,0.01,0.01,75683.63,1776745872000
1776745874.011,74.011,0.78,0.79,0.21,0.22,0.01,0.01,75683.63,1776745872000
1776745874.542,74.542,0.78,0.79,0.21,0.22,0.01,0.01,75681.41,1776745873000
1776745875.292,75.292,0.78,0.79,0.21,0.22,0.01,0.01,75681.41,1776745874000
1776745876.215,76.215,0.77,0.79,0.21,0.22,0.02,0.01,75681.41,1776745874000
1776745876.587,76.587,0.75,0.76,0.24,0.25,0.01,0.01,75681.41,1776745874000
1776745877.013,77.013,0.75,0.76,0.24,0.25,0.01,0.01,75681.57,1776745875000
1776745877.446,77.446,0.75,0.76,0.24,0.25,0.01,0.01,75681.57,1776745876000
1776745878.203,78.203,0.74,0.76,0.24,0.25,0.02,0.01,75681.57,1776745876000
1776745878.554,78.554,0.74,0.76,0.24,0.25,0.02,0.01,75681.57,1776745876000
1776745879.331,79.331,0.73,0.74,0.24,0.26,0.01,0.02,75681.04,1776745877000
1776745879.839,79.839,0.73,0.74,0.26,0.27,0.01,0.01,75681.04,1776745878000
1776745880.35,80.35,0.73,0.74,0.26,0.27,0.01,0.01,75681.04,1776745878000
1776745880.763,80.763,0.73,0.74,0.26,0.27,0.01,0.01,75680.71,1776745879000
1776745881.299,81.299,0.73,0.74,0.26,0.27,0.01,0.01,75680.91,1776745880000
1776745881.839,81.839,0.73,0.74,0.26,0.27,0.01,0.01,75680.91,1776745880000
1776745882.465,82.465,0.73,0.74,0.26,0.27,0.01,0.01,75680.95,1776745881000
1776745883.173,83.173,0.73,0.74,0.26,0.27,0.01,0.01,75680.96,1776745882000
1776745884.418,84.418,0.73,0.74,0.26,0.27,0.01,0.01,75680.97,1776745883000
1776745885.047,85.047,0.73,0.74,0.26,0.27,0.01,0.01,75680.92,1776745884000
1776745885.696,85.696,0.7,0.74,0.26,0.27,0.04,0.01,75680.92,1776745884000
1776745886.196,86.196,0.73,0.74,0.26,0.3,0.01,0.04,75680.92,1776745884000
1776745886.654,86.654,0.73,0.74,0.26,0.27,0.01,0.01,75680.92,1776745885000
1776745887.045,87.045,0.73,0.74,0.26,0.27,0.01,0.01,75680.92,1776745885000
1776745887.624,87.624,0.74,0.75,0.25,0.26,0.01,0.01,75680.92,1776745886000
1776745888.05,88.05,0.74,0.76,0.24,0.26,0.02,0.02,75680.92,1776745886000
1776745888.72,88.72,0.75,0.76,0.24,0.25,0.01,0.01,75680.92,1776745886000
1776745889.251,89.251,0.73,0.74,0.24,0.25,0.01,0.01,75680.98,1776745887000
1776745889.9,89.9,0.73,0.74,0.26,0.27,0.01,0.01,75681.1,1776745888000
1776745890.326,90.326,0.73,0.74,0.26,0.27,0.01,0.01,75681.9,1776745889000
1776745890.719,90.719,0.75,0.77,0.23,0.25,0.02,0.02,75681.9,1776745889000
1776745891.116,91.116,0.78,0.79,0.21,0.22,0.01,0.01,75681.9,1776745889000
1776745891.457,91.457,0.77,0.78,0.22,0.23,0.01,0.01,75681.9,1776745889000
1776745891.8,91.8,0.77,0.78,0.22,0.23,0.01,0.01,75681.96,1776745890000
1776745892.152,92.152,0.77,0.78,0.22,0.23,0.01,0.01,75681.96,1776745890000
1776745892.514,92.514,0.77,0.78,0.22,0.23,0.01,0.01,75685.14,1776745891000
1776745892.859,92.859,0.77,0.8,0.2,0.22,0.03,0.02,75685.14,1776745891000
1776745893.226,93.226,0.84,0.85,0.15,0.16,0.01,0.01,75685.14,1776745891000
1776745893.568,93.568,0.83,0.85,0.15,0.17,0.02,0.02,75685.14,1776745891000
1776745893.922,93.922,0.83,0.84,0.16,0.17,0.01,0.01,75685.02,1776745892000
1776745894.286,94.286,0.82,0.83,0.17,0.18,0.01,0.01,75687.27,1776745893000
1776745894.652,94.652,0.81,0.83,0.17,0.19,0.02,0.02,75687.27,1776745893000
1776745895.102,95.102,0.81,0.82,0.18,0.19,0.01,0.01,75687.27,1776745893000
1776745895.565,95.565,0.81,0.82,0.18,0.19,0.01,0.01,75692.86,1776745894000
1776745895.981,95.981,0.81,0.82,0.18,0.19,0.01,0.01,75692.86,1776745894000
1776745896.35,96.35,0.83,0.84,0.16,0.17,0.01,0.01,75692.86,1776745894000
1776745896.716,96.716,0.83,0.84,0.16,0.17,0.01,0.01,75693.95,1776745895000
1776745897.103,97.103,0.83,0.84,0.16,0.17,0.01,0.01,75693.95,1776745895000
1776745897.639,97.639,0.83,0.84,0.16,0.17,0.01,0.01,75694.01,1776745896000
1776745897.995,97.995,0.83,0.84,0.16,0.17,0.01,0.01,75694.01,1776745896000
1776745898.532,98.532,0.83,0.84,0.16,0.17,0.01,0.01,75694.63,1776745897000
1776745898.878,98.878,0.83,0.85,0.16,0.17,0.02,0.01,75694.63,1776745897000
1776745899.335,99.335,0.84,0.85,0.15,0.16,0.01,0.01,75695.81,1776745898000
1776745899.716,99.716,0.81,0.82,0.18,0.19,0.01,0.01,75695.81,1776745898000
1776745900.1,100.1,0.81,0.82,0.18,0.19,0.01,0.01,75695.81,1776745898000
1776745900.512,100.512,0.75,0.82,0.18,0.19,0.07,0.01,75698.81,1776745899000
1776745900.852,100.852,0.8,0.81,0.18,0.2,0.01,0.02,75698.81,1776745899000
1776745901.266,101.266,0.8,0.81,0.19,0.2,0.01,0.01,75698.81,1776745899000
1776745901.612,101.612,0.79,0.8,0.2,0.21,0.01,0.01,75700.24,1776745900000
1776745901.999,101.999,0.79,0.8,0.2,0.21,0.01,0.01,75700.24,1776745900000
1776745902.433,102.433,0.79,0.8,0.2,0.21,0.01,0.01,75696.95,1776745901000
1776745902.982,102.982,0.79,0.8,0.2,0.21,0.01,0.01,75696.95,1776745901000
1776745903.335,103.335,0.79,0.8,0.2,0.21,0.01,0.01,75696.95,1776745901000
1776745903.675,103.675,0.79,0.8,0.2,0.21,0.01,0.01,75697.02,1776745902000
1776745904.067,104.067,0.79,0.8,0.2,0.21,0.01,0.01,75697.02,1776745902000
1776745904.496,104.496,0.79,0.8,0.2,0.21,0.01,0.01,75696.92,1776745903000
1776745904.905,104.905,0.79,0.8,0.2,0.21,0.01,0.01,75696.92,1776745903000
1776745905.456,105.456,0.79,0.8,0.2,0.21,0.01,0.01,75696.88,1776745904000
1776745905.824,105.824,0.79,0.8,0.2,0.21,0.01,0.01,75696.88,1776745904000
1776745906.163,106.163,0.78,0.8,0.2,0.21,0.02,0.01,75696.88,1776745904000
1776745906.596,106.596,0.78,0.8,0.2,0.22,0.02,0.02,75696.89,1776745905000
1776745907.288,107.288,0.78,0.79,0.21,0.22,0.01,0.01,75696.9,1776745906000
1776745907.728,107.728,0.78,0.79,0.21,0.22,0.01,0.01,75696.9,1776745906000
1776745908.122,108.122,0.78,0.79,0.21,0.22,0.01,0.01,75696.9,1776745906000
1776745908.657,108.657,0.78,0.79,0.21,0.22,0.01,0.01,75696.85,1776745907000
1776745909.004,109.004,0.78,0.79,0.21,0.22,0.01,0.01,75696.83,1776745908000
1776745909.344,109.344,0.78,0.79,0.21,0.22,0.01,0.01,75696.83,1776745908000
1776745909.692,109.692,0.78,0.79,0.21,0.22,0.01,0.01,75696.83,1776745908000
1776745910.07,110.07,0.78,0.79,0.21,0.22,0.01,0.01,75696.83,1776745908000
1776745910.45,110.45,0.78,0.79,0.21,0.22,0.01,0.01,75696.83,1776745909000
1776745910.885,110.885,0.78,0.79,0.21,0.22,0.01,0.01,75696.83,1776745909000
1776745911.222,111.222,0.78,0.79,0.21,0.22,0.01,0.01,75696.83,1776745909000
1776745911.814,111.814,0.78,0.79,0.21,0.22,0.01,0.01,75696.84,1776745910000
1776745912.233,112.233,0.78,0.79,0.21,0.22,0.01,0.01,75696.84,1776745910000
1776745912.604,112.604,0.78,0.79,0.21,0.22,0.01,0.01,75696.84,1776745911000
1776745913.16,113.16,0.78,0.79,0.21,0.22,0.01,0.01,75696.84,1776745911000
1776745914.045,114.045,0.78,0.79,0.21,0.22,0.01,0.01,75696.83,1776745913000
1776745914.449,114.449,0.78,0.79,0.21,0.22,0.01,0.01,75696.83,1776745913000
1776745915.185,115.185,0.78,0.79,0.21,0.22,0.01,0.01,75696.83,1776745913000
1776745915.548,115.548,0.78,0.79,0.21,0.22,0.01,0.01,75696.84,1776745914000
1776745916.179,116.179,0.78,0.79,0.21,0.22,0.01,0.01,75696.84,1776745914000
1776745916.856,116.856,0.78,0.79,0.21,0.22,0.01,0.01,75696.93,1776745915000
1776745917.399,117.399,0.78,0.79,0.21,0.22,0.01,0.01,75696.93,1776745916000
1776745918.123,118.123,0.78,0.79,0.21,0.22,0.01,0.01,75697.04,1776745917000
1776745918.602,118.602,0.78,0.79,0.21,0.22,0.01,0.01,75697.04,1776745917000
1776745918.999,118.999,0.78,0.79,0.21,0.22,0.01,0.01,75696.91,1776745918000
1776745919.922,119.922,0.78,0.79,0.21,0.22,0.01,0.01,75696.91,1776745918000
1776745920.279,120.279,0.78,0.79,0.21,0.22,0.01,0.01,75697.01,1776745919000
1776745920.782,120.782,0.78,0.79,0.21,0.22,0.01,0.01,75697.01,1776745919000
1776745921.215,121.215,0.78,0.79,0.21,0.22,0.01,0.01,75697.01,1776745919000
1776745922.065,122.065,0.79,0.8,0.2,0.22,0.01,0.02,75697.15,1776745920000
1776745922.857,122.857,0.79,0.8,0.2,0.21,0.01,0.01,75697.11,1776745921000
1776745923.282,123.282,0.79,0.8,0.2,0.21,0.01,0.01,75697.11,1776745921000
1776745923.733,123.733,0.78,0.8,0.2,0.21,0.02,0.01,75697.0,1776745922000
1776745924.347,124.347,0.79,0.8,0.2,0.21,0.01,0.01,75697.01,1776745923000
1776745924.979,124.979,0.78,0.79,0.21,0.22,0.01,0.01,75697.01,1776745924000
1776745925.324,125.324,0.78,0.79,0.21,0.22,0.01,0.01,75697.01,1776745924000
1776745925.888,125.888,0.78,0.79,0.21,0.22,0.01,0.01,75697.01,1776745924000
1776745926.51,126.51,0.78,0.79,0.21,0.22,0.01,0.01,75697.01,1776745924000
1776745926.98,126.98,0.79,0.8,0.2,0.21,0.01,0.01,75697.02,1776745925000
1776745927.542,127.542,0.79,0.8,0.2,0.21,0.01,0.01,75697.02,1776745926000
1776745928.238,128.238,0.79,0.8,0.2,0.21,0.01,0.01,75697.02,1776745927000
1776745928.944,128.944,0.79,0.8,0.2,0.21,0.01,0.01,75697.02,1776745927000
1776745929.519,129.519,0.79,0.8,0.2,0.21,0.01,0.01,75697.02,1776745927000
1776745929.963,129.963,0.79,0.8,0.2,0.21,0.01,0.01,75696.96,1776745928000
1776745930.322,130.322,0.79,0.8,0.2,0.21,0.01,0.01,75696.96,1776745928000
1776745930.728,130.728,0.75,0.76,0.24,0.25,0.01,0.01,75696.96,1776745929000
1776745931.157,131.157,0.75,0.76,0.24,0.25,0.01,0.01,75696.96,1776745929000
1776745931.831,131.831,0.75,0.76,0.24,0.25,0.01,0.01,75697.2,1776745930000
1776745932.226,132.226,0.75,0.76,0.24,0.25,0.01,0.01,75697.2,1776745930000
1776745932.574,132.574,0.73,0.75,0.25,0.27,0.02,0.02,75698.19,1776745931000
1776745933.089,133.089,0.69,0.7,0.29,0.31,0.01,0.02,75698.19,1776745931000
1776745933.544,133.544,0.7,0.71,0.29,0.3,0.01,0.01,75698.19,1776745931000
1776745933.913,133.913,0.7,0.71,0.29,0.3,0.01,0.01,75689.02,1776745932000
1776745934.283,134.283,0.7,0.71,0.29,0.3,0.01,0.01,75689.02,1776745932000
1776745934.713,134.713,0.7,0.71,0.29,0.3,0.01,0.01,75688.3,1776745933000
1776745935.065,135.065,0.7,0.71,0.29,0.3,0.01,0.01,75688.3,1776745933000
1776745935.698,135.698,0.7,0.71,0.29,0.3,0.01,0.01,75684.94,1776745934000
1776745936.289,136.289,0.7,0.71,0.29,0.3,0.01,0.01,75684.94,1776745934000
1776745936.703,136.703,0.7,0.71,0.29,0.3,0.01,0.01,75684.88,1776745935000
1776745937.043,137.043,0.68,0.71,0.29,0.32,0.03,0.03,75684.88,1776745935000
1776745937.434,137.434,0.66,0.67,0.33,0.34,0.01,0.01,75684.88,1776745935000
1776745937.875,137.875,0.66,0.67,0.33,0.34,0.01,0.01,75684.94,1776745936000
1776745938.381,138.381,0.66,0.67,0.33,0.34,0.01,0.01,75684.94,1776745937000
1776745938.795,138.795,0.66,0.67,0.33,0.34,0.01,0.01,75684.94,1776745937000
1776745939.259,139.259,0.66,0.67,0.33,0.34,0.01,0.01,75684.94,1776745937000
1776745939.692,139.692,0.66,0.67,0.33,0.34,0.01,0.01,75684.94,1776745937000
1776745940.101,140.101,0.66,0.67,0.33,0.34,0.01,0.01,75682.74,1776745938000
1776745940.444,140.444,0.66,0.67,0.33,0.34,0.01,0.01,75682.67,1776745939000
1776745940.837,140.837,0.66,0.67,0.33,0.34,0.01,0.01,75682.67,1776745939000
1776745941.209,141.209,0.66,0.67,0.33,0.34,0.01,0.01,75682.67,1776745939000
1776745941.601,141.601,0.66,0.67,0.33,0.34,0.01,0.01,75682.38,1776745940000
1776745942.32,142.32,0.66,0.67,0.33,0.34,0.01,0.01,75682.38,1776745940000
1776745942.784,142.784,0.66,0.67,0.33,0.34,0.01,0.01,75682.38,1776745941000
1776745943.119,143.119,0.64,0.66,0.34,0.36,0.02,0.02,75682.38,1776745941000
1776745943.466,143.466,0.64,0.65,0.35,0.36,0.01,0.01,75682.38,1776745941000
1776745943.88,143.88,0.64,0.65,0.35,0.36,0.01,0.01,75682.49,1776745942000
1776745944.251,144.251,0.62,0.63,0.37,0.38,0.01,0.01,75682.49,1776745942000
1776745944.632,144.632,0.62,0.63,0.37,0.38,0.01,0.01,75683.2,1776745943000
1776745944.971,144.971,0.62,0.63,0.37,0.38,0.01,0.01,75683.2,1776745943000
1776745945.355,145.355,0.62,0.63,0.37,0.38,0.01,0.01,75681.8,1776745944000
1776745945.692,145.692,0.63,0.64,0.36,0.37,0.01,0.01,75681.8,1776745944000
1776745946.23,146.23,0.63,0.73,0.36,0.37,0.1,0.01,75681.8,1776745944000
1776745947.208,147.208,0.67,0.73,0.27,0.33,0.06,0.06,75677.17,1776745946000
1776745947.643,147.643,0.67,0.7,0.3,0.33,0.03,0.03,75677.17,1776745946000
1776745947.987,147.987,0.68,0.7,0.3,0.32,0.02,0.02,75677.17,1776745946000
1776745948.394,148.394,0.68,0.72,0.31,0.32,0.04,0.01,75677.17,1776745946000
1776745948.729,148.729,0.71,0.72,0.28,0.29,0.01,0.01,75677.12,1776745947000
1776745949.175,149.175,0.71,0.72,0.28,0.29,0.01,0.01,75677.12,1776745947000
1776745949.512,149.512,0.72,0.73,0.27,0.29,0.01,0.02,75677.97,1776745948000
1776745949.859,149.859,0.72,0.73,0.27,0.28,0.01,0.01,75677.97,1776745948000
1776745950.249,150.249,0.71,0.72,0.27,0.29,0.01,0.02,75677.97,1776745948000
1776745950.681,150.681,0.71,0.72,0.28,0.29,0.01,0.01,75677.96,1776745949000
1776745951.069,151.069,0.71,0.72,0.28,0.29,0.01,0.01,75677.96,1776745949000
1776745951.456,151.456,0.71,0.72,0.28,0.29,0.01,0.01,75677.97,1776745950000
1776745952.011,152.011,0.69,0.7,0.28,0.31,0.01,0.03,75677.97,1776745950000
1776745952.403,152.403,0.69,0.7,0.3,0.31,0.01,0.01,75677.97,1776745950000
1776745952.801,152.801,0.7,0.71,0.29,0.31,0.01,0.02,75677.99,1776745951000
1776745953.398,153.398,0.7,0.74,0.29,0.3,0.04,0.01,75677.99,1776745951000
1776745954.017,154.017,0.73,0.74,0.26,0.3,0.01,0.04,75677.98,1776745952000
1776745954.712,154.712,0.73,0.74,0.26,0.27,0.01,0.01,75677.92,1776745953000
1776745955.199,155.199,0.72,0.73,0.26,0.27,0.01,0.01,75677.92,1776745953000
1776745955.586,155.586,0.7,0.71,0.29,0.3,0.01,0.01,75677.63,1776745954000
1776745956.246,156.246,0.7,0.71,0.29,0.3,0.01,0.01,75677.63,1776745954000
1776745956.776,156.776,0.7,0.71,0.29,0.3,0.01,0.01,75677.7,1776745955000
1776745957.223,157.223,0.7,0.71,0.29,0.3,0.01,0.01,75677.37,1776745956000
1776745957.667,157.667,0.7,0.71,0.29,0.3,0.01,0.01,75677.37,1776745956000
1776745958.103,158.103,0.7,0.71,0.29,0.3,0.01,0.01,75677.37,1776745956000
1776745958.599,158.599,0.7,0.71,0.29,0.3,0.01,0.01,75677.37,1776745956000
1776745959.197,159.197,0.7,0.71,0.29,0.3,0.01,0.01,75676.65,1776745957000
1776745959.583,159.583,0.7,0.71,0.29,0.3,0.01,0.01,75676.62,1776745958000
1776745959.958,159.958,0.7,0.71,0.29,0.3,0.01,0.01,75676.62,1776745958000
1776745960.572,160.572,0.7,0.71,0.29,0.3,0.01,0.01,75676.62,1776745959000
1776745960.913,160.913,0.7,0.71,0.29,0.3,0.01,0.01,75676.62,1776745959000
1776745961.478,161.478,0.7,0.71,0.29,0.3,0.01,0.01,75676.63,1776745960000
1776745962.107,162.107,0.7,0.71,0.29,0.3,0.01,0.01,75676.63,1776745960000
1776745962.821,162.821,0.7,0.71,0.29,0.3,0.01,0.01,75676.55,1776745961000
1776745963.349,163.349,0.7,0.71,0.29,0.3,0.01,0.01,75676.53,1776745962000
1776745963.848,163.848,0.7,0.71,0.29,0.3,0.01,0.01,75676.53,1776745962000
1776745964.657,164.657,0.7,0.71,0.29,0.3,0.01,0.01,75676.54,1776745963000
1776745965.153,165.153,0.7,0.71,0.29,0.3,0.01,0.01,75676.49,1776745964000
1776745965.584,165.584,0.7,0.72,0.29,0.3,0.02,0.01,75676.49,1776745964000
1776745966.374,166.374,0.7,0.72,0.28,0.3,0.02,0.02,75676.62,1776745965000
1776745966.709,166.709,0.7,0.71,0.28,0.3,0.01,0.02,75676.62,1776745965000
1776745967.219,167.219,0.7,0.71,0.29,0.3,0.01,0.01,75676.62,1776745965000
1776745967.693,167.693,0.7,0.71,0.29,0.3,0.01,0.01,75676.67,1776745966000
1776745968.129,168.129,0.7,0.71,0.29,0.3,0.01,0.01,75676.53,1776745967000
1776745968.477,168.477,0.7,0.71,0.29,0.3,0.01,0.01,75676.53,1776745967000
1776745968.868,168.868,0.7,0.71,0.29,0.3,0.01,0.01,75676.53,1776745967000
1776745969.283,169.283,0.7,0.71,0.29,0.3,0.01,0.01,75676.47,1776745968000
1776745969.641,169.641,0.7,0.71,0.29,0.3,0.01,0.01,75676.47,1776745968000
1776745970.153,170.153,0.69,0.7,0.3,0.31,0.01,0.01,75676.47,1776745968000
1776745970.667,170.667,0.69,0.7,0.3,0.31,0.01,0.01,75676.48,1776745969000
1776745971.116,171.116,0.69,0.7,0.3,0.31,0.01,0.01,75676.48,1776745969000
1776745971.528,171.528,0.7,0.71,0.29,0.3,0.01,0.01,75676.55,1776745970000
1776745972.014,172.014,0.69,0.71,0.29,0.31,0.02,0.02,75676.46,1776745971000
1776745972.496,172.496,0.69,0.71,0.29,0.31,0.02,0.02,75676.46,1776745971000
1776745972.899,172.899,0.69,0.7,0.3,0.31,0.01,0.01,75676.46,1776745971000
1776745973.233,173.233,0.68,0.7,0.3,0.32,0.02,0.02,75676.4,1776745972000
1776745973.698,173.698,0.68,0.69,0.31,0.32,0.01,0.01,75676.4,1776745972000
1776745974.097,174.097,0.68,0.69,0.31,0.32,0.01,0.01,75676.4,1776745972000
1776745974.454,174.454,0.68,0.69,0.31,0.32,0.01,0.01,75676.67,1776745973000
1776745975.332,175.332,0.68,0.69,0.31,0.32,0.01,0.01,75676.61,1776745974000
1776745976.32,176.32,0.68,0.69,0.31,0.32,0.01,0.01,75676.63,1776745975000
1776745976.814,176.814,0.68,0.69,0.31,0.32,0.01,0.01,75676.63,1776745975000
1776745977.352,177.352,0.68,0.69,0.31,0.32,0.01,0.01,75676.52,1776745976000
1776745977.726,177.726,0.68,0.69,0.31,0.32,0.01,0.01,75676.52,1776745976000
1776745978.305,178.305,0.68,0.69,0.31,0.32,0.01,0.01,75676.52,1776745976000
1776745978.714,178.714,0.68,0.69,0.31,0.32,0.01,0.01,75676.43,1776745977000
1776745979.119,179.119,0.68,0.69,0.31,0.32,0.01,0.01,75676.41,1776745978000
1776745979.851,179.851,0.7,0.71,0.31,0.32,0.01,0.01,75676.41,1776745978000
1776745980.207,180.207,0.74,0.77,0.24,0.26,0.03,0.02,75676.5,1776745979000
1776745980.731,180.731,0.76,0.79,0.21,0.24,0.03,0.03,75676.5,1776745979000
1776745981.081,181.081,0.76,0.79,0.21,0.24,0.03,0.03,75676.51,1776745980000
1776745982.188,182.188,0.76,0.79,0.21,0.24,0.03,0.03,75677.69,1776745981000
1776745982.524,182.524,0.75,0.79,0.21,0.22,0.04,0.01,75677.69,1776745981000
1776745982.919,182.919,0.75,0.79,0.21,0.25,0.04,0.04,75677.69,1776745981000
1776745983.266,183.266,0.75,0.79,0.21,0.25,0.04,0.04,75680.08,1776745982000
1776745983.642,183.642,0.76,0.79,0.21,0.24,0.03,0.03,75680.08,1776745982000
1776745983.976,183.976,0.77,0.78,0.2,0.23,0.01,0.03,75680.08,1776745982000
1776745984.58,184.58,0.76,0.78,0.22,0.24,0.02,0.02,75680.37,1776745983000
1776745984.914,184.914,0.74,0.77,0.23,0.25,0.03,0.02,75680.37,1776745983000
1776745985.301,185.301,0.74,0.75,0.25,0.26,0.01,0.01,75680.37,1776745983000
1776745985.706,185.706,0.74,0.75,0.25,0.26,0.01,0.01,75680.66,1776745984000
1776745986.051,186.051,0.73,0.75,0.25,0.26,0.02,0.01,75680.66,1776745984000
1776745986.394,186.394,0.73,0.74,0.26,0.27,0.01,0.01,75680.7,1776745985000
1776745986.763,186.763,0.72,0.74,0.26,0.28,0.02,0.02,75680.7,1776745985000
1776745987.188,187.188,0.72,0.73,0.27,0.28,0.01,0.01,75680.7,1776745985000
1776745987.637,187.637,0.72,0.73,0.27,0.28,0.01,0.01,75680.66,1776745986000
1776745987.974,187.974,0.72,0.73,0.27,0.28,0.01,0.01,75680.66,1776745986000
1776745988.838,188.838,0.72,0.73,0.27,0.28,0.01,0.01,75680.66,1776745986000
1776745989.274,189.274,0.72,0.73,0.27,0.28,0.01,0.01,75680.74,1776745987000
1776745989.79,189.79,0.71,0.72,0.27,0.29,0.01,0.02,75680.72,1776745988000
1776745990.266,190.266,0.71,0.72,0.28,0.29,0.01,0.01,75680.02,1776745989000
1776745990.725,190.725,0.71,0.72,0.28,0.29,0.01,0.01,75680.02,1776745989000
1776745991.272,191.272,0.71,0.72,0.28,0.29,0.01,0.01,75680.0,1776745990000
1776745991.67,191.67,0.7,0.71,0.29,0.3,0.01,0.01,75680.0,1776745990000
1776745992.061,192.061,0.7,0.71,0.29,0.3,0.01,0.01,75680.0,1776745990000
1776745992.476,192.476,0.7,0.71,0.29,0.3,0.01,0.01,75679.76,1776745991000
1776745992.844,192.844,0.7,0.71,0.29,0.3,0.01,0.01,75679.76,1776745991000
1776745993.264,193.264,0.7,0.71,0.29,0.3,0.01,0.01,75679.76,1776745991000
1776745993.599,193.599,0.7,0.71,0.29,0.3,0.01,0.01,75679.76,1776745992000
1776745993.954,193.954,0.7,0.71,0.29,0.3,0.01,0.01,75679.76,1776745992000
1776745994.383,194.383,0.7,0.71,0.29,0.3,0.01,0.01,75679.69,1776745993000
1776745994.726,194.726,0.69,0.7,0.3,0.31,0.01,0.01,75679.69,1776745993000
1776745995.072,195.072,0.68,0.69,0.31,0.32,0.01,0.01,75679.69,1776745993000
1776745995.707,195.707,0.67,0.68,0.31,0.33,0.01,0.02,75681.03,1776745994000
1776745996.1,196.1,0.67,0.68,0.32,0.33,0.01,0.01,75681.03,1776745994000
1776745996.497,196.497,0.67,0.68,0.32,0.33,0.01,0.01,75679.74,1776745995000
1776745996.849,196.849,0.67,0.68,0.32,0.33,0.01,0.01,75679.74,1776745995000
1776745997.201,197.201,0.67,0.68,0.32,0.33,0.01,0.01,75679.75,1776745996000
1776745997.792,197.792,0.67,0.68,0.32,0.33,0.01,0.01,75679.75,1776745996000
1776745998.188,198.188,0.67,0.68,0.32,0.33,0.01,0.01,75677.26,1776745997000
1776745998.551,198.551,0.67,0.68,0.32,0.33,0.01,0.01,75677.26,1776745997000
1776745998.936,198.936,0.7,0.74,0.26,0.3,0.04,0.04,75677.26,1776745997000
1776745999.27,199.27,0.73,0.74,0.26,0.27,0.01,0.01,75679.5,1776745998000
1776745999.613,199.613,0.73,0.74,0.26,0.27,0.01,0.01,75679.5,1776745998000
1776746000.008,200.008,0.73,0.74,0.26,0.27,0.01,0.01,75679.5,1776745998000
1776746000.585,200.585,0.73,0.74,0.26,0.27,0.01,0.01,75681.23,1776745999000
1776746000.961,200.961,0.73,0.74,0.26,0.27,0.01,0.01,75681.23,1776745999000
1776746001.32,201.32,0.73,0.74,0.26,0.27,0.01,0.01,75681.23,1776745999000
1776746001.671,201.671,0.72,0.73,0.26,0.28,0.01,0.02,75681.23,1776745999000
1776746002.097,202.097,0.72,0.73,0.27,0.28,0.01,0.01,75680.0,1776746000000
1776746002.636,202.636,0.72,0.73,0.27,0.28,0.01,0.01,75681.32,1776746001000
1776746002.986,202.986,0.72,0.73,0.27,0.28,0.01,0.01,75681.32,1776746001000
1776746003.407,203.407,0.73,0.76,0.26,0.27,0.03,0.01,75681.29,1776746002000
1776746003.842,203.842,0.74,0.75,0.25,0.26,0.01,0.01,75681.29,1776746002000
1776746004.199,204.199,0.75,0.76,0.24,0.25,0.01,0.01,75681.09,1776746003000
1776746004.537,204.537,0.75,0.76,0.24,0.25,0.01,0.01,75681.09,1776746003000
1776746005.264,205.264,0.75,0.76,0.24,0.25,0.01,0.01,75681.26,1776746004000
1776746005.688,205.688,0.75,0.76,0.24,0.25,0.01,0.01,75681.26,1776746004000
1776746006.041,206.041,0.75,0.76,0.24,0.25,0.01,0.01,75681.24,1776746005000
1776746006.433,206.433,0.74,0.75,0.25,0.26,0.01,0.01,75681.24,1776746005000
1776746006.785,206.785,0.74,0.75,0.25,0.26,0.01,0.01,75681.24,1776746005000
1776746007.151,207.151,0.74,0.75,0.25,0.26,0.01,0.01,75681.24,1776746006000
1776746007.549,207.549,0.73,0.74,0.25,0.27,0.01,0.02,75681.24,1776746006000
1776746008.057,208.057,0.73,0.74,0.26,0.27,0.01,0.01,75681.24,1776746006000
1776746008.438,208.438,0.73,0.74,0.26,0.27,0.01,0.01,75680.99,1776746007000
1776746008.813,208.813,0.73,0.74,0.26,0.27,0.01,0.01,75680.99,1776746007000
1776746009.171,209.171,0.71,0.72,0.28,0.3,0.01,0.02,75681.04,1776746008000
1776746009.687,209.687,0.71,0.72,0.28,0.29,0.01,0.01,75681.04,1776746008000
1776746010.042,210.042,0.71,0.72,0.28,0.29,0.01,0.01,75681.04,1776746008000
1776746010.442,210.442,0.7,0.71,0.28,0.3,0.01,0.02,75680.91,1776746009000
1776746010.875,210.875,0.7,0.71,0.29,0.3,0.01,0.01,75680.91,1776746009000
1776746011.266,211.266,0.7,0.71,0.29,0.3,0.01,0.01,75680.9,1776746010000
1776746012.033,212.033,0.7,0.71,0.29,0.3,0.01,0.01,75680.9,1776746010000
1776746012.451,212.451,0.7,0.71,0.29,0.3,0.01,0.01,75680.59,1776746011000
1776746012.846,212.846,0.7,0.71,0.29,0.3,0.01,0.01,75680.59,1776746011000
1776746013.575,213.575,0.66,0.71,0.29,0.34,0.05,0.05,75679.0,1776746012000
1776746013.962,213.962,0.66,0.71,0.29,0.34,0.05,0.05,75679.0,1776746013000
1776746014.405,214.405,0.67,0.68,0.32,0.33,0.01,0.01,75679.0,1776746013000
1776746014.852,214.852,0.67,0.68,0.32,0.33,0.01,0.01,75679.0,1776746013000
1776746015.2,215.2,0.68,0.69,0.31,0.32,0.01,0.01,75679.0,1776746013000
1776746015.706,215.706,0.7,0.71,0.3,0.32,0.01,0.02,75679.0,1776746013000
1776746016.235,216.235,0.71,0.72,0.28,0.3,0.01,0.02,75677.92,1776746014000
1776746016.633,216.633,0.71,0.72,0.28,0.29,0.01,0.01,75677.88,1776746015000
1776746017.058,217.058,0.71,0.72,0.28,0.29,0.01,0.01,75677.88,1776746016000
1776746018.198,218.198,0.71,0.72,0.28,0.29,0.01,0.01,75677.93,1776746017000
1776746018.687,218.687,0.71,0.72,0.28,0.29,0.01,0.01,75677.93,1776746017000
1776746019.3,219.3,0.71,0.72,0.28,0.29,0.01,0.01,75679.29,1776746018000
1776746019.69,219.69,0.71,0.72,0.28,0.29,0.01,0.01,75679.29,1776746018000
1776746020.25,220.25,0.71,0.72,0.28,0.29,0.01,0.01,75679.29,1776746018000
1776746020.618,220.618,0.71,0.72,0.28,0.29,0.01,0.01,75679.24,1776746019000
1776746021.32,221.32,0.71,0.72,0.28,0.29,0.01,0.01,75681.15,1776746020000
1776746021.689,221.689,0.71,0.72,0.28,0.29,0.01,0.01,75681.15,1776746020000
1776746022.237,222.237,0.71,0.75,0.26,0.29,0.04,0.03,75681.15,1776746020000
1776746023.232,223.232,0.71,0.75,0.25,0.29,0.04,0.04,75685.05,1776746021000
1776746023.574,223.574,0.71,0.75,0.25,0.29,0.04,0.04,75690.32,1776746022000
1776746023.966,223.966,0.71,0.75,0.25,0.29,0.04,0.04,75690.69,1776746023000
1776746024.416,224.416,0.71,0.75,0.25,0.29,0.04,0.04,75690.69,1776746023000
1776746025.174,225.174,0.74,0.75,0.25,0.26,0.01,0.01,75690.69,1776746023000
1776746025.538,225.538,0.74,0.75,0.25,0.26,0.01,0.01,75691.07,1776746024000
1776746026.048,226.048,0.74,0.76,0.24,0.26,0.02,0.02,75691.07,1776746024000
1776746026.431,226.431,0.75,0.76,0.24,0.25,0.01,0.01,75689.4,1776746025000
1776746026.773,226.773,0.72,0.75,0.25,0.28,0.03,0.03,75689.4,1776746025000
1776746027.114,227.114,0.72,0.75,0.25,0.28,0.03,0.03,75683.62,1776746026000
1776746027.46,227.46,0.69,0.75,0.25,0.31,0.06,0.06,75683.62,1776746026000
1776746027.923,227.923,0.71,0.72,0.28,0.31,0.01,0.03,75683.62,1776746026000
1776746028.277,228.277,0.69,0.7,0.29,0.31,0.01,0.02,75677.16,1776746027000
1776746028.638,228.638,0.66,0.67,0.33,0.34,0.01,0.01,75677.16,1776746027000
1776746028.982,228.982,0.65,0.67,0.33,0.34,0.02,0.01,75677.16,1776746027000
1776746029.347,229.347,0.65,0.66,0.34,0.35,0.01,0.01,75676.64,1776746028000
1776746029.759,229.759,0.65,0.66,0.34,0.35,0.01,0.01,75676.64,1776746028000
1776746030.131,230.131,0.67,0.68,0.32,0.34,0.01,0.02,75676.74,1776746029000
1776746030.531,230.531,0.67,0.68,0.32,0.33,0.01,0.01,75676.74,1776746029000
1776746030.903,230.903,0.68,0.69,0.31,0.32,0.01,0.01,75676.74,1776746029000
1776746031.255,231.255,0.68,0.69,0.31,0.32,0.01,0.01,75676.74,1776746029000
1776746031.611,231.611,0.68,0.69,0.31,0.32,0.01,0.01,75676.75,1776746030000
1776746031.968,231.968,0.68,0.69,0.31,0.32,0.01,0.01,75676.75,1776746030000
1776746032.328,232.328,0.67,0.68,0.31,0.33,0.01,0.02,75676.75,1776746030000
1776746032.708,232.708,0.68,0.69,0.32,0.33,0.01,0.01,75676.75,1776746030000
1776746033.06,233.06,0.66,0.67,0.33,0.34,0.01,0.01,75676.75,1776746031000
1776746033.409,233.409,0.67,0.68,0.33,0.34,0.01,0.01,75676.75,1776746031000
1776746033.75,233.75,0.67,0.68,0.32,0.33,0.01,0.01,75676.73,1776746032000
1776746034.101,234.101,0.67,0.68,0.32,0.33,0.01,0.01,75676.73,1776746032000
1776746034.46,234.46,0.67,0.68,0.32,0.33,0.01,0.01,75676.73,1776746032000
1776746034.813,234.813,0.67,0.68,0.32,0.33,0.01,0.01,75676.6,1776746033000
1776746035.165,235.165,0.67,0.68,0.32,0.33,0.01,0.01,75676.6,1776746033000
1776746035.533,235.533,0.67,0.68,0.32,0.33,0.01,0.01,75676.6,1776746033000
1776746035.869,235.869,0.67,0.68,0.32,0.33,0.01,0.01,75676.6,1776746034000
1776746036.214,236.214,0.66,0.67,0.33,0.34,0.01,0.01,75676.6,1776746034000
1776746036.572,236.572,0.67,0.68,0.33,0.34,0.01,0.01,75676.67,1776746035000
1776746036.917,236.917,0.67,0.68,0.32,0.33,0.01,0.01,75676.67,1776746035000
1776746037.266,237.266,0.68,0.69,0.31,0.32,0.01,0.01,75676.67,1776746035000
1776746037.684,237.684,0.68,0.7,0.31,0.32,0.02,0.01,75675.98,1776746036000
1776746038.133,238.133,0.69,0.7,0.3,0.31,0.01,0.01,75675.98,1776746036000
1776746038.494,238.494,0.7,0.71,0.29,0.3,0.01,0.01,75675.98,1776746037000
1776746038.847,238.847,0.71,0.72,0.28,0.29,0.01,0.01,75675.98,1776746037000
1776746039.196,239.196,0.77,0.78,0.22,0.23,0.01,0.01,75675.98,1776746037000
1776746039.549,239.549,0.77,0.78,0.22,0.23,0.01,0.01,75675.98,1776746038000
1776746039.981,239.981,0.76,0.78,0.22,0.23,0.02,0.01,75675.98,1776746038000
1776746040.37,240.37,0.73,0.74,0.24,0.26,0.01,0.02,75675.98,1776746039000
1776746040.905,240.905,0.69,0.7,0.29,0.31,0.01,0.02,75675.98,1776746039000
1776746041.243,241.243,0.65,0.71,0.34,0.35,0.06,0.01,75675.98,1776746039000
1776746041.669,241.669,0.71,0.72,0.28,0.29,0.01,0.01,75676.89,1776746040000
1776746042.002,242.002,0.67,0.69,0.31,0.32,0.02,0.01,75676.89,1776746040000
1776746042.373,242.373,0.66,0.67,0.32,0.33,0.01,0.01,75676.94,1776746041000
1776746042.713,242.713,0.66,0.67,0.33,0.34,0.01,0.01,75676.94,1776746041000
1776746043.1,243.1,0.67,0.68,0.32,0.33,0.01,0.01,75676.94,1776746041000
1776746043.439,243.439,0.71,0.72,0.28,0.29,0.01,0.01,75676.94,1776746041000
1776746043.849,243.849,0.71,0.72,0.28,0.29,0.01,0.01,75676.66,1776746042000
1776746044.207,244.207,0.71,0.72,0.28,0.29,0.01,0.01,75676.57,1776746043000
1776746044.559,244.559,0.71,0.72,0.28,0.29,0.01,0.01,75676.57,1776746043000
1776746044.895,244.895,0.64,0.65,0.28,0.36,0.01,0.08,75676.57,1776746043000
1776746045.239,245.239,0.63,0.64,0.36,0.37,0.01,0.01,75676.57,1776746043000
1776746045.593,245.593,0.63,0.64,0.36,0.37,0.01,0.01,75676.57,1776746044000
1776746046.087,246.087,0.63,0.64,0.36,0.37,0.01,0.01,75676.57,1776746044000
1776746046.421,246.421,0.63,0.64,0.36,0.37,0.01,0.01,75676.7,1776746045000
1776746046.779,246.779,0.63,0.64,0.36,0.37,0.01,0.01,75676.7,1776746045000
1776746047.126,247.126,0.63,0.64,0.36,0.37,0.01,0.01,75676.7,1776746045000
1776746047.464,247.464,0.63,0.64,0.36,0.37,0.01,0.01,75674.86,1776746046000
1776746047.821,247.821,0.68,0.69,0.31,0.32,0.01,0.01,75674.86,1776746046000
1776746048.155,248.155,0.68,0.69,0.31,0.32,0.01,0.01,75674.86,1776746046000
1776746048.494,248.494,0.68,0.69,0.31,0.32,0.01,0.01,75674.89,1776746047000
1776746048.856,248.856,0.66,0.69,0.31,0.33,0.03,0.02,75674.89,1776746047000
1776746049.238,249.238,0.65,0.66,0.33,0.34,0.01,0.01,75674.99,1776746048000
1776746049.578,249.578,0.65,0.66,0.34,0.35,0.01,0.01,75674.99,1776746048000
1776746049.921,249.921,0.64,0.65,0.35,0.36,0.01,0.01,75674.99,1776746048000
1776746050.276,250.276,0.64,0.65,0.35,0.36,0.01,0.01,75675.03,1776746049000
1776746050.622,250.622,0.65,0.66,0.34,0.36,0.01,0.02,75675.03,1776746049000
1776746050.974,250.974,0.68,0.69,0.3,0.32,0.01,0.02,75675.03,1776746049000
1776746051.388,251.388,0.64,0.65,0.31,0.34,0.01,0.03,75674.99,1776746050000
1776746051.726,251.726,0.64,0.65,0.35,0.36,0.01,0.01,75674.99,1776746050000
1776746052.064,252.064,0.64,0.65,0.35,0.36,0.01,0.01,75674.99,1776746050000
1776746052.412,252.412,0.68,0.69,0.31,0.36,0.01,0.05,75674.85,1776746051000
1776746052.754,252.754,0.68,0.69,0.31,0.32,0.01,0.01,75674.85,1776746051000
1776746053.09,253.09,0.68,0.69,0.31,0.32,0.01,0.01,75674.85,1776746051000
1776746053.424,253.424,0.67,0.69,0.31,0.32,0.02,0.01,75675.15,1776746052000
1776746053.758,253.758,0.67,0.68,0.32,0.33,0.01,0.01,75675.15,1776746052000
1776746054.099,254.099,0.67,0.68,0.32,0.33,0.01,0.01,75675.15,1776746052000
1776746054.432,254.432,0.68,0.69,0.31,0.33,0.01,0.02,75675.21,1776746053000
1776746054.824,254.824,0.68,0.74,0.31,0.32,0.06,0.01,75675.21,1776746053000
1776746055.602,255.602,0.7,0.72,0.28,0.29,0.02,0.01,75675.17,1776746054000
1776746055.94,255.94,0.68,0.7,0.31,0.32,0.02,0.01,75675.17,1776746054000
1776746056.501,256.501,0.7,0.71,0.29,0.3,0.01,0.01,75675.2,1776746055000
1776746056.839,256.839,0.7,0.74,0.29,0.3,0.04,0.01,75675.2,1776746055000
1776746057.172,257.172,0.72,0.73,0.27,0.28,0.01,0.01,75675.2,1776746056000
1776746057.846,257.846,0.72,0.73,0.27,0.28,0.01,0.01,75675.2,1776746056000
1776746058.236,258.236,0.72,0.73,0.27,0.28,0.01,0.01,75675.09,1776746057000
1776746058.614,258.614,0.73,0.74,0.26,0.27,0.01,0.01,75675.09,1776746057000
1776746058.947,258.947,0.73,0.74,0.26,0.27,0.01,0.01,75675.09,1776746057000
1776746059.333,259.333,0.73,0.74,0.26,0.27,0.01,0.01,75675.1,1776746058000
1776746059.769,259.769,0.73,0.74,0.26,0.27,0.01,0.01,75675.1,1776746058000
1776746060.229,260.229,0.73,0.74,0.26,0.27,0.01,0.01,75675.11,1776746059000
1776746060.614,260.614,0.74,0.75,0.25,0.26,0.01,0.01,75675.11,1776746059000
1776746061.257,261.257,0.75,0.77,0.24,0.26,0.02,0.02,75675.15,1776746060000
1776746061.64,261.64,0.75,0.77,0.23,0.25,0.02,0.02,75675.15,1776746060000
1776746062.093,262.093,0.74,0.77,0.23,0.24,0.03,0.01,75675.15,1776746060000
1776746062.596,262.596,0.74,0.75,0.25,0.26,0.01,0.01,75675.16,1776746061000
1776746062.936,262.936,0.76,0.77,0.23,0.26,0.01,0.03,75675.16,1776746061000
1776746063.307,263.307,0.66,0.74,0.26,0.27,0.08,0.01,75675.16,1776746061000
1776746063.68,263.68,0.67,0.68,0.3,0.34,0.01,0.04,75672.51,1776746062000
1776746064.054,264.054,0.71,0.72,0.28,0.33,0.01,0.05,75672.51,1776746062000
1776746064.397,264.397,0.71,0.72,0.28,0.29,0.01,0.01,75675.18,1776746063000
1776746064.736,264.736,0.71,0.72,0.28,0.29,0.01,0.01,75675.18,1776746063000
1776746065.237,265.237,0.71,0.72,0.28,0.29,0.01,0.01,75674.78,1776746064000
1776746065.722,265.722,0.71,0.72,0.28,0.29,0.01,0.01,75674.78,1776746064000
1776746066.086,266.086,0.72,0.73,0.26,0.29,0.01,0.03,75674.78,1776746064000
1776746066.427,266.427,0.7,0.71,0.28,0.29,0.01,0.01,75674.95,1776746065000
1776746066.832,266.832,0.7,0.72,0.29,0.3,0.02,0.01,75674.95,1776746065000
1776746067.18,267.18,0.71,0.73,0.27,0.29,0.02,0.02,75675.06,1776746066000
1776746067.634,267.634,0.73,0.74,0.25,0.28,0.01,0.03,75675.06,1776746066000
1776746068.145,268.145,0.74,0.75,0.25,0.26,0.01,0.01,75674.94,1776746067000
1776746068.681,268.681,0.74,0.75,0.25,0.26,0.01,0.01,75674.94,1776746067000
1776746069.06,269.06,0.74,0.75,0.25,0.26,0.01,0.01,75674.94,1776746067000
1776746069.514,269.514,0.73,0.74,0.26,0.27,0.01,0.01,75674.99,1776746068000
1776746069.869,269.869,0.72,0.77,0.26,0.28,0.05,0.02,75674.99,1776746068000
1776746070.215,270.215,0.74,0.77,0.27,0.28,0.03,0.01,75675.0,1776746069000
1776746070.701,270.701,0.76,0.77,0.23,0.24,0.01,0.01,75675.0,1776746069000
1776746071.048,271.048,0.73,0.74,0.23,0.27,0.01,0.04,75675.0,1776746069000
1776746071.398,271.398,0.74,0.75,0.25,0.27,0.01,0.02,75675.0,1776746070000
1776746071.805,271.805,0.75,0.76,0.24,0.25,0.01,0.01,75675.0,1776746070000
1776746072.159,272.159,0.65,0.68,0.32,0.35,0.03,0.03,75675.11,1776746071000
1776746072.539,272.539,0.61,0.63,0.37,0.38,0.02,0.01,75675.11,1776746071000
1776746072.916,272.916,0.61,0.62,0.38,0.39,0.01,0.01,75675.11,1776746071000
1776746073.287,273.287,0.61,0.62,0.38,0.4,0.01,0.02,75675.11,1776746072000
1776746073.627,273.627,0.6,0.61,0.39,0.4,0.01,0.01,75675.11,1776746072000
1776746074.029,274.029,0.5,0.51,0.47,0.5,0.01,0.03,75675.11,1776746072000
1776746074.41,274.41,0.55,0.56,0.44,0.46,0.01,0.02,75672.33,1776746073000
1776746074.773,274.773,0.55,0.56,0.44,0.45,0.01,0.01,75672.33,1776746073000
1776746075.131,275.131,0.55,0.56,0.44,0.45,0.01,0.01,75669.66,1776746074000
1776746075.475,275.475,0.62,0.63,0.37,0.39,0.01,0.02,75669.66,1776746074000
1776746075.815,275.815,0.68,0.69,0.31,0.33,0.01,0.02,75669.66,1776746074000
1776746076.16,276.16,0.66,0.67,0.33,0.34,0.01,0.01,75667.69,1776746075000
1776746076.51,276.51,0.56,0.57,0.36,0.37,0.01,0.01,75667.69,1776746075000
1776746076.854,276.854,0.58,0.6,0.4,0.43,0.02,0.03,75667.69,1776746075000
1776746077.353,277.353,0.58,0.59,0.4,0.44,0.01,0.04,75667.76,1776746076000
1776746077.734,277.734,0.58,0.59,0.41,0.42,0.01,0.01,75667.76,1776746076000
1776746078.071,278.071,0.5,0.51,0.49,0.5,0.01,0.01,75668.0,1776746077000
1776746078.439,278.439,0.32,0.38,0.62,0.68,0.06,0.06,75668.0,1776746077000
1776746078.8,278.8,0.33,0.34,0.66,0.67,0.01,0.01,75668.0,1776746077000
1776746079.215,279.215,0.33,0.34,0.66,0.67,0.01,0.01,75667.94,1776746078000
1776746079.692,279.692,0.29,0.3,0.67,0.7,0.01,0.03,75667.94,1776746078000
1776746080.326,280.326,0.3,0.31,0.69,0.71,0.01,0.02,75667.94,1776746078000
1776746080.664,280.664,0.36,0.42,0.58,0.64,0.06,0.06,75660.14,1776746079000
1776746081.342,281.342,0.31,0.37,0.62,0.66,0.06,0.04,75660.14,1776746079000
1776746081.828,281.828,0.31,0.37,0.63,0.69,0.06,0.06,75660.14,1776746079000
1776746082.179,282.179,0.36,0.38,0.63,0.64,0.02,0.01,75659.13,1776746080000
1776746082.624,282.624,0.32,0.33,0.65,0.68,0.01,0.03,75659.13,1776746080000
1776746083.032,283.032,0.33,0.34,0.65,0.67,0.01,0.02,75659.13,1776746081000
1776746083.377,283.377,0.34,0.37,0.64,0.66,0.03,0.02,75659.13,1776746081000
1776746083.808,283.808,0.35,0.37,0.63,0.64,0.02,0.01,75659.13,1776746082000
1776746084.167,284.167,0.39,0.41,0.59,0.6,0.02,0.01,75659.13,1776746082000
1776746084.511,284.511,0.33,0.34,0.66,0.67,0.01,0.01,75659.41,1776746083000
1776746084.939,284.939,0.31,0.32,0.67,0.68,0.01,0.01,75659.41,1776746083000
1776746085.306,285.306,0.32,0.33,0.68,0.69,0.01,0.01,75659.41,1776746083000
1776746085.644,285.644,0.33,0.34,0.66,0.67,0.01,0.01,75659.41,1776746084000
1776746086.089,286.089,0.32,0.34,0.66,0.67,0.02,0.01,75659.41,1776746084000
1776746086.515,286.515,0.3,0.31,0.69,0.7,0.01,0.01,75659.41,1776746084000
1776746086.859,286.859,0.3,0.31,0.69,0.7,0.01,0.01,75659.44,1776746085000
1776746087.198,287.198,0.29,0.3,0.69,0.7,0.01,0.01,75659.44,1776746085000
1776746087.614,287.614,0.28,0.29,0.71,0.72,0.01,0.01,75659.51,1776746086000
1776746087.964,287.964,0.27,0.3,0.69,0.74,0.03,0.05,75659.51,1776746086000
1776746088.325,288.325,0.27,0.28,0.71,0.73,0.01,0.02,75658.51,1776746087000
1776746088.691,288.691,0.32,0.4,0.68,0.69,0.08,0.01,75658.51,1776746087000
1776746089.081,289.081,0.36,0.37,0.63,0.64,0.01,0.01,75658.51,1776746087000
1776746089.541,289.541,0.28,0.38,0.65,0.73,0.1,0.08,75658.36,1776746088000
1776746090.27,290.27,0.36,0.37,0.62,0.66,0.01,0.04,75658.36,1776746088000
1776746090.606,290.606,0.36,0.37,0.63,0.64,0.01,0.01,75658.42,1776746089000
1776746091.031,291.031,0.39,0.42,0.58,0.61,0.03,0.03,75658.34,1776746090000
1776746091.633,291.633,0.48,0.49,0.51,0.52,0.01,0.01,75658.34,1776746090000
1776746092.015,292.015,0.44,0.45,0.55,0.56,0.01,0.01,75658.34,1776746090000
1776746092.441,292.441,0.41,0.42,0.55,0.58,0.01,0.03,75658.42,1776746091000
1776746092.899,292.899,0.31,0.33,0.61,0.65,0.02,0.04,75658.42,1776746091000
1776746093.237,293.237,0.31,0.36,0.61,0.7,0.05,0.09,75658.53,1776746092000
1776746093.685,293.685,0.37,0.48,0.61,0.66,0.11,0.05,75658.53,1776746092000
1776746094.063,294.063,0.49,0.5,0.5,0.52,0.01,0.02,75658.53,1776746092000
1776746094.443,294.443,0.32,0.33,0.67,0.68,0.01,0.01,75658.48,1776746093000
1776746094.812,294.812,0.32,0.33,0.67,0.8,0.01,0.13,75658.48,1776746093000
1776746095.159,295.159,0.23,0.25,0.76,0.77,0.02,0.01,75658.48,1776746093000
1776746095.533,295.533,0.16,0.17,0.83,0.84,0.01,0.01,75658.48,1776746094000
1776746095.899,295.899,0.13,0.28,0.73,0.88,0.15,0.15,75658.48,1776746094000
1776746096.271,296.271,0.17,0.2,0.78,0.84,0.03,0.06,75658.48,1776746094000
1776746096.606,296.606,0.26,0.33,0.71,0.74,0.07,0.03,75660.62,1776746095000
1776746096.986,296.986,0.29,0.3,0.7,0.71,0.01,0.01,75660.62,1776746095000
1776746097.321,297.321,0.04,0.05,0.95,0.96,0.01,0.01,75661.1,1776746096000
1776746097.679,297.679,0.02,0.03,0.97,0.98,0.01,0.01,75661.1,1776746096000
1776746098.02,298.02,0.01,0.03,0.98,0.99,0.02,0.01,75661.1,1776746096000
1776746098.356,298.356,0.01,0.02,0.98,0.99,0.01,0.01,75660.66,1776746097000
1776746098.693,298.693,0.01,0.03,0.98,0.99,0.02,0.01,75660.66,1776746097000
1776746099.034,299.034,0.01,0.01,0.99,0.99,0.0,0.0,75660.66,1776746097000
1776746099.376,299.376,0.01,0.01,0.99,0.99,0.0,0.0,75650.14,1776746098000
1776746099.86,299.86,0.01,0.01,0.99,0.99,0.0,0.0,75650.14,1776746098000
1776746100.21,300.21,0.01,0.01,0.99,0.99,0.0,0.0,75650.14,1776746098000
1776746100.544,300.544,0.01,0.01,0.99,0.99,0.0,0.0,75650.14,1776746098000
1776746100.903,300.903,0.01,0.01,0.99,0.99,0.0,0.0,75644.98,1776746099000
1776746101.866,301.866,0.01,0.01,0.99,0.99,0.0,0.0,75644.14,1776746100000
1776746102.414,302.414,0.01,0.01,0.99,0.99,0.0,0.0,75646.29,1776746101000

# RESULT,winner=Down,slug=btc-updown-5m-1776745800,ticks=669
