timestamp,elapsed_sec,up_bid,up_ask,down_bid,down_ask,up_spread,down_spread,btc_price,btc_oracle_ts
1775949600.655,0.655,0.44,0.45,0.55,0.56,0.01,0.01,73143.32,1775949598000
1775949600.995,0.995,0.44,0.45,0.55,0.56,0.01,0.01,73146.21,1775949599000
1775949601.379,1.379,0.44,0.45,0.55,0.56,0.01,0.01,73146.21,1775949599000
1775949601.788,1.788,0.44,0.45,0.55,0.56,0.01,0.01,73146.21,1775949599000
1775949602.181,2.181,0.45,0.46,0.54,0.55,0.01,0.01,73146.21,1775949599000
1775949602.702,2.702,0.49,0.5,0.49,0.51,0.01,0.02,73147.48,1775949601000
1775949603.051,3.051,0.52,0.53,0.47,0.48,0.01,0.01,73147.48,1775949601000
1775949603.501,3.501,0.52,0.53,0.47,0.48,0.01,0.01,73147.88,1775949602000
1775949604.152,4.152,0.53,0.54,0.46,0.47,0.01,0.01,73147.88,1775949602000
1775949604.716,4.716,0.54,0.55,0.45,0.46,0.01,0.01,73147.94,1775949603000
1775949605.154,5.154,0.54,0.55,0.45,0.46,0.01,0.01,73147.94,1775949603000
1775949605.493,5.493,0.53,0.54,0.46,0.47,0.01,0.01,73148.42,1775949604000
1775949605.898,5.898,0.54,0.55,0.45,0.46,0.01,0.01,73148.42,1775949604000
1775949606.232,6.232,0.54,0.55,0.45,0.46,0.01,0.01,73148.49,1775949605000
1775949606.854,6.854,0.54,0.57,0.45,0.46,0.03,0.01,73148.49,1775949605000
1775949607.247,7.247,0.56,0.57,0.43,0.44,0.01,0.01,73148.71,1775949606000
1775949607.689,7.689,0.57,0.58,0.42,0.43,0.01,0.01,73148.71,1775949606000
1775949608.038,8.038,0.61,0.62,0.38,0.4,0.01,0.02,73148.71,1775949606000
1775949608.371,8.371,0.61,0.62,0.38,0.39,0.01,0.01,73148.72,1775949607000
1775949608.803,8.803,0.62,0.63,0.38,0.39,0.01,0.01,73148.72,1775949607000
1775949609.145,9.145,0.62,0.63,0.37,0.38,0.01,0.01,73148.72,1775949607000
1775949609.489,9.489,0.62,0.63,0.38,0.39,0.01,0.01,73150.36,1775949608000
1775949610.032,10.032,0.62,0.63,0.37,0.38,0.01,0.01,73150.36,1775949608000
1775949610.452,10.452,0.61,0.62,0.38,0.39,0.01,0.01,73153.28,1775949609000
1775949610.82,10.82,0.61,0.62,0.38,0.39,0.01,0.01,73153.28,1775949609000
1775949611.257,11.257,0.61,0.62,0.38,0.39,0.01,0.01,73156.22,1775949610000
1775949611.713,11.713,0.61,0.62,0.38,0.39,0.01,0.01,73156.22,1775949610000
1775949612.175,12.175,0.61,0.62,0.38,0.39,0.01,0.01,73156.22,1775949610000
1775949612.61,12.61,0.6,0.62,0.38,0.39,0.02,0.01,73156.26,1775949611000
1775949613.002,13.002,0.6,0.61,0.38,0.39,0.01,0.01,73156.26,1775949611000
1775949613.401,13.401,0.61,0.62,0.38,0.39,0.01,0.01,73156.28,1775949612000
1775949614.021,14.021,0.61,0.62,0.38,0.39,0.01,0.01,73156.28,1775949612000
1775949614.541,14.541,0.6,0.61,0.39,0.4,0.01,0.01,73156.17,1775949613000
1775949614.969,14.969,0.61,0.63,0.38,0.39,0.02,0.01,73156.17,1775949613000
1775949615.302,15.302,0.63,0.64,0.36,0.37,0.01,0.01,73156.17,1775949613000
1775949615.653,15.653,0.63,0.64,0.36,0.37,0.01,0.01,73156.32,1775949614000
1775949616.029,16.029,0.63,0.64,0.36,0.37,0.01,0.01,73156.33,1775949615000
1775949616.438,16.438,0.63,0.64,0.36,0.37,0.01,0.01,73156.33,1775949615000
1775949616.781,16.781,0.62,0.63,0.36,0.38,0.01,0.02,73156.33,1775949615000
1775949617.115,17.115,0.62,0.63,0.37,0.38,0.01,0.01,73156.33,1775949615000
1775949617.503,17.503,0.64,0.65,0.35,0.36,0.01,0.01,73156.27,1775949616000
1775949617.842,17.842,0.64,0.65,0.35,0.36,0.01,0.01,73157.13,1775949617000
1775949618.228,18.228,0.65,0.66,0.34,0.35,0.01,0.01,73157.13,1775949617000
1775949618.679,18.679,0.68,0.69,0.31,0.32,0.01,0.01,73157.13,1775949617000
1775949619.058,19.058,0.68,0.69,0.31,0.32,0.01,0.01,73157.13,1775949617000
1775949619.391,19.391,0.7,0.72,0.28,0.3,0.02,0.02,73157.79,1775949618000
1775949619.846,19.846,0.72,0.73,0.27,0.28,0.01,0.01,73157.79,1775949618000
1775949620.255,20.255,0.72,0.73,0.27,0.28,0.01,0.01,73157.79,1775949618000
1775949620.594,20.594,0.7,0.71,0.28,0.3,0.01,0.02,73158.75,1775949619000
1775949621.03,21.03,0.66,0.67,0.33,0.34,0.01,0.01,73158.75,1775949619000
1775949621.402,21.402,0.66,0.67,0.33,0.34,0.01,0.01,73161.42,1775949620000
1775949621.787,21.787,0.67,0.68,0.31,0.33,0.01,0.02,73161.42,1775949620000
1775949622.232,22.232,0.68,0.69,0.31,0.32,0.01,0.01,73161.42,1775949620000
1775949622.718,22.718,0.69,0.7,0.3,0.31,0.01,0.01,73164.77,1775949621000
1775949623.152,23.152,0.69,0.7,0.3,0.31,0.01,0.01,73164.77,1775949621000
1775949623.647,23.647,0.69,0.7,0.3,0.31,0.01,0.01,73165.26,1775949622000
1775949624.08,24.08,0.72,0.73,0.27,0.28,0.01,0.01,73165.26,1775949622000
1775949624.415,24.415,0.73,0.74,0.26,0.27,0.01,0.01,73165.26,1775949623000
1775949624.79,24.79,0.74,0.75,0.25,0.26,0.01,0.01,73165.26,1775949623000
1775949625.148,25.148,0.74,0.75,0.25,0.26,0.01,0.01,73165.64,1775949624000
1775949625.486,25.486,0.74,0.75,0.25,0.26,0.01,0.01,73165.64,1775949624000
1775949625.823,25.823,0.76,0.78,0.21,0.23,0.02,0.02,73165.64,1775949624000
1775949626.168,26.168,0.77,0.78,0.22,0.23,0.01,0.01,73167.07,1775949625000
1775949626.507,26.507,0.75,0.76,0.23,0.25,0.01,0.02,73167.07,1775949625000
1775949626.973,26.973,0.74,0.75,0.24,0.25,0.01,0.01,73167.07,1775949625000
1775949627.354,27.354,0.74,0.75,0.25,0.26,0.01,0.01,73174.0,1775949626000
1775949627.902,27.902,0.74,0.75,0.25,0.26,0.01,0.01,73174.0,1775949626000
1775949628.285,28.285,0.75,0.76,0.24,0.25,0.01,0.01,73173.88,1775949627000
1775949628.721,28.721,0.75,0.76,0.24,0.25,0.01,0.01,73173.88,1775949627000
1775949629.359,29.359,0.74,0.75,0.25,0.26,0.01,0.01,73173.88,1775949627000
1775949629.725,29.725,0.74,0.75,0.25,0.26,0.01,0.01,73173.77,1775949628000
1775949630.131,30.131,0.74,0.75,0.25,0.26,0.01,0.01,73173.77,1775949628000
1775949630.528,30.528,0.73,0.74,0.26,0.28,0.01,0.02,73173.85,1775949629000
1775949630.889,30.889,0.7,0.71,0.28,0.3,0.01,0.02,73173.85,1775949629000
1775949631.25,31.25,0.7,0.71,0.29,0.3,0.01,0.01,73173.85,1775949630000
1775949631.764,31.764,0.7,0.72,0.29,0.3,0.02,0.01,73173.85,1775949630000
1775949632.189,32.189,0.7,0.71,0.29,0.3,0.01,0.01,73173.87,1775949631000
1775949632.922,32.922,0.7,0.71,0.29,0.3,0.01,0.01,73173.87,1775949631000
1775949633.416,33.416,0.7,0.71,0.29,0.3,0.01,0.01,73172.18,1775949632000
1775949633.754,33.754,0.69,0.7,0.3,0.31,0.01,0.01,73172.18,1775949632000
1775949634.198,34.198,0.69,0.7,0.3,0.31,0.01,0.01,73172.18,1775949632000
1775949634.648,34.648,0.68,0.7,0.3,0.31,0.02,0.01,73172.18,1775949633000
1775949635.032,35.032,0.66,0.67,0.31,0.34,0.01,0.03,73172.18,1775949633000
1775949635.562,35.562,0.66,0.67,0.33,0.34,0.01,0.01,73172.36,1775949634000
1775949636.094,36.094,0.66,0.67,0.33,0.34,0.01,0.01,73172.36,1775949634000
1775949636.55,36.55,0.67,0.68,0.32,0.33,0.01,0.01,73172.36,1775949635000
1775949637.14,37.14,0.66,0.67,0.33,0.34,0.01,0.01,73172.36,1775949635000
1775949637.665,37.665,0.66,0.67,0.33,0.34,0.01,0.01,73172.45,1775949636000
1775949638.023,38.023,0.66,0.67,0.33,0.34,0.01,0.01,73172.45,1775949636000
1775949638.4,38.4,0.66,0.67,0.33,0.34,0.01,0.01,73172.52,1775949637000
1775949638.92,38.92,0.66,0.67,0.33,0.34,0.01,0.01,73172.52,1775949637000
1775949639.284,39.284,0.66,0.67,0.33,0.34,0.01,0.01,73172.61,1775949638000
1775949639.684,39.684,0.67,0.68,0.33,0.34,0.01,0.01,73172.61,1775949638000
1775949640.172,40.172,0.68,0.69,0.31,0.33,0.01,0.02,73172.61,1775949638000
1775949640.688,40.688,0.67,0.68,0.31,0.32,0.01,0.01,73172.61,1775949639000
1775949641.169,41.169,0.66,0.67,0.33,0.34,0.01,0.01,73172.61,1775949639000
1775949641.844,41.844,0.66,0.67,0.33,0.34,0.01,0.01,73172.61,1775949640000
1775949642.786,42.786,0.66,0.67,0.33,0.34,0.01,0.01,73172.61,1775949640000
1775949643.158,43.158,0.66,0.67,0.33,0.34,0.01,0.01,73172.73,1775949641000
1775949643.532,43.532,0.66,0.67,0.33,0.34,0.01,0.01,73172.88,1775949642000
1775949644.096,44.096,0.66,0.67,0.33,0.34,0.01,0.01,73172.88,1775949643000
1775949644.687,44.687,0.66,0.67,0.33,0.34,0.01,0.01,73172.88,1775949643000
1775949645.089,45.089,0.66,0.67,0.33,0.34,0.01,0.01,73172.88,1775949643000
1775949645.441,45.441,0.65,0.66,0.33,0.35,0.01,0.02,73172.57,1775949644000
1775949645.941,45.941,0.65,0.66,0.34,0.35,0.01,0.01,73172.57,1775949644000
1775949646.278,46.278,0.65,0.66,0.34,0.35,0.01,0.01,73172.57,1775949644000
1775949646.638,46.638,0.65,0.66,0.34,0.35,0.01,0.01,73172.66,1775949645000
1775949647.028,47.028,0.65,0.66,0.34,0.35,0.01,0.01,73172.66,1775949646000
1775949647.496,47.496,0.65,0.66,0.34,0.35,0.01,0.01,73172.66,1775949646000
1775949647.936,47.936,0.58,0.59,0.41,0.42,0.01,0.01,73172.66,1775949646000
1775949648.339,48.339,0.58,0.59,0.41,0.42,0.01,0.01,73172.66,1775949647000
1775949648.71,48.71,0.58,0.59,0.41,0.42,0.01,0.01,73172.66,1775949647000
1775949649.143,49.143,0.58,0.59,0.4,0.41,0.01,0.01,73172.66,1775949647000
1775949649.593,49.593,0.59,0.6,0.4,0.41,0.01,0.01,73172.24,1775949648000
1775949650.001,50.001,0.59,0.6,0.4,0.41,0.01,0.01,73168.5,1775949649000
1775949650.369,50.369,0.59,0.6,0.4,0.41,0.01,0.01,73168.5,1775949649000
1775949651.139,51.139,0.59,0.62,0.4,0.41,0.03,0.01,73168.5,1775949649000
1775949651.525,51.525,0.61,0.63,0.36,0.41,0.02,0.05,73168.07,1775949650000
1775949652.041,52.041,0.6,0.61,0.38,0.39,0.01,0.01,73168.07,1775949650000
1775949652.399,52.399,0.59,0.6,0.4,0.41,0.01,0.01,73167.89,1775949651000
1775949652.739,52.739,0.59,0.6,0.4,0.41,0.01,0.01,73167.89,1775949651000
1775949653.163,53.163,0.59,0.6,0.4,0.41,0.01,0.01,73167.89,1775949651000
1775949653.537,53.537,0.52,0.55,0.45,0.47,0.03,0.02,73167.7,1775949652000
1775949653.88,53.88,0.51,0.53,0.47,0.48,0.02,0.01,73167.7,1775949652000
1775949654.233,54.233,0.51,0.52,0.48,0.49,0.01,0.01,73167.7,1775949652000
1775949654.813,54.813,0.51,0.52,0.48,0.49,0.01,0.01,73165.71,1775949653000
1775949655.2,55.2,0.51,0.52,0.48,0.49,0.01,0.01,73165.71,1775949653000
1775949655.539,55.539,0.51,0.52,0.48,0.49,0.01,0.01,73161.09,1775949654000
1775949655.909,55.909,0.51,0.52,0.48,0.49,0.01,0.01,73154.16,1775949655000
1775949656.415,56.415,0.51,0.52,0.48,0.49,0.01,0.01,73154.16,1775949655000
1775949656.88,56.88,0.51,0.52,0.48,0.49,0.01,0.01,73154.16,1775949655000
1775949657.261,57.261,0.51,0.52,0.48,0.49,0.01,0.01,73154.16,1775949655000
1775949657.618,57.618,0.51,0.52,0.48,0.49,0.01,0.01,73153.4,1775949656000
1775949657.989,57.989,0.51,0.52,0.48,0.49,0.01,0.01,73152.86,1775949657000
1775949658.426,58.426,0.51,0.52,0.48,0.49,0.01,0.01,73152.86,1775949657000
1775949658.777,58.777,0.51,0.52,0.48,0.49,0.01,0.01,73152.86,1775949657000
1775949659.408,59.408,0.5,0.52,0.48,0.49,0.02,0.01,73152.86,1775949657000
1775949659.787,59.787,0.5,0.51,0.49,0.5,0.01,0.01,73153.29,1775949658000
1775949660.353,60.353,0.5,0.51,0.49,0.5,0.01,0.01,73152.94,1775949659000
1775949660.842,60.842,0.5,0.51,0.49,0.5,0.01,0.01,73152.94,1775949659000
1775949661.235,61.235,0.53,0.55,0.46,0.47,0.02,0.01,73152.87,1775949660000
1775949661.914,61.914,0.55,0.56,0.45,0.46,0.01,0.01,73152.87,1775949660000
1775949662.291,62.291,0.55,0.56,0.44,0.45,0.01,0.01,73152.87,1775949660000
1775949662.901,62.901,0.55,0.56,0.44,0.45,0.01,0.01,73151.94,1775949662000
1775949663.257,63.257,0.56,0.57,0.43,0.45,0.01,0.02,73151.94,1775949662000
1775949663.823,63.823,0.56,0.57,0.43,0.44,0.01,0.01,73151.94,1775949662000
1775949664.185,64.185,0.56,0.58,0.42,0.44,0.02,0.02,73154.01,1775949663000
1775949664.564,64.564,0.59,0.6,0.4,0.41,0.01,0.01,73154.01,1775949663000
1775949665.032,65.032,0.59,0.6,0.4,0.41,0.01,0.01,73154.01,1775949663000
1775949665.393,65.393,0.6,0.61,0.39,0.4,0.01,0.01,73154.05,1775949664000
1775949665.82,65.82,0.6,0.61,0.39,0.4,0.01,0.01,73154.05,1775949664000
1775949666.26,66.26,0.6,0.61,0.39,0.4,0.01,0.01,73154.13,1775949665000
1775949666.908,66.908,0.6,0.61,0.39,0.4,0.01,0.01,73154.13,1775949665000
1775949667.317,67.317,0.6,0.61,0.39,0.4,0.01,0.01,73154.29,1775949666000
1775949667.851,67.851,0.57,0.61,0.39,0.4,0.04,0.01,73154.29,1775949666000
1775949668.277,68.277,0.59,0.6,0.4,0.41,0.01,0.01,73154.17,1775949667000
1775949669.355,69.355,0.6,0.61,0.4,0.41,0.01,0.01,73154.17,1775949667000
1775949669.941,69.941,0.6,0.61,0.39,0.4,0.01,0.01,73154.21,1775949668000
1775949670.423,70.423,0.6,0.61,0.39,0.4,0.01,0.01,73154.93,1775949669000
1775949671.11,71.11,0.6,0.61,0.39,0.4,0.01,0.01,73154.89,1775949670000
1775949671.662,71.662,0.61,0.62,0.36,0.4,0.01,0.04,73154.89,1775949670000
1775949672.165,72.165,0.62,0.63,0.38,0.39,0.01,0.01,73154.89,1775949670000
1775949672.501,72.501,0.62,0.63,0.37,0.38,0.01,0.01,73154.89,1775949670000
1775949672.896,72.896,0.62,0.63,0.37,0.38,0.01,0.01,73155.38,1775949671000
1775949673.263,73.263,0.61,0.62,0.37,0.38,0.01,0.01,73155.38,1775949671000
1775949673.632,73.632,0.61,0.62,0.37,0.38,0.01,0.01,73155.41,1775949672000
1775949674.018,74.018,0.66,0.67,0.33,0.35,0.01,0.02,73155.41,1775949672000
1775949674.488,74.488,0.68,0.69,0.31,0.32,0.01,0.01,73155.41,1775949672000
1775949674.897,74.897,0.68,0.69,0.31,0.32,0.01,0.01,73155.41,1775949673000
1775949675.322,75.322,0.68,0.69,0.31,0.32,0.01,0.01,73155.41,1775949673000
1775949675.824,75.824,0.68,0.69,0.31,0.32,0.01,0.01,73155.41,1775949673000
1775949676.188,76.188,0.68,0.69,0.31,0.32,0.01,0.01,73155.7,1775949674000
1775949676.766,76.766,0.68,0.69,0.32,0.33,0.01,0.01,73155.7,1775949674000
1775949677.246,77.246,0.67,0.69,0.31,0.32,0.02,0.01,73160.99,1775949675000
1775949677.615,77.615,0.68,0.69,0.31,0.33,0.01,0.02,73162.93,1775949676000
1775949677.979,77.979,0.68,0.69,0.31,0.32,0.01,0.01,73162.93,1775949676000
1775949678.322,78.322,0.68,0.69,0.31,0.32,0.01,0.01,73162.93,1775949677000
1775949678.696,78.696,0.68,0.69,0.31,0.32,0.01,0.01,73162.93,1775949677000
1775949679.137,79.137,0.67,0.69,0.31,0.32,0.02,0.01,73162.93,1775949677000
1775949679.495,79.495,0.68,0.69,0.31,0.32,0.01,0.01,73162.93,1775949677000
1775949679.862,79.862,0.7,0.71,0.29,0.3,0.01,0.01,73162.94,1775949678000
1775949680.198,80.198,0.7,0.71,0.29,0.3,0.01,0.01,73162.94,1775949679000
1775949680.566,80.566,0.76,0.77,0.23,0.25,0.01,0.02,73162.94,1775949679000
1775949680.908,80.908,0.76,0.77,0.23,0.24,0.01,0.01,73162.94,1775949679000
1775949681.274,81.274,0.74,0.75,0.25,0.26,0.01,0.01,73162.94,1775949679000
1775949681.658,81.658,0.75,0.76,0.24,0.25,0.01,0.01,73162.82,1775949680000
1775949682.033,82.033,0.74,0.75,0.24,0.25,0.01,0.01,73162.82,1775949680000
1775949682.395,82.395,0.73,0.75,0.25,0.26,0.02,0.01,73162.93,1775949681000
1775949682.765,82.765,0.73,0.74,0.26,0.27,0.01,0.01,73162.93,1775949681000
1775949683.275,83.275,0.72,0.73,0.28,0.29,0.01,0.01,73162.93,1775949681000
1775949683.632,83.632,0.72,0.73,0.28,0.29,0.01,0.01,73165.03,1775949682000
1775949683.974,83.974,0.78,0.79,0.21,0.23,0.01,0.02,73165.03,1775949682000
1775949684.308,84.308,0.78,0.79,0.21,0.22,0.01,0.01,73165.71,1775949683000
1775949684.669,84.669,0.78,0.79,0.21,0.22,0.01,0.01,73165.71,1775949683000
1775949685.136,85.136,0.78,0.79,0.21,0.22,0.01,0.01,73165.71,1775949683000
1775949685.512,85.512,0.78,0.79,0.21,0.22,0.01,0.01,73171.62,1775949684000
1775949685.89,85.89,0.77,0.78,0.22,0.23,0.01,0.01,73171.62,1775949684000
1775949686.247,86.247,0.74,0.76,0.24,0.26,0.02,0.02,73171.62,1775949684000
1775949686.963,86.963,0.64,0.65,0.33,0.37,0.01,0.04,73171.62,1775949684000
1775949687.297,87.297,0.64,0.65,0.35,0.36,0.01,0.01,73178.37,1775949685000
1775949687.641,87.641,0.64,0.65,0.35,0.36,0.01,0.01,73178.37,1775949685000
1775949687.985,87.985,0.63,0.65,0.35,0.36,0.02,0.01,73177.78,1775949686000
1775949688.342,88.342,0.63,0.64,0.36,0.37,0.01,0.01,73177.78,1775949686000
1775949688.916,88.916,0.63,0.64,0.36,0.37,0.01,0.01,73171.74,1775949687000
1775949689.282,89.282,0.63,0.64,0.36,0.37,0.01,0.01,73166.78,1775949688000
1775949689.636,89.636,0.63,0.64,0.36,0.37,0.01,0.01,73166.78,1775949688000
1775949690.167,90.167,0.63,0.64,0.36,0.37,0.01,0.01,73166.78,1775949688000
1775949690.715,90.715,0.63,0.64,0.36,0.37,0.01,0.01,73166.78,1775949688000
1775949691.159,91.159,0.63,0.64,0.36,0.37,0.01,0.01,73165.12,1775949689000
1775949691.499,91.499,0.63,0.64,0.36,0.37,0.01,0.01,73165.12,1775949689000
1775949691.866,91.866,0.63,0.64,0.36,0.37,0.01,0.01,73164.8,1775949690000
1775949692.371,92.371,0.63,0.64,0.36,0.37,0.01,0.01,73164.41,1775949691000
1775949692.775,92.775,0.63,0.64,0.36,0.37,0.01,0.01,73164.41,1775949691000
1775949693.958,93.958,0.63,0.64,0.36,0.37,0.01,0.01,73164.43,1775949693000
1775949694.572,94.572,0.63,0.64,0.36,0.37,0.01,0.01,73164.43,1775949693000
1775949695.018,95.018,0.63,0.65,0.35,0.37,0.02,0.02,73164.41,1775949694000
1775949695.372,95.372,0.64,0.65,0.35,0.36,0.01,0.01,73164.41,1775949694000
1775949695.855,95.855,0.64,0.65,0.35,0.36,0.01,0.01,73164.41,1775949694000
1775949696.349,96.349,0.64,0.65,0.35,0.36,0.01,0.01,73163.92,1775949695000
1775949696.713,96.713,0.64,0.65,0.35,0.36,0.01,0.01,73163.92,1775949695000
1775949697.11,97.11,0.64,0.65,0.35,0.36,0.01,0.01,73163.16,1775949696000
1775949698.114,98.114,0.64,0.65,0.35,0.36,0.01,0.01,73163.06,1775949697000
1775949698.487,98.487,0.65,0.66,0.34,0.36,0.01,0.02,73163.06,1775949697000
1775949699.076,99.076,0.65,0.67,0.33,0.35,0.02,0.02,73163.05,1775949698000
1775949699.946,99.946,0.66,0.67,0.33,0.35,0.01,0.02,73163.05,1775949698000
1775949700.691,100.691,0.65,0.67,0.33,0.34,0.02,0.01,73163.29,1775949699000
1775949701.053,101.053,0.65,0.66,0.34,0.35,0.01,0.01,73163.44,1775949700000
1775949701.502,101.502,0.65,0.66,0.34,0.35,0.01,0.01,73163.44,1775949700000
1775949701.932,101.932,0.64,0.66,0.34,0.35,0.02,0.01,73163.44,1775949700000
1775949702.371,102.371,0.65,0.66,0.35,0.36,0.01,0.01,73163.59,1775949701000
1775949702.743,102.743,0.65,0.66,0.34,0.35,0.01,0.01,73163.59,1775949701000
1775949703.179,103.179,0.64,0.65,0.35,0.36,0.01,0.01,73163.61,1775949702000
1775949704.016,104.016,0.66,0.67,0.34,0.35,0.01,0.01,73163.61,1775949702000
1775949704.625,104.625,0.65,0.66,0.34,0.35,0.01,0.01,73163.71,1775949703000
1775949705.172,105.172,0.65,0.67,0.33,0.35,0.02,0.02,73163.71,1775949703000
1775949705.602,105.602,0.66,0.67,0.34,0.35,0.01,0.01,73165.31,1775949704000
1775949706.262,106.262,0.65,0.66,0.34,0.35,0.01,0.01,73165.33,1775949705000
1775949706.715,106.715,0.65,0.66,0.33,0.34,0.01,0.01,73165.33,1775949705000
1775949707.109,107.109,0.67,0.68,0.33,0.34,0.01,0.01,73165.33,1775949705000
1775949707.801,107.801,0.66,0.68,0.32,0.33,0.02,0.01,73165.33,1775949706000
1775949708.246,108.246,0.65,0.66,0.34,0.35,0.01,0.01,73165.35,1775949707000
1775949709.227,109.227,0.65,0.66,0.34,0.35,0.01,0.01,73164.95,1775949708000
1775949710.199,110.199,0.65,0.66,0.34,0.35,0.01,0.01,73164.95,1775949709000
1775949711.159,111.159,0.65,0.66,0.34,0.35,0.01,0.01,73164.95,1775949710000
1775949711.868,111.868,0.62,0.68,0.34,0.35,0.06,0.01,73164.95,1775949710000
1775949712.477,112.477,0.65,0.66,0.34,0.35,0.01,0.01,73164.95,1775949711000
1775949713.085,113.085,0.65,0.66,0.34,0.35,0.01,0.01,73164.95,1775949711000
1775949713.564,113.564,0.65,0.66,0.34,0.35,0.01,0.01,73164.82,1775949712000
1775949714.042,114.042,0.65,0.66,0.34,0.35,0.01,0.01,73164.82,1775949712000
1775949714.598,114.598,0.65,0.66,0.34,0.35,0.01,0.01,73164.89,1775949713000
1775949715.02,115.02,0.65,0.66,0.34,0.35,0.01,0.01,73164.89,1775949713000
1775949715.985,115.985,0.65,0.66,0.34,0.35,0.01,0.01,73165.35,1775949714000
1775949716.333,116.333,0.63,0.65,0.34,0.36,0.02,0.02,73165.35,1775949715000
1775949716.696,116.696,0.63,0.64,0.36,0.37,0.01,0.01,73165.35,1775949715000
1775949717.082,117.082,0.63,0.64,0.36,0.37,0.01,0.01,73165.35,1775949715000
1775949717.956,117.956,0.63,0.64,0.36,0.37,0.01,0.01,73165.45,1775949717000
1775949718.345,118.345,0.62,0.63,0.36,0.38,0.01,0.02,73165.45,1775949717000
1775949718.757,118.757,0.62,0.65,0.37,0.38,0.03,0.01,73165.45,1775949717000
1775949719.158,119.158,0.62,0.65,0.35,0.38,0.03,0.03,73165.38,1775949718000
1775949719.744,119.744,0.63,0.64,0.36,0.37,0.01,0.01,73165.38,1775949718000
1775949720.31,120.31,0.63,0.64,0.36,0.37,0.01,0.01,73165.38,1775949718000
1775949720.643,120.643,0.63,0.64,0.36,0.37,0.01,0.01,73165.28,1775949719000
1775949721.326,121.326,0.63,0.66,0.36,0.37,0.03,0.01,73165.28,1775949720000
1775949722.001,122.001,0.64,0.65,0.34,0.36,0.01,0.02,73165.28,1775949720000
1775949722.833,122.833,0.65,0.66,0.34,0.36,0.01,0.02,73165.31,1775949721000
1775949723.475,123.475,0.66,0.67,0.33,0.35,0.01,0.02,73165.31,1775949721000
1775949724.093,124.093,0.66,0.67,0.33,0.34,0.01,0.01,73165.31,1775949723000
1775949724.74,124.74,0.65,0.67,0.33,0.34,0.02,0.01,73165.31,1775949723000
1775949725.204,125.204,0.65,0.68,0.32,0.35,0.03,0.03,73165.34,1775949724000
1775949725.737,125.737,0.66,0.67,0.33,0.34,0.01,0.01,73165.34,1775949724000
1775949726.133,126.133,0.66,0.67,0.33,0.34,0.01,0.01,73165.34,1775949724000
1775949726.489,126.489,0.66,0.67,0.33,0.34,0.01,0.01,73165.34,1775949725000
1775949727.261,127.261,0.66,0.67,0.33,0.34,0.01,0.01,73165.34,1775949726000
1775949728.008,128.008,0.67,0.68,0.33,0.34,0.01,0.01,73165.34,1775949726000
1775949728.346,128.346,0.75,0.76,0.24,0.25,0.01,0.01,73165.34,1775949726000
1775949728.975,128.975,0.76,0.77,0.24,0.25,0.01,0.01,73165.3,1775949727000
1775949729.316,129.316,0.76,0.77,0.23,0.24,0.01,0.01,73165.3,1775949728000
1775949729.751,129.751,0.76,0.77,0.23,0.24,0.01,0.01,73165.3,1775949728000
1775949730.261,130.261,0.76,0.77,0.23,0.24,0.01,0.01,73169.11,1775949729000
1775949730.605,130.605,0.77,0.79,0.21,0.23,0.02,0.02,73169.11,1775949729000
1775949731.123,131.123,0.78,0.79,0.21,0.22,0.01,0.01,73169.11,1775949729000
1775949731.533,131.533,0.78,0.79,0.21,0.22,0.01,0.01,73173.63,1775949730000
1775949731.87,131.87,0.78,0.79,0.21,0.22,0.01,0.01,73173.63,1775949730000
1775949732.377,132.377,0.78,0.79,0.21,0.22,0.01,0.01,73173.63,1775949731000
1775949732.764,132.764,0.78,0.79,0.21,0.22,0.01,0.01,73173.63,1775949731000
1775949733.153,133.153,0.78,0.79,0.21,0.22,0.01,0.01,73173.63,1775949731000
1775949733.697,133.697,0.79,0.8,0.2,0.21,0.01,0.01,73175.1,1775949732000
1775949734.233,134.233,0.78,0.79,0.21,0.22,0.01,0.01,73175.1,1775949732000
1775949734.714,134.714,0.78,0.79,0.21,0.22,0.01,0.01,73175.1,1775949732000
1775949735.149,135.149,0.79,0.8,0.21,0.22,0.01,0.01,73175.96,1775949733000
1775949735.71,135.71,0.81,0.82,0.18,0.21,0.01,0.03,73175.96,1775949734000
1775949736.206,136.206,0.81,0.82,0.18,0.19,0.01,0.01,73177.34,1775949735000
1775949736.731,136.731,0.81,0.86,0.18,0.19,0.05,0.01,73177.34,1775949735000
1775949737.205,137.205,0.84,0.85,0.15,0.16,0.01,0.01,73177.34,1775949736000
1775949738.156,138.156,0.84,0.85,0.15,0.16,0.01,0.01,73177.35,1775949737000
1775949738.635,138.635,0.84,0.85,0.15,0.16,0.01,0.01,73177.35,1775949737000
1775949738.976,138.976,0.84,0.85,0.16,0.17,0.01,0.01,73177.35,1775949737000
1775949739.35,139.35,0.84,0.85,0.15,0.16,0.01,0.01,73177.35,1775949738000
1775949739.805,139.805,0.85,0.86,0.14,0.15,0.01,0.01,73177.35,1775949738000
1775949740.185,140.185,0.86,0.87,0.13,0.14,0.01,0.01,73177.49,1775949739000
1775949740.535,140.535,0.85,0.86,0.14,0.15,0.01,0.01,73177.49,1775949739000
1775949740.999,140.999,0.85,0.86,0.14,0.15,0.01,0.01,73177.49,1775949740000
1775949741.551,141.551,0.84,0.85,0.15,0.16,0.01,0.01,73177.49,1775949740000
1775949742.006,142.006,0.84,0.85,0.15,0.16,0.01,0.01,73177.38,1775949741000
1775949742.351,142.351,0.87,0.88,0.12,0.16,0.01,0.04,73177.38,1775949741000
1775949742.696,142.696,0.86,0.87,0.13,0.14,0.01,0.01,73177.38,1775949741000
1775949743.041,143.041,0.82,0.83,0.17,0.18,0.01,0.01,73177.34,1775949742000
1775949743.486,143.486,0.81,0.82,0.18,0.19,0.01,0.01,73177.34,1775949742000
1775949743.96,143.96,0.81,0.82,0.18,0.19,0.01,0.01,73177.34,1775949743000
1775949744.673,144.673,0.81,0.82,0.18,0.19,0.01,0.01,73177.34,1775949743000
1775949745.121,145.121,0.81,0.82,0.18,0.19,0.01,0.01,73177.77,1775949744000
1775949745.579,145.579,0.81,0.82,0.18,0.19,0.01,0.01,73177.77,1775949744000
1775949746.03,146.03,0.81,0.82,0.18,0.19,0.01,0.01,73178.14,1775949745000
1775949746.493,146.493,0.83,0.84,0.18,0.19,0.01,0.01,73178.14,1775949745000
1775949747.053,147.053,0.84,0.85,0.15,0.16,0.01,0.01,73178.14,1775949745000
1775949747.742,147.742,0.84,0.85,0.15,0.16,0.01,0.01,73178.13,1775949746000
1775949748.188,148.188,0.85,0.86,0.14,0.15,0.01,0.01,73178.13,1775949746000
1775949748.589,148.589,0.85,0.86,0.14,0.15,0.01,0.01,73178.46,1775949747000
1775949748.97,148.97,0.85,0.86,0.14,0.15,0.01,0.01,73178.55,1775949748000
1775949749.321,149.321,0.82,0.83,0.16,0.17,0.01,0.01,73178.55,1775949748000
1775949749.745,149.745,0.82,0.83,0.17,0.18,0.01,0.01,73178.55,1775949748000
1775949750.085,150.085,0.81,0.83,0.17,0.19,0.02,0.02,73178.52,1775949749000
1775949750.419,150.419,0.83,0.84,0.16,0.17,0.01,0.01,73178.52,1775949749000
1775949750.754,150.754,0.84,0.85,0.15,0.16,0.01,0.01,73178.52,1775949749000
1775949751.099,151.099,0.83,0.84,0.16,0.17,0.01,0.01,73178.2,1775949750000
1775949751.453,151.453,0.83,0.84,0.16,0.17,0.01,0.01,73178.2,1775949750000
1775949751.867,151.867,0.82,0.83,0.17,0.18,0.01,0.01,73178.2,1775949750000
1775949752.237,152.237,0.82,0.83,0.17,0.18,0.01,0.01,73177.91,1775949751000
1775949752.715,152.715,0.82,0.83,0.17,0.18,0.01,0.01,73177.91,1775949751000
1775949753.07,153.07,0.81,0.82,0.17,0.19,0.01,0.02,73177.91,1775949751000
1775949753.443,153.443,0.82,0.83,0.18,0.19,0.01,0.01,73178.17,1775949752000
1775949753.88,153.88,0.82,0.83,0.17,0.18,0.01,0.01,73178.17,1775949752000
1775949755.172,155.172,0.82,0.83,0.17,0.18,0.01,0.01,73178.31,1775949754000
1775949755.607,155.607,0.82,0.83,0.17,0.18,0.01,0.01,73178.31,1775949754000
1775949756.149,156.149,0.81,0.83,0.17,0.19,0.02,0.02,73178.32,1775949755000
1775949757.225,157.225,0.81,0.82,0.18,0.19,0.01,0.01,73178.29,1775949756000
1775949757.614,157.614,0.81,0.82,0.18,0.19,0.01,0.01,73178.29,1775949756000
1775949758.11,158.11,0.81,0.82,0.18,0.19,0.01,0.01,73178.29,1775949756000
1775949758.579,158.579,0.8,0.82,0.18,0.19,0.02,0.01,73178.29,1775949757000
1775949758.984,158.984,0.79,0.8,0.19,0.22,0.01,0.03,73178.29,1775949757000
1775949759.383,159.383,0.79,0.8,0.2,0.21,0.01,0.01,73178.3,1775949758000
1775949759.729,159.729,0.79,0.8,0.2,0.22,0.01,0.02,73178.3,1775949758000
1775949760.128,160.128,0.8,0.81,0.19,0.2,0.01,0.01,73178.33,1775949759000
1775949760.731,160.731,0.8,0.81,0.19,0.21,0.01,0.02,73178.33,1775949759000
1775949762.321,162.321,0.8,0.81,0.19,0.2,0.01,0.01,73178.33,1775949759000
1775949763.427,163.427,0.8,0.81,0.19,0.2,0.01,0.01,73175.57,1775949762000
1775949764.094,164.094,0.8,0.81,0.19,0.2,0.01,0.01,73175.57,1775949762000
1775949764.455,164.455,0.8,0.81,0.19,0.2,0.01,0.01,73175.57,1775949763000
1775949765.511,165.511,0.8,0.84,0.16,0.2,0.04,0.04,73176.11,1775949764000
1775949765.98,165.98,0.86,0.88,0.12,0.14,0.02,0.02,73176.11,1775949764000
1775949766.787,166.787,0.86,0.88,0.12,0.13,0.02,0.01,73176.34,1775949765000
1775949767.19,167.19,0.84,0.85,0.16,0.17,0.01,0.01,73176.34,1775949765000
1775949767.528,167.528,0.85,0.86,0.14,0.15,0.01,0.01,73176.67,1775949766000
1775949768.053,168.053,0.85,0.86,0.14,0.15,0.01,0.01,73177.32,1775949767000
1775949768.386,168.386,0.86,0.87,0.13,0.14,0.01,0.01,73177.32,1775949767000
1775949768.823,168.823,0.86,0.87,0.13,0.14,0.01,0.01,73177.32,1775949767000
1775949769.261,169.261,0.85,0.87,0.13,0.14,0.02,0.01,73178.44,1775949768000
1775949769.756,169.756,0.85,0.86,0.14,0.15,0.01,0.01,73178.44,1775949768000
1775949770.133,170.133,0.86,0.87,0.1,0.15,0.01,0.05,73178.44,1775949768000
1775949770.82,170.82,0.87,0.88,0.12,0.13,0.01,0.01,73178.5,1775949769000
1775949771.333,171.333,0.87,0.91,0.12,0.13,0.04,0.01,73178.5,1775949769000
1775949771.684,171.684,0.84,0.85,0.09,0.1,0.01,0.01,73178.94,1775949770000
1775949772.052,172.052,0.84,0.85,0.15,0.16,0.01,0.01,73178.94,1775949770000
1775949772.415,172.415,0.84,0.85,0.15,0.17,0.01,0.02,73178.99,1775949771000
1775949772.936,172.936,0.83,0.84,0.16,0.17,0.01,0.01,73178.99,1775949771000
1775949773.285,173.285,0.84,0.85,0.15,0.16,0.01,0.01,73178.99,1775949772000
1775949773.881,173.881,0.84,0.85,0.15,0.16,0.01,0.01,73178.99,1775949772000
1775949774.324,174.324,0.83,0.84,0.16,0.17,0.01,0.01,73179.03,1775949773000
1775949774.666,174.666,0.83,0.84,0.16,0.17,0.01,0.01,73179.03,1775949773000
1775949775.111,175.111,0.83,0.84,0.16,0.17,0.01,0.01,73179.03,1775949773000
1775949775.637,175.637,0.83,0.84,0.16,0.17,0.01,0.01,73179.03,1775949774000
1775949776.001,176.001,0.83,0.84,0.16,0.17,0.01,0.01,73179.03,1775949774000
1775949776.346,176.346,0.83,0.84,0.16,0.17,0.01,0.01,73179.03,1775949774000
1775949776.752,176.752,0.83,0.84,0.16,0.17,0.01,0.01,73179.03,1775949775000
1775949777.146,177.146,0.83,0.84,0.16,0.17,0.01,0.01,73179.03,1775949775000
1775949777.602,177.602,0.84,0.85,0.15,0.17,0.01,0.02,73179.14,1775949776000
1775949777.967,177.967,0.84,0.85,0.15,0.16,0.01,0.01,73179.14,1775949776000
1775949778.307,178.307,0.83,0.84,0.16,0.17,0.01,0.01,73179.14,1775949776000
1775949778.695,178.695,0.83,0.84,0.16,0.17,0.01,0.01,73179.06,1775949777000
1775949779.057,179.057,0.83,0.84,0.16,0.17,0.01,0.01,73179.06,1775949777000
1775949779.578,179.578,0.84,0.85,0.15,0.16,0.01,0.01,73179.1,1775949778000
1775949779.923,179.923,0.84,0.85,0.15,0.16,0.01,0.01,73179.1,1775949778000
1775949780.286,180.286,0.82,0.83,0.17,0.18,0.01,0.01,73179.25,1775949779000
1775949780.646,180.646,0.84,0.85,0.15,0.16,0.01,0.01,73179.25,1775949779000
1775949781.032,181.032,0.83,0.84,0.16,0.17,0.01,0.01,73179.25,1775949779000
1775949781.373,181.373,0.84,0.85,0.15,0.17,0.01,0.02,73179.25,1775949779000
1775949781.778,181.778,0.84,0.85,0.15,0.16,0.01,0.01,73186.51,1775949780000
1775949782.117,182.117,0.84,0.85,0.15,0.16,0.01,0.01,73186.51,1775949780000
1775949782.822,182.822,0.84,0.85,0.15,0.16,0.01,0.01,73186.51,1775949781000
1775949783.164,183.164,0.82,0.84,0.16,0.17,0.02,0.01,73186.51,1775949781000
1775949783.59,183.59,0.83,0.84,0.16,0.17,0.01,0.01,73186.51,1775949781000
1775949784.058,184.058,0.82,0.83,0.16,0.17,0.01,0.01,73186.91,1775949782000
1775949784.407,184.407,0.83,0.84,0.16,0.18,0.01,0.02,73186.91,1775949783000
1775949784.766,184.766,0.83,0.84,0.16,0.17,0.01,0.01,73186.91,1775949783000
1775949785.172,185.172,0.83,0.85,0.15,0.16,0.02,0.01,73186.91,1775949783000
1775949785.553,185.553,0.83,0.85,0.15,0.16,0.02,0.01,73186.97,1775949784000
1775949785.899,185.899,0.82,0.83,0.17,0.18,0.01,0.01,73186.97,1775949785000
1775949786.357,186.357,0.82,0.83,0.17,0.18,0.01,0.01,73186.97,1775949785000
1775949786.772,186.772,0.83,0.84,0.15,0.18,0.01,0.03,73186.97,1775949785000
1775949787.157,187.157,0.83,0.85,0.15,0.17,0.02,0.02,73186.97,1775949786000
1775949787.519,187.519,0.82,0.83,0.17,0.18,0.01,0.01,73186.97,1775949786000
1775949787.903,187.903,0.83,0.84,0.15,0.17,0.01,0.02,73186.97,1775949786000
1775949788.256,188.256,0.82,0.83,0.17,0.18,0.01,0.01,73186.99,1775949787000
1775949788.773,188.773,0.83,0.84,0.16,0.17,0.01,0.01,73186.99,1775949787000
1775949789.113,189.113,0.82,0.83,0.17,0.18,0.01,0.01,73186.99,1775949787000
1775949790.314,190.314,0.82,0.83,0.17,0.18,0.01,0.01,73187.03,1775949788000
1775949790.666,190.666,0.84,0.85,0.15,0.16,0.01,0.01,73187.03,1775949788000
1775949791.172,191.172,0.84,0.85,0.15,0.16,0.01,0.01,73187.21,1775949790000
1775949791.545,191.545,0.84,0.85,0.15,0.16,0.01,0.01,73187.21,1775949790000
1775949792.332,192.332,0.84,0.85,0.15,0.16,0.01,0.01,73187.21,1775949790000
1775949792.806,192.806,0.84,0.85,0.15,0.16,0.01,0.01,73192.36,1775949791000
1775949793.144,193.144,0.83,0.84,0.16,0.17,0.01,0.01,73192.36,1775949791000
1775949793.715,193.715,0.84,0.85,0.15,0.16,0.01,0.01,73193.94,1775949792000
1775949794.062,194.062,0.84,0.85,0.15,0.16,0.01,0.01,73194.22,1775949793000
1775949794.702,194.702,0.84,0.85,0.15,0.16,0.01,0.01,73194.22,1775949793000
1775949795.035,195.035,0.82,0.85,0.15,0.18,0.03,0.03,73194.22,1775949793000
1775949795.37,195.37,0.83,0.84,0.16,0.17,0.01,0.01,73195.0,1775949794000
1775949795.858,195.858,0.82,0.83,0.17,0.18,0.01,0.01,73195.0,1775949794000
1775949796.213,196.213,0.83,0.85,0.15,0.18,0.02,0.03,73195.93,1775949795000
1775949796.556,196.556,0.84,0.85,0.14,0.16,0.01,0.02,73195.93,1775949795000
1775949796.902,196.902,0.8,0.83,0.17,0.18,0.03,0.01,73195.93,1775949795000
1775949797.241,197.241,0.85,0.86,0.14,0.15,0.01,0.01,73196.76,1775949796000
1775949797.585,197.585,0.81,0.82,0.12,0.19,0.01,0.07,73196.76,1775949796000
1775949797.999,197.999,0.81,0.82,0.17,0.19,0.01,0.02,73196.76,1775949796000
1775949798.344,198.344,0.78,0.79,0.18,0.19,0.01,0.01,73196.76,1775949796000
1775949799.281,199.281,0.81,0.82,0.18,0.19,0.01,0.01,73198.66,1775949797000
1775949799.837,199.837,0.81,0.82,0.18,0.19,0.01,0.01,73201.13,1775949798000
1775949800.196,200.196,0.78,0.82,0.18,0.19,0.04,0.01,73201.13,1775949798000
1775949800.61,200.61,0.81,0.82,0.18,0.21,0.01,0.03,73201.13,1775949798000
1775949800.948,200.948,0.85,0.86,0.14,0.15,0.01,0.01,73203.48,1775949799000
1775949801.342,201.342,0.82,0.83,0.17,0.18,0.01,0.01,73203.48,1775949799000
1775949801.729,201.729,0.82,0.83,0.17,0.22,0.01,0.05,73203.48,1775949799000
1775949802.095,202.095,0.82,0.83,0.17,0.18,0.01,0.01,73201.99,1775949800000
1775949802.549,202.549,0.81,0.82,0.18,0.19,0.01,0.01,73201.99,1775949801000
1775949802.955,202.955,0.84,0.85,0.13,0.17,0.01,0.04,73201.99,1775949801000
1775949803.317,203.317,0.84,0.85,0.15,0.16,0.01,0.01,73202.03,1775949802000
1775949804.067,204.067,0.84,0.85,0.15,0.16,0.01,0.01,73202.03,1775949803000
1775949804.453,204.453,0.87,0.88,0.12,0.14,0.01,0.02,73202.03,1775949803000
1775949804.808,204.808,0.89,0.9,0.1,0.12,0.01,0.02,73202.03,1775949803000
1775949805.206,205.206,0.88,0.9,0.11,0.12,0.02,0.01,73202.03,1775949803000
1775949806.111,206.111,0.89,0.9,0.1,0.16,0.01,0.06,73202.03,1775949804000
1775949806.447,206.447,0.89,0.9,0.1,0.11,0.01,0.01,73202.03,1775949804000
1775949806.789,206.789,0.89,0.93,0.1,0.11,0.04,0.01,73203.3,1775949805000
1775949807.143,207.143,0.86,0.89,0.1,0.12,0.03,0.02,73203.3,1775949805000
1775949807.816,207.816,0.87,0.88,0.11,0.14,0.01,0.03,73204.3,1775949806000
1775949808.284,208.284,0.91,0.92,0.08,0.09,0.01,0.01,73204.41,1775949807000
1775949808.653,208.653,0.91,0.92,0.08,0.09,0.01,0.01,73204.41,1775949807000
1775949809.202,209.202,0.88,0.89,0.08,0.11,0.01,0.03,73204.41,1775949807000
1775949809.565,209.565,0.88,0.89,0.09,0.1,0.01,0.01,73204.41,1775949807000
1775949809.944,209.944,0.88,0.89,0.11,0.12,0.01,0.01,73205.02,1775949808000
1775949810.314,210.314,0.88,0.89,0.11,0.12,0.01,0.01,73205.2,1775949809000
1775949810.723,210.723,0.88,0.89,0.11,0.12,0.01,0.01,73205.2,1775949809000
1775949811.057,211.057,0.9,0.91,0.09,0.1,0.01,0.01,73205.2,1775949810000
1775949811.412,211.412,0.88,0.89,0.12,0.13,0.01,0.01,73205.2,1775949810000
1775949811.846,211.846,0.88,0.89,0.11,0.12,0.01,0.01,73205.2,1775949810000
1775949812.408,212.408,0.87,0.88,0.13,0.14,0.01,0.01,73205.2,1775949811000
1775949812.748,212.748,0.84,0.87,0.12,0.14,0.03,0.02,73205.2,1775949811000
1775949813.119,213.119,0.83,0.84,0.16,0.17,0.01,0.01,73205.2,1775949812000
1775949813.484,213.484,0.83,0.84,0.16,0.17,0.01,0.01,73205.2,1775949812000
1775949813.997,213.997,0.83,0.87,0.13,0.17,0.04,0.04,73204.81,1775949813000
1775949814.387,214.387,0.82,0.86,0.14,0.18,0.04,0.04,73204.81,1775949813000
1775949814.777,214.777,0.84,0.85,0.13,0.19,0.01,0.06,73204.81,1775949813000
1775949815.225,215.225,0.8,0.81,0.17,0.2,0.01,0.03,73204.62,1775949814000
1775949815.822,215.822,0.83,0.84,0.18,0.19,0.01,0.01,73204.62,1775949814000
1775949816.178,216.178,0.81,0.82,0.16,0.17,0.01,0.01,73204.51,1775949815000
1775949816.605,216.605,0.84,0.85,0.11,0.18,0.01,0.07,73204.51,1775949815000
1775949817.197,217.197,0.84,0.9,0.1,0.16,0.06,0.06,73202.59,1775949816000
1775949817.574,217.574,0.8,0.89,0.15,0.19,0.09,0.04,73202.59,1775949816000
1775949817.928,217.928,0.81,0.82,0.14,0.17,0.01,0.03,73202.59,1775949816000
1775949818.279,218.279,0.8,0.81,0.19,0.2,0.01,0.01,73204.38,1775949817000
1775949818.691,218.691,0.84,0.85,0.15,0.16,0.01,0.01,73204.38,1775949817000
1775949819.027,219.027,0.88,0.89,0.11,0.12,0.01,0.01,73204.38,1775949817000
1775949819.486,219.486,0.88,0.89,0.11,0.12,0.01,0.01,73202.46,1775949818000
1775949819.933,219.933,0.88,0.89,0.1,0.12,0.01,0.02,73202.46,1775949818000
1775949820.299,220.299,0.86,0.87,0.13,0.14,0.01,0.01,73201.15,1775949819000
1775949820.657,220.657,0.86,0.87,0.13,0.14,0.01,0.01,73201.15,1775949819000
1775949821.029,221.029,0.86,0.88,0.12,0.14,0.02,0.02,73201.15,1775949819000
1775949821.375,221.375,0.83,0.87,0.13,0.14,0.04,0.01,73201.15,1775949820000
1775949821.769,221.769,0.8,0.81,0.19,0.2,0.01,0.01,73201.15,1775949820000
1775949822.11,222.11,0.8,0.81,0.19,0.2,0.01,0.01,73201.15,1775949820000
1775949822.573,222.573,0.81,0.82,0.18,0.19,0.01,0.01,73202.45,1775949821000
1775949822.913,222.913,0.81,0.82,0.18,0.19,0.01,0.01,73202.45,1775949821000
1775949823.261,223.261,0.81,0.82,0.18,0.19,0.01,0.01,73202.45,1775949821000
1775949823.596,223.596,0.8,0.82,0.18,0.2,0.02,0.02,73197.95,1775949822000
1775949823.965,223.965,0.81,0.82,0.18,0.2,0.01,0.02,73197.95,1775949822000
1775949824.341,224.341,0.81,0.83,0.18,0.2,0.02,0.02,73192.25,1775949823000
1775949824.771,224.771,0.82,0.83,0.17,0.18,0.01,0.01,73192.25,1775949823000
1775949825.131,225.131,0.82,0.83,0.17,0.18,0.01,0.01,73192.25,1775949823000
1775949825.468,225.468,0.8,0.83,0.17,0.2,0.03,0.03,73192.22,1775949824000
1775949825.826,225.826,0.81,0.82,0.18,0.19,0.01,0.01,73192.22,1775949824000
1775949826.188,226.188,0.82,0.83,0.17,0.18,0.01,0.01,73190.74,1775949825000
1775949826.584,226.584,0.8,0.81,0.17,0.2,0.01,0.03,73190.74,1775949825000
1775949826.937,226.937,0.84,0.85,0.15,0.17,0.01,0.02,73190.74,1775949825000
1775949827.365,227.365,0.84,0.86,0.14,0.16,0.02,0.02,73190.03,1775949826000
1775949827.745,227.745,0.85,0.86,0.14,0.15,0.01,0.01,73190.03,1775949826000
1775949828.098,228.098,0.85,0.86,0.14,0.15,0.01,0.01,73188.93,1775949827000
1775949828.432,228.432,0.92,0.94,0.06,0.08,0.02,0.02,73188.93,1775949827000
1775949828.779,228.779,0.94,0.95,0.05,0.06,0.01,0.01,73188.93,1775949827000
1775949829.113,229.113,0.91,0.95,0.05,0.09,0.04,0.04,73188.93,1775949827000
1775949829.45,229.45,0.84,0.85,0.15,0.16,0.01,0.01,73186.8,1775949828000
1775949830.026,230.026,0.84,0.85,0.15,0.16,0.01,0.01,73186.8,1775949828000
1775949830.38,230.38,0.83,0.84,0.16,0.17,0.01,0.01,73186.8,1775949828000
1775949830.815,230.815,0.84,0.85,0.15,0.16,0.01,0.01,73186.8,1775949828000
1775949831.172,231.172,0.84,0.85,0.15,0.16,0.01,0.01,73196.79,1775949829000
1775949831.538,231.538,0.84,0.85,0.15,0.16,0.01,0.01,73198.91,1775949830000
1775949831.893,231.893,0.84,0.85,0.15,0.16,0.01,0.01,73198.91,1775949830000
1775949832.432,232.432,0.84,0.85,0.15,0.16,0.01,0.01,73200.72,1775949831000
1775949832.781,232.781,0.84,0.85,0.15,0.16,0.01,0.01,73200.72,1775949831000
1775949833.173,233.173,0.84,0.85,0.15,0.16,0.01,0.01,73200.72,1775949831000
1775949833.754,233.754,0.84,0.85,0.15,0.16,0.01,0.01,73200.74,1775949832000
1775949834.369,234.369,0.84,0.85,0.15,0.16,0.01,0.01,73200.74,1775949832000
1775949834.746,234.746,0.8,0.85,0.15,0.16,0.05,0.01,73200.75,1775949833000
1775949835.131,235.131,0.83,0.84,0.16,0.18,0.01,0.02,73200.75,1775949833000
1775949835.762,235.762,0.84,0.85,0.15,0.17,0.01,0.02,73201.06,1775949834000
1775949836.095,236.095,0.84,0.85,0.15,0.16,0.01,0.01,73201.06,1775949834000
1775949836.456,236.456,0.84,0.85,0.15,0.16,0.01,0.01,73201.06,1775949834000
1775949836.789,236.789,0.83,0.84,0.15,0.17,0.01,0.02,73201.4,1775949835000
1775949837.222,237.222,0.84,0.85,0.15,0.16,0.01,0.01,73201.03,1775949836000
1775949837.791,237.791,0.84,0.85,0.15,0.16,0.01,0.01,73201.03,1775949836000
1775949838.124,238.124,0.86,0.88,0.13,0.15,0.02,0.02,73201.03,1775949836000
1775949838.476,238.476,0.86,0.87,0.12,0.14,0.01,0.02,73201.03,1775949836000
1775949838.945,238.945,0.87,0.88,0.13,0.14,0.01,0.01,73201.03,1775949837000
1775949839.316,239.316,0.86,0.87,0.12,0.13,0.01,0.01,73201.04,1775949838000
1775949839.811,239.811,0.87,0.88,0.12,0.13,0.01,0.01,73201.04,1775949838000
1775949840.197,240.197,0.87,0.9,0.12,0.13,0.03,0.01,73201.04,1775949839000
1775949840.62,240.62,0.89,0.9,0.1,0.11,0.01,0.01,73201.04,1775949839000
1775949841.001,241.001,0.9,0.91,0.09,0.1,0.01,0.01,73201.04,1775949839000
1775949841.471,241.471,0.93,0.94,0.06,0.08,0.01,0.02,73201.06,1775949840000
1775949841.84,241.84,0.93,0.94,0.06,0.09,0.01,0.03,73201.06,1775949840000
1775949842.194,242.194,0.92,0.94,0.06,0.08,0.02,0.02,73201.28,1775949841000
1775949842.537,242.537,0.91,0.92,0.08,0.1,0.01,0.02,73201.28,1775949841000
1775949842.883,242.883,0.91,0.92,0.08,0.09,0.01,0.01,73201.28,1775949841000
1775949843.257,243.257,0.9,0.91,0.09,0.1,0.01,0.01,73201.28,1775949841000
1775949843.593,243.593,0.91,0.92,0.08,0.09,0.01,0.01,73202.58,1775949842000
1775949843.964,243.964,0.91,0.92,0.08,0.09,0.01,0.01,73202.58,1775949842000
1775949844.315,244.315,0.93,0.94,0.06,0.07,0.01,0.01,73204.38,1775949843000
1775949844.671,244.671,0.91,0.93,0.08,0.09,0.02,0.01,73204.38,1775949843000
1775949845.015,245.015,0.92,0.93,0.07,0.08,0.01,0.01,73204.38,1775949843000
1775949845.353,245.353,0.91,0.95,0.05,0.06,0.04,0.01,73204.38,1775949843000
1775949845.726,245.726,0.93,0.94,0.06,0.07,0.01,0.01,73205.21,1775949844000
1775949846.133,246.133,0.85,0.86,0.06,0.2,0.01,0.14,73205.21,1775949844000
1775949846.572,246.572,0.87,0.89,0.12,0.14,0.02,0.02,73205.27,1775949845000
1775949847.047,247.047,0.87,0.88,0.1,0.11,0.01,0.01,73205.27,1775949845000
1775949847.397,247.397,0.88,0.89,0.11,0.12,0.01,0.01,73205.27,1775949846000
1775949847.797,247.797,0.89,0.9,0.1,0.11,0.01,0.01,73205.27,1775949846000
1775949848.135,248.135,0.91,0.92,0.08,0.09,0.01,0.01,73205.27,1775949847000
1775949848.498,248.498,0.91,0.92,0.08,0.09,0.01,0.01,73205.27,1775949847000
1775949848.84,248.84,0.92,0.93,0.06,0.08,0.01,0.02,73205.27,1775949847000
1775949849.191,249.191,0.92,0.94,0.06,0.08,0.02,0.02,73205.27,1775949847000
1775949849.675,249.675,0.92,0.94,0.07,0.08,0.02,0.01,73205.53,1775949848000
1775949850.014,250.014,0.92,0.94,0.06,0.08,0.02,0.02,73205.53,1775949848000
1775949850.368,250.368,0.93,0.94,0.06,0.07,0.01,0.01,73205.53,1775949849000
1775949850.709,250.709,0.93,0.94,0.06,0.07,0.01,0.01,73205.53,1775949849000
1775949851.046,251.046,0.93,0.94,0.06,0.07,0.01,0.01,73205.53,1775949849000
1775949851.402,251.402,0.93,0.94,0.06,0.07,0.01,0.01,73205.53,1775949849000
1775949851.772,251.772,0.94,0.95,0.05,0.06,0.01,0.01,73205.37,1775949850000
1775949852.124,252.124,0.94,0.95,0.05,0.06,0.01,0.01,73205.37,1775949851000
1775949852.462,252.462,0.94,0.95,0.05,0.06,0.01,0.01,73205.37,1775949851000
1775949852.807,252.807,0.95,0.96,0.04,0.05,0.01,0.01,73205.37,1775949851000
1775949853.14,253.14,0.95,0.96,0.04,0.05,0.01,0.01,73207.1,1775949852000
1775949853.474,253.474,0.95,0.96,0.04,0.05,0.01,0.01,73207.1,1775949852000
1775949853.818,253.818,0.94,0.96,0.04,0.05,0.02,0.01,73207.1,1775949852000
1775949854.152,254.152,0.94,0.95,0.05,0.06,0.01,0.01,73207.27,1775949853000
1775949854.498,254.498,0.94,0.95,0.05,0.06,0.01,0.01,73207.27,1775949853000
1775949854.833,254.833,0.94,0.95,0.05,0.06,0.01,0.01,73207.27,1775949853000
1775949855.168,255.168,0.94,0.95,0.05,0.06,0.01,0.01,73207.27,1775949854000
1775949855.548,255.548,0.93,0.94,0.06,0.07,0.01,0.01,73207.27,1775949854000
1775949855.883,255.883,0.94,0.95,0.04,0.07,0.01,0.03,73207.27,1775949854000
1775949856.229,256.229,0.96,0.97,0.03,0.04,0.01,0.01,73207.35,1775949855000
1775949856.568,256.568,0.95,0.97,0.03,0.04,0.02,0.01,73207.35,1775949855000
1775949856.902,256.902,0.95,0.96,0.05,0.06,0.01,0.01,73207.35,1775949855000
1775949857.258,257.258,0.93,0.94,0.04,0.07,0.01,0.03,73207.35,1775949856000
1775949857.6,257.6,0.93,0.95,0.06,0.07,0.02,0.01,73207.35,1775949856000
1775949857.943,257.943,0.9,0.94,0.06,0.1,0.04,0.04,73207.35,1775949856000
1775949858.391,258.391,0.93,0.94,0.06,0.07,0.01,0.01,73207.35,1775949857000
1775949858.751,258.751,0.95,0.96,0.03,0.06,0.01,0.03,73207.35,1775949857000
1775949859.086,259.086,0.94,0.96,0.04,0.05,0.02,0.01,73207.35,1775949857000
1775949859.426,259.426,0.93,0.95,0.05,0.06,0.02,0.01,73207.54,1775949858000
1775949859.762,259.762,0.93,0.94,0.05,0.07,0.01,0.02,73207.54,1775949858000
1775949860.133,260.133,0.93,0.94,0.06,0.07,0.01,0.01,73207.57,1775949859000
1775949860.471,260.471,0.93,0.94,0.06,0.07,0.01,0.01,73207.57,1775949859000
1775949860.815,260.815,0.94,0.95,0.05,0.06,0.01,0.01,73207.57,1775949859000
1775949861.195,261.195,0.92,0.93,0.05,0.06,0.01,0.01,73207.61,1775949860000
1775949861.581,261.581,0.93,0.94,0.06,0.07,0.01,0.01,73207.61,1775949860000
1775949861.982,261.982,0.94,0.95,0.05,0.07,0.01,0.02,73207.61,1775949861000
1775949862.344,262.344,0.94,0.95,0.05,0.06,0.01,0.01,73207.61,1775949861000
1775949862.682,262.682,0.94,0.95,0.05,0.06,0.01,0.01,73207.61,1775949861000
1775949863.019,263.019,0.94,0.95,0.05,0.06,0.01,0.01,73207.56,1775949862000
1775949863.354,263.354,0.93,0.94,0.06,0.07,0.01,0.01,73207.56,1775949862000
1775949863.917,263.917,0.93,0.94,0.05,0.06,0.01,0.01,73207.56,1775949862000
1775949864.383,264.383,0.93,0.95,0.06,0.07,0.02,0.01,73207.56,1775949862000
1775949864.741,264.741,0.93,0.94,0.06,0.07,0.01,0.01,73213.56,1775949863000
1775949865.082,265.082,0.88,0.95,0.05,0.06,0.07,0.01,73214.74,1775949864000
1775949865.442,265.442,0.91,0.92,0.06,0.09,0.01,0.03,73214.74,1775949864000
1775949865.851,265.851,0.92,0.93,0.07,0.09,0.01,0.02,73214.74,1775949864000
1775949866.25,266.25,0.92,0.94,0.07,0.08,0.02,0.01,73215.09,1775949865000
1775949866.59,266.59,0.93,0.94,0.06,0.07,0.01,0.01,73215.09,1775949865000
1775949866.978,266.978,0.93,0.94,0.06,0.07,0.01,0.01,73213.69,1775949866000
1775949867.315,267.315,0.93,0.94,0.06,0.07,0.01,0.01,73213.69,1775949866000
1775949867.74,267.74,0.93,0.94,0.06,0.07,0.01,0.01,73213.69,1775949866000
1775949868.231,268.231,0.93,0.94,0.06,0.07,0.01,0.01,73212.68,1775949867000
1775949868.666,268.666,0.93,0.94,0.06,0.07,0.01,0.01,73212.68,1775949867000
1775949869.212,269.212,0.93,0.94,0.06,0.07,0.01,0.01,73212.68,1775949867000
1775949869.841,269.841,0.93,0.95,0.06,0.07,0.02,0.01,73212.68,1775949868000
1775949870.191,270.191,0.94,0.95,0.05,0.06,0.01,0.01,73212.68,1775949868000
1775949870.543,270.543,0.94,0.95,0.05,0.06,0.01,0.01,73212.68,1775949869000
1775949870.88,270.88,0.94,0.95,0.05,0.06,0.01,0.01,73212.68,1775949869000
1775949871.229,271.229,0.94,0.95,0.05,0.06,0.01,0.01,73212.68,1775949869000
1775949871.584,271.584,0.93,0.95,0.05,0.06,0.02,0.01,73212.68,1775949870000
1775949871.937,271.937,0.94,0.95,0.06,0.07,0.01,0.01,73212.68,1775949870000
1775949872.27,272.27,0.94,0.95,0.05,0.06,0.01,0.01,73212.73,1775949871000
1775949872.611,272.611,0.93,0.95,0.05,0.06,0.02,0.01,73212.73,1775949871000
1775949872.97,272.97,0.93,0.94,0.05,0.07,0.01,0.02,73212.73,1775949871000
1775949873.311,273.311,0.93,0.95,0.06,0.07,0.02,0.01,73212.73,1775949871000
1775949873.732,273.732,0.94,0.95,0.05,0.07,0.01,0.02,73212.73,1775949872000
1775949874.07,274.07,0.94,0.95,0.05,0.06,0.01,0.01,73212.73,1775949873000
1775949874.405,274.405,0.94,0.95,0.05,0.06,0.01,0.01,73212.73,1775949873000
1775949874.762,274.762,0.94,0.95,0.05,0.06,0.01,0.01,73212.73,1775949873000
1775949875.1,275.1,0.94,0.95,0.05,0.06,0.01,0.01,73212.73,1775949874000
1775949875.473,275.473,0.94,0.95,0.05,0.07,0.01,0.02,73212.73,1775949874000
1775949875.859,275.859,0.95,0.96,0.04,0.06,0.01,0.02,73212.73,1775949874000
1775949876.202,276.202,0.96,0.97,0.03,0.04,0.01,0.01,73212.68,1775949875000
1775949876.548,276.548,0.94,0.96,0.04,0.06,0.02,0.02,73212.68,1775949875000
1775949876.978,276.978,0.94,0.96,0.04,0.07,0.02,0.03,73212.68,1775949875000
1775949877.338,277.338,0.97,0.98,0.02,0.03,0.01,0.01,73212.68,1775949875000
1775949877.679,277.679,0.96,0.97,0.02,0.07,0.01,0.05,73212.63,1775949876000
1775949878.039,278.039,0.94,0.97,0.02,0.07,0.03,0.05,73212.63,1775949877000
1775949878.385,278.385,0.95,0.97,0.03,0.05,0.02,0.02,73212.63,1775949877000
1775949878.732,278.732,0.95,0.96,0.03,0.06,0.01,0.03,73212.63,1775949877000
1775949879.084,279.084,0.94,0.95,0.05,0.06,0.01,0.01,73212.63,1775949877000
1775949879.424,279.424,0.94,0.95,0.05,0.06,0.01,0.01,73212.56,1775949878000
1775949879.797,279.797,0.93,0.95,0.05,0.06,0.02,0.01,73212.56,1775949878000
1775949880.14,280.14,0.94,0.95,0.05,0.07,0.01,0.02,73212.56,1775949879000
1775949880.554,280.554,0.94,0.95,0.05,0.06,0.01,0.01,73212.56,1775949879000
1775949880.907,280.907,0.94,0.95,0.05,0.06,0.01,0.01,73212.56,1775949879000
1775949881.498,281.498,0.94,0.95,0.05,0.06,0.01,0.01,73212.66,1775949880000
1775949881.847,281.847,0.93,0.95,0.05,0.06,0.02,0.01,73212.66,1775949880000
1775949882.278,282.278,0.93,0.94,0.05,0.07,0.01,0.02,73212.66,1775949881000
1775949882.618,282.618,0.94,0.95,0.05,0.06,0.01,0.01,73212.66,1775949881000
1775949882.969,282.969,0.94,0.95,0.05,0.07,0.01,0.02,73212.66,1775949882000
1775949883.303,283.303,0.93,0.94,0.06,0.07,0.01,0.01,73212.66,1775949882000
1775949883.652,283.652,0.94,0.95,0.05,0.06,0.01,0.01,73212.66,1775949882000
1775949883.988,283.988,0.94,0.95,0.05,0.06,0.01,0.01,73212.66,1775949882000
1775949884.42,284.42,0.94,0.95,0.05,0.06,0.01,0.01,73212.66,1775949883000
1775949884.845,284.845,0.94,0.95,0.05,0.06,0.01,0.01,73212.66,1775949883000
1775949885.206,285.206,0.94,0.96,0.05,0.06,0.02,0.01,73212.93,1775949884000
1775949885.539,285.539,0.96,0.98,0.02,0.05,0.02,0.03,73212.93,1775949884000
1775949885.873,285.873,0.96,0.97,0.02,0.04,0.01,0.02,73212.93,1775949884000
1775949886.217,286.217,0.96,0.97,0.03,0.04,0.01,0.01,73212.67,1775949885000
1775949886.556,286.556,0.98,0.99,0.01,0.02,0.01,0.01,73212.67,1775949885000
1775949886.889,286.889,0.98,0.99,0.01,0.02,0.01,0.01,73212.67,1775949885000
1775949887.223,287.223,0.98,0.99,0.01,0.02,0.01,0.01,73212.67,1775949886000
1775949887.557,287.557,0.98,0.99,0.01,0.02,0.01,0.01,73212.67,1775949886000
1775949887.909,287.909,0.99,0.99,0.01,0.01,0.0,0.0,73212.76,1775949887000
1775949888.253,288.253,0.99,0.99,0.01,0.01,0.0,0.0,73212.76,1775949887000
1775949888.612,288.612,0.99,0.99,0.01,0.01,0.0,0.0,73212.76,1775949887000
1775949889.032,289.032,0.99,0.99,0.01,0.01,0.0,0.0,73218.29,1775949888000
1775949889.378,289.378,0.99,0.99,0.01,0.01,0.0,0.0,73218.29,1775949888000
1775949889.761,289.761,0.99,0.99,0.01,0.01,0.0,0.0,73218.29,1775949888000
1775949890.23,290.23,0.99,0.99,0.01,0.01,0.0,0.0,73218.29,1775949888000
1775949890.587,290.587,0.99,0.99,0.01,0.01,0.0,0.0,73222.34,1775949889000
1775949890.921,290.921,0.99,0.99,0.01,0.01,0.0,0.0,73222.34,1775949889000
1775949891.472,291.472,0.99,0.99,0.01,0.01,0.0,0.0,73223.29,1775949890000
1775949891.836,291.836,0.99,0.99,0.01,0.01,0.0,0.0,73223.29,1775949890000
1775949892.518,292.518,0.99,0.99,0.01,0.01,0.0,0.0,73223.59,1775949891000
1775949893.22,293.22,0.99,0.99,0.01,0.01,0.0,0.0,73223.59,1775949892000
1775949893.665,293.665,0.99,0.99,0.01,0.01,0.0,0.0,73223.59,1775949892000
1775949894.014,294.014,0.99,0.99,0.01,0.01,0.0,0.0,73223.43,1775949893000
1775949894.443,294.443,0.99,0.99,0.01,0.04,0.0,0.03,73223.43,1775949893000
1775949894.858,294.858,0.99,0.99,0.01,0.01,0.0,0.0,73223.43,1775949893000
1775949895.279,295.279,0.99,0.99,0.01,0.01,0.0,0.0,73223.34,1775949894000
1775949895.677,295.677,0.99,0.99,0.01,0.01,0.0,0.0,73223.34,1775949894000
1775949896.07,296.07,0.99,0.99,0.01,0.01,0.0,0.0,73223.66,1775949895000
1775949896.596,296.596,0.99,0.99,0.01,0.01,0.0,0.0,73223.66,1775949895000
1775949897.042,297.042,0.99,0.99,0.01,0.01,0.0,0.0,73223.66,1775949895000
1775949897.716,297.716,0.99,0.99,0.01,0.01,0.0,0.0,73224.98,1775949896000
1775949898.348,298.348,0.99,0.99,0.01,0.01,0.0,0.0,73227.15,1775949897000
1775949898.801,298.801,0.99,0.99,0.01,0.01,0.0,0.0,73227.15,1775949897000
1775949899.252,299.252,0.99,0.99,0.01,0.01,0.0,0.0,73227.15,1775949897000
1775949899.984,299.984,0.99,0.99,0.01,0.01,0.0,0.0,73228.28,1775949899000
1775949900.33,300.33,0.99,0.99,0.01,0.01,0.0,0.0,73228.28,1775949899000
1775949900.711,300.711,0.99,0.99,0.01,0.01,0.0,0.0,73228.28,1775949899000
1775949901.137,301.137,0.99,0.99,0.01,0.01,0.0,0.0,73229.23,1775949900000
1775949902.277,302.277,0.99,0.99,0.01,0.01,0.0,0.0,73227.52,1775949901000

# RESULT,winner=Up,slug=btc-updown-5m-1775949600,ticks=684
