timestamp,elapsed_sec,up_bid,up_ask,down_bid,down_ask,up_spread,down_spread,btc_price,btc_oracle_ts
1776538500.503,0.503,0.53,0.54,0.46,0.47,0.01,0.01,75576.43,1776538499000
1776538500.958,0.958,0.53,0.54,0.46,0.47,0.01,0.01,75576.43,1776538499000
1776538501.65,1.65,0.53,0.54,0.46,0.47,0.01,0.01,75572.83,1776538500000
1776538502.214,2.214,0.52,0.53,0.47,0.48,0.01,0.01,75572.83,1776538500000
1776538502.618,2.618,0.52,0.53,0.47,0.48,0.01,0.01,75573.11,1776538501000
1776538503.362,3.362,0.52,0.53,0.47,0.48,0.01,0.01,75573.3,1776538502000
1776538503.898,3.898,0.52,0.53,0.47,0.48,0.01,0.01,75573.3,1776538502000
1776538504.35,4.35,0.52,0.53,0.47,0.48,0.01,0.01,75573.27,1776538503000
1776538504.922,4.922,0.52,0.53,0.47,0.48,0.01,0.01,75573.27,1776538503000
1776538505.319,5.319,0.52,0.53,0.47,0.48,0.01,0.01,75573.13,1776538504000
1776538505.675,5.675,0.52,0.53,0.47,0.48,0.01,0.01,75573.13,1776538504000
1776538506.027,6.027,0.52,0.53,0.47,0.48,0.01,0.01,75573.13,1776538504000
1776538506.384,6.384,0.52,0.53,0.47,0.48,0.01,0.01,75573.13,1776538504000
1776538506.84,6.84,0.52,0.53,0.47,0.48,0.01,0.01,75571.54,1776538505000
1776538507.19,7.19,0.52,0.53,0.47,0.48,0.01,0.01,75571.54,1776538506000
1776538507.618,7.618,0.52,0.53,0.47,0.48,0.01,0.01,75571.54,1776538506000
1776538507.968,7.968,0.52,0.53,0.47,0.48,0.01,0.01,75571.54,1776538506000
1776538508.344,8.344,0.52,0.53,0.47,0.48,0.01,0.01,75572.6,1776538507000
1776538508.708,8.708,0.52,0.53,0.47,0.48,0.01,0.01,75572.6,1776538507000
1776538509.222,9.222,0.52,0.53,0.47,0.48,0.01,0.01,75572.6,1776538507000
1776538509.693,9.693,0.52,0.53,0.47,0.48,0.01,0.01,75571.55,1776538508000
1776538510.038,10.038,0.52,0.53,0.47,0.48,0.01,0.01,75571.55,1776538508000
1776538510.475,10.475,0.52,0.53,0.47,0.48,0.01,0.01,75571.6,1776538509000
1776538511.108,11.108,0.52,0.53,0.47,0.48,0.01,0.01,75571.6,1776538509000
1776538511.758,11.758,0.52,0.53,0.47,0.48,0.01,0.01,75571.6,1776538509000
1776538512.251,12.251,0.52,0.53,0.47,0.48,0.01,0.01,75571.58,1776538510000
1776538512.605,12.605,0.52,0.53,0.47,0.48,0.01,0.01,75571.58,1776538510000
1776538513.008,13.008,0.52,0.53,0.47,0.48,0.01,0.01,75572.42,1776538511000
1776538513.488,13.488,0.52,0.53,0.47,0.48,0.01,0.01,75572.42,1776538511000
1776538513.837,13.837,0.52,0.53,0.47,0.48,0.01,0.01,75572.41,1776538512000
1776538514.325,14.325,0.52,0.53,0.47,0.48,0.01,0.01,75572.41,1776538512000
1776538514.816,14.816,0.52,0.53,0.47,0.48,0.01,0.01,75572.41,1776538513000
1776538515.239,15.239,0.52,0.53,0.47,0.48,0.01,0.01,75572.41,1776538513000
1776538515.615,15.615,0.52,0.53,0.47,0.48,0.01,0.01,75572.41,1776538514000
1776538516.192,16.192,0.52,0.53,0.47,0.48,0.01,0.01,75572.41,1776538514000
1776538516.671,16.671,0.52,0.53,0.47,0.48,0.01,0.01,75572.41,1776538514000
1776538517.18,17.18,0.52,0.53,0.47,0.48,0.01,0.01,75572.45,1776538515000
1776538517.858,17.858,0.52,0.53,0.47,0.48,0.01,0.01,75572.45,1776538516000
1776538518.3,18.3,0.52,0.53,0.47,0.48,0.01,0.01,75572.45,1776538516000
1776538519.141,19.141,0.52,0.53,0.47,0.48,0.01,0.01,75572.81,1776538518000
1776538519.667,19.667,0.52,0.53,0.47,0.48,0.01,0.01,75572.81,1776538518000
1776538520.252,20.252,0.52,0.53,0.47,0.48,0.01,0.01,75572.81,1776538518000
1776538520.682,20.682,0.52,0.53,0.47,0.48,0.01,0.01,75572.76,1776538519000
1776538521.071,21.071,0.52,0.53,0.47,0.48,0.01,0.01,75572.76,1776538519000
1776538521.656,21.656,0.52,0.53,0.47,0.48,0.01,0.01,75572.84,1776538520000
1776538522.2,22.2,0.52,0.53,0.47,0.48,0.01,0.01,75572.84,1776538520000
1776538522.545,22.545,0.52,0.53,0.47,0.48,0.01,0.01,75572.84,1776538520000
1776538523.199,23.199,0.52,0.53,0.47,0.48,0.01,0.01,75573.31,1776538521000
1776538524.111,24.111,0.52,0.53,0.47,0.48,0.01,0.01,75573.17,1776538522000
1776538524.472,24.472,0.52,0.53,0.47,0.48,0.01,0.01,75573.18,1776538523000
1776538525.108,25.108,0.52,0.53,0.47,0.48,0.01,0.01,75573.18,1776538523000
1776538525.556,25.556,0.52,0.53,0.47,0.48,0.01,0.01,75573.18,1776538524000
1776538525.962,25.962,0.52,0.53,0.47,0.48,0.01,0.01,75573.18,1776538524000
1776538526.395,26.395,0.52,0.53,0.47,0.48,0.01,0.01,75573.18,1776538525000
1776538527.036,27.036,0.52,0.53,0.47,0.48,0.01,0.01,75573.18,1776538525000
1776538527.369,27.369,0.5,0.51,0.49,0.5,0.01,0.01,75573.18,1776538525000
1776538527.736,27.736,0.48,0.49,0.5,0.52,0.01,0.02,75570.56,1776538526000
1776538528.073,28.073,0.47,0.48,0.51,0.52,0.01,0.01,75570.56,1776538526000
1776538528.425,28.425,0.47,0.48,0.52,0.53,0.01,0.01,75570.56,1776538526000
1776538528.762,28.762,0.47,0.48,0.52,0.53,0.01,0.01,75562.62,1776538527000
1776538529.466,29.466,0.47,0.48,0.52,0.53,0.01,0.01,75562.62,1776538527000
1776538529.864,29.864,0.47,0.48,0.52,0.53,0.01,0.01,75562.56,1776538528000
1776538530.426,30.426,0.47,0.48,0.52,0.53,0.01,0.01,75562.56,1776538528000
1776538531.036,31.036,0.46,0.48,0.52,0.54,0.02,0.02,75563.38,1776538529000
1776538531.373,31.373,0.47,0.48,0.52,0.54,0.01,0.02,75563.38,1776538529000
1776538531.744,31.744,0.46,0.47,0.53,0.54,0.01,0.01,75563.38,1776538529000
1776538532.267,32.267,0.46,0.47,0.53,0.54,0.01,0.01,75563.38,1776538529000
1776538532.648,32.648,0.46,0.47,0.53,0.54,0.01,0.01,75561.86,1776538530000
1776538533.247,33.247,0.46,0.47,0.53,0.54,0.01,0.01,75561.86,1776538530000
1776538533.699,33.699,0.46,0.47,0.53,0.54,0.01,0.01,75560.83,1776538531000
1776538534.115,34.115,0.46,0.47,0.53,0.54,0.01,0.01,75560.83,1776538531000
1776538534.592,34.592,0.46,0.47,0.53,0.54,0.01,0.01,75560.75,1776538532000
1776538534.956,34.956,0.46,0.47,0.53,0.54,0.01,0.01,75560.91,1776538533000
1776538535.514,35.514,0.46,0.47,0.53,0.54,0.01,0.01,75560.91,1776538533000
1776538535.872,35.872,0.46,0.47,0.53,0.54,0.01,0.01,75560.62,1776538534000
1776538536.312,36.312,0.46,0.47,0.53,0.54,0.01,0.01,75561.86,1776538535000
1776538537.021,37.021,0.47,0.48,0.51,0.54,0.01,0.03,75561.86,1776538535000
1776538537.447,37.447,0.47,0.49,0.52,0.53,0.02,0.01,75561.86,1776538535000
1776538538.154,38.154,0.48,0.49,0.51,0.53,0.01,0.02,75561.86,1776538535000
1776538538.492,38.492,0.5,0.51,0.49,0.5,0.01,0.01,75560.8,1776538536000
1776538538.889,38.889,0.51,0.52,0.48,0.49,0.01,0.01,75560.8,1776538536000
1776538539.398,39.398,0.51,0.52,0.48,0.49,0.01,0.01,75561.15,1776538537000
1776538539.86,39.86,0.51,0.52,0.48,0.49,0.01,0.01,75561.15,1776538537000
1776538540.318,40.318,0.51,0.52,0.48,0.49,0.01,0.01,75562.66,1776538538000
1776538540.878,40.878,0.51,0.52,0.48,0.49,0.01,0.01,75570.32,1776538539000
1776538541.292,41.292,0.51,0.52,0.48,0.49,0.01,0.01,75570.32,1776538539000
1776538541.891,41.891,0.51,0.53,0.48,0.49,0.02,0.01,75571.05,1776538540000
1776538542.333,42.333,0.52,0.53,0.47,0.48,0.01,0.01,75570.08,1776538541000
1776538542.817,42.817,0.52,0.54,0.47,0.48,0.02,0.01,75570.08,1776538541000
1776538543.402,43.402,0.53,0.54,0.46,0.47,0.01,0.01,75570.08,1776538541000
1776538543.736,43.736,0.54,0.55,0.45,0.46,0.01,0.01,75570.08,1776538541000
1776538544.083,44.083,0.63,0.64,0.36,0.37,0.01,0.01,75571.26,1776538542000
1776538544.421,44.421,0.64,0.71,0.3,0.36,0.07,0.06,75571.26,1776538542000
1776538544.78,44.78,0.64,0.68,0.32,0.36,0.04,0.04,75578.96,1776538543000
1776538545.132,45.132,0.69,0.7,0.3,0.34,0.01,0.04,75578.96,1776538543000
1776538545.479,45.479,0.67,0.71,0.29,0.33,0.04,0.04,75606.01,1776538544000
1776538545.872,45.872,0.69,0.7,0.3,0.31,0.01,0.01,75606.01,1776538544000
1776538546.257,46.257,0.69,0.7,0.3,0.31,0.01,0.01,75606.12,1776538545000
1776538546.664,46.664,0.69,0.7,0.3,0.31,0.01,0.01,75606.12,1776538545000
1776538547.565,47.565,0.69,0.71,0.29,0.31,0.02,0.02,75612.08,1776538546000
1776538548.011,48.011,0.69,0.7,0.29,0.31,0.01,0.02,75612.08,1776538546000
1776538548.368,48.368,0.69,0.7,0.3,0.31,0.01,0.01,75612.53,1776538547000
1776538548.819,48.819,0.7,0.72,0.28,0.31,0.02,0.03,75612.53,1776538547000
1776538549.297,49.297,0.69,0.7,0.3,0.31,0.01,0.01,75612.53,1776538547000
1776538549.652,49.652,0.69,0.7,0.3,0.31,0.01,0.01,75612.53,1776538547000
1776538550.184,50.184,0.69,0.7,0.3,0.31,0.01,0.01,75612.86,1776538548000
1776538550.546,50.546,0.69,0.7,0.3,0.31,0.01,0.01,75612.24,1776538549000
1776538550.9,50.9,0.71,0.73,0.28,0.29,0.02,0.01,75612.24,1776538549000
1776538551.238,51.238,0.72,0.73,0.27,0.28,0.01,0.01,75612.24,1776538549000
1776538551.594,51.594,0.72,0.73,0.26,0.28,0.01,0.02,75612.24,1776538549000
1776538551.977,51.977,0.72,0.73,0.27,0.28,0.01,0.01,75611.9,1776538550000
1776538552.332,52.332,0.72,0.73,0.27,0.28,0.01,0.01,75611.9,1776538551000
1776538552.681,52.681,0.72,0.73,0.27,0.28,0.01,0.01,75611.9,1776538551000
1776538553.151,53.151,0.72,0.73,0.27,0.28,0.01,0.01,75611.9,1776538551000
1776538553.569,53.569,0.72,0.73,0.27,0.28,0.01,0.01,75613.59,1776538552000
1776538554.033,54.033,0.73,0.74,0.26,0.28,0.01,0.02,75613.59,1776538552000
1776538554.506,54.506,0.73,0.74,0.26,0.27,0.01,0.01,75613.59,1776538552000
1776538554.937,54.937,0.73,0.74,0.26,0.27,0.01,0.01,75614.76,1776538553000
1776538555.335,55.335,0.73,0.74,0.26,0.27,0.01,0.01,75614.76,1776538553000
1776538555.963,55.963,0.73,0.74,0.26,0.27,0.01,0.01,75614.76,1776538554000
1776538556.325,56.325,0.73,0.74,0.26,0.27,0.01,0.01,75614.76,1776538555000
1776538556.822,56.822,0.73,0.74,0.26,0.27,0.01,0.01,75614.76,1776538555000
1776538557.18,57.18,0.73,0.74,0.26,0.27,0.01,0.01,75614.76,1776538555000
1776538557.583,57.583,0.73,0.74,0.26,0.27,0.01,0.01,75614.76,1776538556000
1776538558.031,58.031,0.73,0.74,0.26,0.27,0.01,0.01,75614.76,1776538556000
1776538558.428,58.428,0.73,0.74,0.26,0.27,0.01,0.01,75614.76,1776538557000
1776538558.91,58.91,0.73,0.74,0.26,0.27,0.01,0.01,75614.76,1776538557000
1776538559.253,59.253,0.73,0.74,0.26,0.27,0.01,0.01,75614.76,1776538557000
1776538559.781,59.781,0.73,0.74,0.26,0.27,0.01,0.01,75614.74,1776538558000
1776538560.17,60.17,0.73,0.74,0.26,0.27,0.01,0.01,75614.74,1776538559000
1776538560.568,60.568,0.73,0.74,0.26,0.27,0.01,0.01,75614.74,1776538559000
1776538560.949,60.949,0.73,0.74,0.26,0.27,0.01,0.01,75614.74,1776538559000
1776538561.297,61.297,0.73,0.74,0.26,0.27,0.01,0.01,75614.74,1776538559000
1776538561.64,61.64,0.73,0.74,0.26,0.27,0.01,0.01,75615.79,1776538560000
1776538562.148,62.148,0.73,0.74,0.26,0.27,0.01,0.01,75615.79,1776538561000
1776538562.655,62.655,0.73,0.74,0.26,0.27,0.01,0.01,75615.79,1776538561000
1776538563.014,63.014,0.73,0.74,0.26,0.27,0.01,0.01,75615.79,1776538561000
1776538563.424,63.424,0.73,0.74,0.26,0.27,0.01,0.01,75614.66,1776538562000
1776538563.967,63.967,0.73,0.74,0.26,0.27,0.01,0.01,75614.66,1776538562000
1776538564.328,64.328,0.7,0.71,0.28,0.3,0.01,0.02,75614.66,1776538562000
1776538564.93,64.93,0.71,0.72,0.28,0.29,0.01,0.01,75614.07,1776538563000
1776538565.522,65.522,0.71,0.72,0.28,0.29,0.01,0.01,75610.73,1776538564000
1776538565.992,65.992,0.71,0.72,0.28,0.29,0.01,0.01,75610.73,1776538564000
1776538566.389,66.389,0.71,0.72,0.28,0.29,0.01,0.01,75607.31,1776538565000
1776538566.724,66.724,0.73,0.74,0.26,0.29,0.01,0.03,75607.31,1776538565000
1776538567.087,67.087,0.74,0.75,0.25,0.26,0.01,0.01,75607.31,1776538565000
1776538567.477,67.477,0.74,0.76,0.25,0.27,0.02,0.02,75608.8,1776538566000
1776538567.823,67.823,0.74,0.75,0.25,0.26,0.01,0.01,75608.8,1776538566000
1776538568.217,68.217,0.74,0.75,0.25,0.26,0.01,0.01,75608.8,1776538566000
1776538568.56,68.56,0.74,0.75,0.25,0.26,0.01,0.01,75612.35,1776538567000
1776538568.964,68.964,0.74,0.75,0.25,0.26,0.01,0.01,75613.11,1776538568000
1776538569.393,69.393,0.74,0.75,0.25,0.26,0.01,0.01,75613.11,1776538568000
1776538569.733,69.733,0.74,0.75,0.25,0.26,0.01,0.01,75613.11,1776538568000
1776538570.137,70.137,0.74,0.75,0.25,0.26,0.01,0.01,75613.11,1776538568000
1776538570.558,70.558,0.74,0.75,0.25,0.26,0.01,0.01,75617.18,1776538569000
1776538570.966,70.966,0.74,0.75,0.25,0.26,0.01,0.01,75617.18,1776538569000
1776538571.314,71.314,0.74,0.75,0.25,0.26,0.01,0.01,75617.18,1776538569000
1776538571.909,71.909,0.74,0.75,0.25,0.26,0.01,0.01,75617.14,1776538570000
1776538572.552,72.552,0.74,0.75,0.25,0.26,0.01,0.01,75617.14,1776538571000
1776538573.351,73.351,0.74,0.75,0.25,0.26,0.01,0.01,75617.14,1776538572000
1776538574.245,74.245,0.74,0.75,0.25,0.26,0.01,0.01,75617.14,1776538572000
1776538574.639,74.639,0.74,0.75,0.25,0.26,0.01,0.01,75617.16,1776538573000
1776538575.002,75.002,0.74,0.75,0.25,0.26,0.01,0.01,75617.15,1776538574000
1776538575.943,75.943,0.75,0.76,0.24,0.26,0.01,0.02,75617.15,1776538574000
1776538576.279,76.279,0.76,0.77,0.23,0.24,0.01,0.01,75619.37,1776538575000
1776538576.637,76.637,0.77,0.78,0.22,0.23,0.01,0.01,75619.37,1776538575000
1776538577.149,77.149,0.77,0.78,0.22,0.23,0.01,0.01,75619.37,1776538575000
1776538577.553,77.553,0.77,0.78,0.22,0.23,0.01,0.01,75621.37,1776538576000
1776538577.931,77.931,0.77,0.78,0.22,0.23,0.01,0.01,75621.37,1776538576000
1776538578.273,78.273,0.77,0.78,0.22,0.23,0.01,0.01,75623.7,1776538577000
1776538578.658,78.658,0.77,0.78,0.22,0.23,0.01,0.01,75623.7,1776538577000
1776538579.109,79.109,0.77,0.78,0.22,0.23,0.01,0.01,75623.7,1776538577000
1776538579.45,79.45,0.78,0.79,0.22,0.23,0.01,0.01,75623.7,1776538577000
1776538580.174,80.174,0.78,0.79,0.2,0.22,0.01,0.02,75623.67,1776538578000
1776538580.931,80.931,0.78,0.79,0.21,0.22,0.01,0.01,75623.61,1776538579000
1776538581.606,81.606,0.75,0.76,0.24,0.25,0.01,0.01,75623.41,1776538580000
1776538582.084,82.084,0.75,0.76,0.24,0.25,0.01,0.01,75623.41,1776538580000
1776538582.449,82.449,0.75,0.76,0.24,0.25,0.01,0.01,75623.41,1776538580000
1776538582.793,82.793,0.75,0.76,0.24,0.25,0.01,0.01,75618.62,1776538581000
1776538583.146,83.146,0.75,0.76,0.24,0.25,0.01,0.01,75618.62,1776538581000
1776538583.637,83.637,0.75,0.76,0.24,0.25,0.01,0.01,75618.29,1776538582000
1776538584.145,84.145,0.75,0.76,0.24,0.25,0.01,0.01,75619.99,1776538583000
1776538584.629,84.629,0.75,0.76,0.24,0.25,0.01,0.01,75619.99,1776538583000
1776538584.99,84.99,0.75,0.76,0.24,0.25,0.01,0.01,75619.99,1776538583000
1776538585.489,85.489,0.77,0.8,0.22,0.23,0.03,0.01,75619.99,1776538584000
1776538586.246,86.246,0.78,0.8,0.2,0.23,0.02,0.03,75619.99,1776538584000
1776538586.581,86.581,0.79,0.8,0.2,0.22,0.01,0.02,75620.34,1776538585000
1776538587.24,87.24,0.78,0.8,0.2,0.21,0.02,0.01,75620.34,1776538585000
1776538587.813,87.813,0.78,0.8,0.2,0.22,0.02,0.02,75620.48,1776538586000
1776538588.629,88.629,0.79,0.8,0.2,0.22,0.01,0.02,75621.68,1776538587000
1776538589.137,89.137,0.79,0.8,0.2,0.21,0.01,0.01,75622.08,1776538588000
1776538589.897,89.897,0.79,0.8,0.2,0.21,0.01,0.01,75622.08,1776538588000
1776538590.242,90.242,0.79,0.8,0.2,0.21,0.01,0.01,75622.08,1776538589000
1776538590.645,90.645,0.79,0.8,0.2,0.21,0.01,0.01,75622.08,1776538589000
1776538591.118,91.118,0.79,0.8,0.2,0.21,0.01,0.01,75622.08,1776538590000
1776538591.496,91.496,0.79,0.8,0.2,0.21,0.01,0.01,75622.08,1776538590000
1776538592.149,92.149,0.79,0.8,0.2,0.21,0.01,0.01,75622.08,1776538590000
1776538592.568,92.568,0.79,0.8,0.2,0.21,0.01,0.01,75622.08,1776538591000
1776538592.94,92.94,0.79,0.8,0.2,0.21,0.01,0.01,75622.23,1776538592000
1776538593.54,93.54,0.79,0.8,0.2,0.21,0.01,0.01,75622.23,1776538592000
1776538594.208,94.208,0.79,0.8,0.2,0.21,0.01,0.01,75622.28,1776538593000
1776538594.576,94.576,0.79,0.8,0.2,0.21,0.01,0.01,75622.28,1776538593000
1776538594.962,94.962,0.79,0.8,0.2,0.21,0.01,0.01,75622.28,1776538593000
1776538595.389,95.389,0.79,0.8,0.2,0.21,0.01,0.01,75622.45,1776538594000
1776538595.926,95.926,0.79,0.8,0.2,0.21,0.01,0.01,75622.45,1776538594000
1776538596.467,96.467,0.79,0.8,0.2,0.21,0.01,0.01,75622.48,1776538595000
1776538596.806,96.806,0.79,0.8,0.2,0.21,0.01,0.01,75622.48,1776538595000
1776538597.37,97.37,0.79,0.8,0.2,0.21,0.01,0.01,75622.47,1776538596000
1776538598.01,98.01,0.79,0.8,0.2,0.21,0.01,0.01,75622.47,1776538596000
1776538598.787,98.787,0.79,0.8,0.2,0.21,0.01,0.01,75622.47,1776538597000
1776538599.528,99.528,0.79,0.8,0.2,0.21,0.01,0.01,75622.47,1776538598000
1776538600.084,100.084,0.79,0.8,0.2,0.21,0.01,0.01,75622.5,1776538599000
1776538601.148,101.148,0.79,0.8,0.2,0.21,0.01,0.01,75622.5,1776538599000
1776538601.602,101.602,0.79,0.8,0.2,0.21,0.01,0.01,75622.49,1776538600000
1776538602.103,102.103,0.79,0.8,0.2,0.21,0.01,0.01,75622.49,1776538600000
1776538603.228,103.228,0.77,0.78,0.22,0.23,0.01,0.01,75622.49,1776538601000
1776538603.6,103.6,0.77,0.78,0.22,0.23,0.01,0.01,75622.5,1776538602000
1776538603.993,103.993,0.77,0.78,0.22,0.23,0.01,0.01,75622.5,1776538602000
1776538604.327,104.327,0.77,0.78,0.22,0.23,0.01,0.01,75620.35,1776538603000
1776538604.729,104.729,0.77,0.78,0.22,0.23,0.01,0.01,75620.35,1776538603000
1776538605.242,105.242,0.77,0.78,0.22,0.23,0.01,0.01,75620.35,1776538603000
1776538605.749,105.749,0.78,0.79,0.22,0.23,0.01,0.01,75620.12,1776538604000
1776538606.288,106.288,0.78,0.79,0.21,0.22,0.01,0.01,75620.13,1776538605000
1776538606.857,106.857,0.78,0.79,0.21,0.22,0.01,0.01,75620.13,1776538605000
1776538607.488,107.488,0.78,0.79,0.21,0.22,0.01,0.01,75619.35,1776538606000
1776538608.015,108.015,0.78,0.79,0.21,0.22,0.01,0.01,75619.35,1776538606000
1776538608.374,108.374,0.78,0.79,0.21,0.22,0.01,0.01,75620.12,1776538607000
1776538609.188,109.188,0.78,0.79,0.21,0.22,0.01,0.01,75620.13,1776538608000
1776538609.745,109.745,0.78,0.79,0.21,0.22,0.01,0.01,75620.13,1776538608000
1776538610.156,110.156,0.78,0.79,0.21,0.22,0.01,0.01,75620.13,1776538608000
1776538610.782,110.782,0.78,0.79,0.21,0.22,0.01,0.01,75619.23,1776538609000
1776538611.122,111.122,0.75,0.76,0.24,0.25,0.01,0.01,75619.23,1776538609000
1776538611.473,111.473,0.73,0.76,0.24,0.26,0.03,0.02,75619.23,1776538609000
1776538611.866,111.866,0.71,0.72,0.28,0.29,0.01,0.01,75620.12,1776538610000
1776538612.29,112.29,0.7,0.72,0.28,0.3,0.02,0.02,75616.13,1776538611000
1776538612.805,112.805,0.7,0.71,0.29,0.3,0.01,0.01,75616.13,1776538611000
1776538613.363,113.363,0.7,0.71,0.29,0.3,0.01,0.01,75598.45,1776538612000
1776538613.807,113.807,0.7,0.71,0.29,0.3,0.01,0.01,75598.45,1776538612000
1776538614.35,114.35,0.7,0.71,0.29,0.3,0.01,0.01,75598.45,1776538612000
1776538614.759,114.759,0.7,0.71,0.29,0.3,0.01,0.01,75602.29,1776538613000
1776538615.094,115.094,0.7,0.71,0.29,0.3,0.01,0.01,75602.28,1776538614000
1776538615.52,115.52,0.7,0.71,0.29,0.3,0.01,0.01,75602.28,1776538614000
1776538616.028,116.028,0.7,0.71,0.29,0.3,0.01,0.01,75602.28,1776538614000
1776538616.535,116.535,0.7,0.71,0.29,0.3,0.01,0.01,75600.94,1776538615000
1776538616.927,116.927,0.7,0.71,0.29,0.3,0.01,0.01,75600.94,1776538615000
1776538617.281,117.281,0.7,0.71,0.29,0.3,0.01,0.01,75600.94,1776538615000
1776538617.984,117.984,0.69,0.71,0.29,0.3,0.02,0.01,75600.48,1776538616000
1776538618.32,118.32,0.69,0.7,0.3,0.31,0.01,0.01,75600.76,1776538617000
1776538618.664,118.664,0.68,0.7,0.3,0.32,0.02,0.02,75600.76,1776538617000
1776538619.12,119.12,0.67,0.68,0.32,0.33,0.01,0.01,75600.04,1776538618000
1776538619.499,119.499,0.67,0.68,0.32,0.33,0.01,0.01,75600.04,1776538618000
1776538620.085,120.085,0.66,0.67,0.32,0.34,0.01,0.02,75600.04,1776538618000
1776538620.549,120.549,0.64,0.65,0.35,0.36,0.01,0.01,75595.74,1776538619000
1776538620.995,120.995,0.63,0.64,0.36,0.37,0.01,0.01,75595.74,1776538619000
1776538621.357,121.357,0.62,0.64,0.36,0.38,0.02,0.02,75595.74,1776538619000
1776538621.703,121.703,0.61,0.63,0.37,0.38,0.02,0.01,75590.68,1776538620000
1776538622.115,122.115,0.62,0.63,0.37,0.38,0.01,0.01,75588.46,1776538621000
1776538622.746,122.746,0.62,0.63,0.37,0.38,0.01,0.01,75588.46,1776538621000
1776538623.192,123.192,0.62,0.63,0.37,0.39,0.01,0.02,75588.46,1776538621000
1776538623.641,123.641,0.62,0.63,0.37,0.38,0.01,0.01,75582.35,1776538622000
1776538624.504,124.504,0.62,0.63,0.37,0.38,0.01,0.01,75584.94,1776538623000
1776538624.862,124.862,0.62,0.63,0.37,0.38,0.01,0.01,75584.94,1776538623000
1776538625.234,125.234,0.62,0.63,0.37,0.38,0.01,0.01,75583.11,1776538624000
1776538625.617,125.617,0.62,0.63,0.37,0.38,0.01,0.01,75583.11,1776538624000
1776538626.164,126.164,0.62,0.63,0.37,0.38,0.01,0.01,75585.18,1776538625000
1776538626.862,126.862,0.62,0.64,0.37,0.38,0.02,0.01,75585.18,1776538625000
1776538627.219,127.219,0.62,0.63,0.36,0.38,0.01,0.02,75585.18,1776538625000
1776538627.558,127.558,0.63,0.64,0.36,0.37,0.01,0.01,75585.08,1776538626000
1776538627.909,127.909,0.63,0.64,0.36,0.37,0.01,0.01,75585.08,1776538626000
1776538628.256,128.256,0.63,0.64,0.36,0.37,0.01,0.01,75585.08,1776538626000
1776538628.622,128.622,0.63,0.64,0.36,0.37,0.01,0.01,75588.55,1776538627000
1776538629.185,129.185,0.63,0.64,0.36,0.37,0.01,0.01,75588.55,1776538627000
1776538629.536,129.536,0.63,0.64,0.36,0.37,0.01,0.01,75589.7,1776538628000
1776538630.19,130.19,0.63,0.64,0.36,0.37,0.01,0.01,75589.7,1776538628000
1776538630.654,130.654,0.63,0.64,0.36,0.37,0.01,0.01,75591.28,1776538629000
1776538631.067,131.067,0.63,0.65,0.35,0.37,0.02,0.02,75591.6,1776538630000
1776538631.623,131.623,0.64,0.65,0.35,0.37,0.01,0.02,75591.6,1776538630000
1776538632.205,132.205,0.64,0.65,0.35,0.36,0.01,0.01,75591.6,1776538630000
1776538632.59,132.59,0.64,0.65,0.35,0.36,0.01,0.01,75591.6,1776538631000
1776538632.961,132.961,0.64,0.65,0.35,0.36,0.01,0.01,75591.6,1776538631000
1776538633.394,133.394,0.64,0.65,0.35,0.36,0.01,0.01,75591.6,1776538631000
1776538633.787,133.787,0.65,0.66,0.34,0.35,0.01,0.01,75593.5,1776538632000
1776538634.434,134.434,0.65,0.66,0.34,0.35,0.01,0.01,75593.5,1776538633000
1776538634.979,134.979,0.65,0.66,0.34,0.35,0.01,0.01,75593.5,1776538633000
1776538635.449,135.449,0.65,0.66,0.34,0.35,0.01,0.01,75593.52,1776538634000
1776538635.798,135.798,0.65,0.66,0.34,0.35,0.01,0.01,75593.52,1776538634000
1776538636.42,136.42,0.65,0.66,0.34,0.35,0.01,0.01,75593.52,1776538634000
1776538636.77,136.77,0.65,0.66,0.34,0.35,0.01,0.01,75593.51,1776538635000
1776538637.167,137.167,0.65,0.66,0.34,0.35,0.01,0.01,75593.51,1776538635000
1776538637.571,137.571,0.65,0.66,0.34,0.35,0.01,0.01,75593.76,1776538636000
1776538637.997,137.997,0.65,0.66,0.34,0.35,0.01,0.01,75593.69,1776538637000
1776538638.334,138.334,0.65,0.66,0.34,0.35,0.01,0.01,75593.69,1776538637000
1776538638.821,138.821,0.65,0.66,0.34,0.35,0.01,0.01,75593.69,1776538637000
1776538639.224,139.224,0.65,0.66,0.34,0.35,0.01,0.01,75593.63,1776538638000
1776538639.644,139.644,0.65,0.66,0.34,0.35,0.01,0.01,75593.63,1776538638000
1776538640.422,140.422,0.64,0.65,0.35,0.36,0.01,0.01,75593.63,1776538638000
1776538640.77,140.77,0.64,0.65,0.35,0.36,0.01,0.01,75593.61,1776538639000
1776538641.273,141.273,0.63,0.64,0.35,0.37,0.01,0.02,75592.95,1776538640000
1776538641.868,141.868,0.64,0.65,0.35,0.37,0.01,0.02,75592.95,1776538640000
1776538642.209,142.209,0.64,0.65,0.35,0.36,0.01,0.01,75587.02,1776538641000
1776538643.024,143.024,0.64,0.65,0.35,0.36,0.01,0.01,75587.02,1776538641000
1776538643.403,143.403,0.54,0.62,0.38,0.45,0.08,0.07,75587.02,1776538641000
1776538643.741,143.741,0.5,0.55,0.45,0.5,0.05,0.05,75576.91,1776538642000
1776538644.106,144.106,0.55,0.57,0.43,0.45,0.02,0.02,75576.91,1776538642000
1776538644.441,144.441,0.55,0.58,0.42,0.45,0.03,0.03,75577.44,1776538643000
1776538644.777,144.777,0.56,0.57,0.43,0.44,0.01,0.01,75577.44,1776538643000
1776538645.124,145.124,0.57,0.58,0.42,0.43,0.01,0.01,75577.44,1776538643000
1776538645.464,145.464,0.57,0.58,0.41,0.43,0.01,0.02,75579.8,1776538644000
1776538645.861,145.861,0.58,0.59,0.4,0.42,0.01,0.02,75579.8,1776538644000
1776538646.197,146.197,0.6,0.61,0.39,0.4,0.01,0.01,75579.8,1776538644000
1776538646.551,146.551,0.59,0.62,0.38,0.41,0.03,0.03,75581.88,1776538645000
1776538646.962,146.962,0.64,0.65,0.35,0.36,0.01,0.01,75581.88,1776538645000
1776538647.366,147.366,0.64,0.65,0.35,0.36,0.01,0.01,75581.88,1776538645000
1776538647.733,147.733,0.64,0.65,0.34,0.36,0.01,0.02,75583.72,1776538646000
1776538648.205,148.205,0.64,0.65,0.35,0.36,0.01,0.01,75585.65,1776538647000
1776538648.907,148.907,0.64,0.65,0.35,0.36,0.01,0.01,75585.65,1776538647000
1776538649.248,149.248,0.64,0.65,0.35,0.36,0.01,0.01,75593.23,1776538648000
1776538649.602,149.602,0.64,0.65,0.35,0.36,0.01,0.01,75593.23,1776538648000
1776538649.965,149.965,0.64,0.65,0.35,0.36,0.01,0.01,75593.23,1776538648000
1776538650.682,150.682,0.64,0.65,0.35,0.36,0.01,0.01,75593.92,1776538649000
1776538651.023,151.023,0.64,0.65,0.35,0.36,0.01,0.01,75593.92,1776538649000
1776538651.53,151.53,0.64,0.65,0.35,0.36,0.01,0.01,75594.01,1776538650000
1776538651.863,151.863,0.65,0.66,0.34,0.36,0.01,0.02,75594.01,1776538650000
1776538652.297,152.297,0.65,0.66,0.34,0.35,0.01,0.01,75594.01,1776538651000
1776538652.715,152.715,0.65,0.66,0.34,0.35,0.01,0.01,75594.01,1776538651000
1776538653.072,153.072,0.65,0.66,0.34,0.35,0.01,0.01,75594.01,1776538651000
1776538653.423,153.423,0.65,0.66,0.34,0.35,0.01,0.01,75594.01,1776538652000
1776538653.835,153.835,0.65,0.66,0.34,0.35,0.01,0.01,75594.01,1776538652000
1776538654.173,154.173,0.65,0.66,0.34,0.35,0.01,0.01,75593.93,1776538653000
1776538655.131,155.131,0.65,0.66,0.34,0.35,0.01,0.01,75593.58,1776538654000
1776538655.475,155.475,0.66,0.67,0.33,0.34,0.01,0.01,75593.58,1776538654000
1776538655.846,155.846,0.66,0.67,0.33,0.34,0.01,0.01,75593.58,1776538654000
1776538656.319,156.319,0.66,0.67,0.33,0.34,0.01,0.01,75593.6,1776538655000
1776538657.112,157.112,0.66,0.67,0.33,0.34,0.01,0.01,75593.6,1776538655000
1776538657.549,157.549,0.66,0.67,0.33,0.34,0.01,0.01,75593.6,1776538655000
1776538658.135,158.135,0.66,0.67,0.33,0.34,0.01,0.01,75597.72,1776538657000
1776538658.522,158.522,0.67,0.68,0.32,0.33,0.01,0.01,75597.72,1776538657000
1776538659.031,159.031,0.67,0.68,0.32,0.33,0.01,0.01,75597.72,1776538657000
1776538659.4,159.4,0.67,0.68,0.32,0.33,0.01,0.01,75594.1,1776538658000
1776538660.127,160.127,0.67,0.68,0.32,0.33,0.01,0.01,75594.1,1776538658000
1776538660.468,160.468,0.67,0.68,0.32,0.33,0.01,0.01,75597.72,1776538659000
1776538660.887,160.887,0.66,0.68,0.32,0.33,0.02,0.01,75597.72,1776538659000
1776538661.241,161.241,0.67,0.68,0.32,0.34,0.01,0.02,75597.72,1776538659000
1776538661.591,161.591,0.67,0.68,0.32,0.33,0.01,0.01,75594.1,1776538660000
1776538661.981,161.981,0.67,0.68,0.32,0.33,0.01,0.01,75594.1,1776538660000
1776538662.478,162.478,0.67,0.68,0.32,0.33,0.01,0.01,75594.48,1776538661000
1776538663.093,163.093,0.67,0.68,0.32,0.33,0.01,0.01,75594.48,1776538661000
1776538663.527,163.527,0.67,0.68,0.32,0.33,0.01,0.01,75594.26,1776538662000
1776538664.098,164.098,0.67,0.68,0.32,0.33,0.01,0.01,75594.26,1776538662000
1776538664.96,164.96,0.67,0.68,0.32,0.33,0.01,0.01,75594.26,1776538663000
1776538665.424,165.424,0.67,0.68,0.32,0.33,0.01,0.01,75594.03,1776538664000
1776538666.164,166.164,0.67,0.68,0.32,0.33,0.01,0.01,75594.03,1776538664000
1776538666.518,166.518,0.67,0.68,0.32,0.33,0.01,0.01,75593.32,1776538665000
1776538667.044,167.044,0.67,0.68,0.32,0.33,0.01,0.01,75593.32,1776538665000
1776538667.41,167.41,0.67,0.68,0.32,0.33,0.01,0.01,75593.3,1776538666000
1776538667.816,167.816,0.67,0.68,0.32,0.33,0.01,0.01,75593.3,1776538666000
1776538668.254,168.254,0.67,0.68,0.32,0.33,0.01,0.01,75593.3,1776538666000
1776538668.588,168.588,0.66,0.67,0.33,0.34,0.01,0.01,75590.72,1776538667000
1776538668.921,168.921,0.65,0.67,0.33,0.35,0.02,0.02,75590.72,1776538667000
1776538669.312,169.312,0.63,0.65,0.35,0.36,0.02,0.01,75590.72,1776538667000
1776538669.667,169.667,0.63,0.64,0.35,0.37,0.01,0.02,75593.67,1776538668000
1776538670.239,170.239,0.61,0.62,0.37,0.39,0.01,0.02,75593.67,1776538668000
1776538670.584,170.584,0.61,0.62,0.38,0.39,0.01,0.01,75593.67,1776538668000
1776538671.291,171.291,0.6,0.61,0.38,0.4,0.01,0.02,75591.25,1776538669000
1776538672.032,172.032,0.6,0.61,0.39,0.4,0.01,0.01,75588.61,1776538670000
1776538672.795,172.795,0.6,0.61,0.39,0.4,0.01,0.01,75585.02,1776538671000
1776538673.263,173.263,0.6,0.61,0.39,0.4,0.01,0.01,75585.3,1776538672000
1776538674.008,174.008,0.6,0.61,0.39,0.4,0.01,0.01,75585.3,1776538672000
1776538674.396,174.396,0.6,0.61,0.39,0.4,0.01,0.01,75585.3,1776538672000
1776538675.126,175.126,0.6,0.61,0.39,0.4,0.01,0.01,75584.11,1776538674000
1776538676.313,176.313,0.6,0.61,0.39,0.4,0.01,0.01,75584.84,1776538675000
1776538676.885,176.885,0.6,0.61,0.39,0.4,0.01,0.01,75584.84,1776538675000
1776538677.505,177.505,0.6,0.61,0.39,0.4,0.01,0.01,75584.85,1776538676000
1776538678.071,178.071,0.6,0.61,0.39,0.4,0.01,0.01,75584.86,1776538677000
1776538678.582,178.582,0.59,0.6,0.4,0.41,0.01,0.01,75584.86,1776538677000
1776538679.213,179.213,0.59,0.6,0.4,0.41,0.01,0.01,75583.41,1776538678000
1776538679.63,179.63,0.59,0.6,0.4,0.41,0.01,0.01,75583.41,1776538678000
1776538680.113,180.113,0.59,0.6,0.4,0.41,0.01,0.01,75583.41,1776538678000
1776538680.664,180.664,0.59,0.6,0.4,0.41,0.01,0.01,75583.33,1776538679000
1776538681.047,181.047,0.59,0.6,0.4,0.41,0.01,0.01,75583.49,1776538680000
1776538681.871,181.871,0.59,0.6,0.4,0.41,0.01,0.01,75583.49,1776538680000
1776538682.589,182.589,0.59,0.6,0.4,0.41,0.01,0.01,75582.37,1776538681000
1776538682.992,182.992,0.59,0.6,0.4,0.41,0.01,0.01,75582.37,1776538681000
1776538683.73,183.73,0.58,0.59,0.4,0.42,0.01,0.02,75581.23,1776538682000
1776538684.086,184.086,0.58,0.59,0.41,0.42,0.01,0.01,75581.23,1776538682000
1776538684.425,184.425,0.58,0.59,0.41,0.42,0.01,0.01,75583.49,1776538683000
1776538684.819,184.819,0.58,0.59,0.41,0.42,0.01,0.01,75583.49,1776538683000
1776538685.201,185.201,0.58,0.59,0.41,0.42,0.01,0.01,75580.56,1776538684000
1776538685.538,185.538,0.66,0.71,0.3,0.34,0.05,0.04,75580.56,1776538684000
1776538685.877,185.877,0.74,0.79,0.23,0.26,0.05,0.03,75580.56,1776538684000
1776538686.247,186.247,0.74,0.8,0.2,0.26,0.06,0.06,75581.44,1776538685000
1776538686.585,186.585,0.79,0.81,0.19,0.21,0.02,0.02,75581.44,1776538685000
1776538686.919,186.919,0.78,0.8,0.2,0.22,0.02,0.02,75581.44,1776538685000
1776538687.253,187.253,0.79,0.8,0.2,0.21,0.01,0.01,75581.44,1776538685000
1776538687.59,187.59,0.79,0.8,0.2,0.21,0.01,0.01,75617.26,1776538686000
1776538688.021,188.021,0.79,0.81,0.2,0.21,0.02,0.01,75617.26,1776538686000
1776538688.718,188.718,0.8,0.81,0.19,0.2,0.01,0.01,75617.26,1776538686000
1776538689.316,189.316,0.8,0.81,0.19,0.2,0.01,0.01,75617.61,1776538688000
1776538689.683,189.683,0.8,0.81,0.19,0.2,0.01,0.01,75617.61,1776538688000
1776538690.016,190.016,0.8,0.81,0.19,0.2,0.01,0.01,75617.61,1776538688000
1776538690.667,190.667,0.8,0.81,0.19,0.2,0.01,0.01,75617.9,1776538689000
1776538691.019,191.019,0.8,0.81,0.19,0.2,0.01,0.01,75617.9,1776538689000
1776538691.569,191.569,0.8,0.81,0.19,0.2,0.01,0.01,75617.9,1776538689000
1776538691.921,191.921,0.88,0.93,0.07,0.12,0.05,0.05,75618.81,1776538690000
1776538692.263,192.263,0.92,0.93,0.07,0.08,0.01,0.01,75618.81,1776538690000
1776538692.647,192.647,0.92,0.93,0.07,0.08,0.01,0.01,75618.59,1776538691000
1776538693.027,193.027,0.92,0.93,0.07,0.08,0.01,0.01,75618.59,1776538691000
1776538693.372,193.372,0.92,0.93,0.07,0.08,0.01,0.01,75641.67,1776538692000
1776538693.733,193.733,0.92,0.93,0.07,0.08,0.01,0.01,75641.67,1776538692000
1776538694.096,194.096,0.92,0.93,0.07,0.08,0.01,0.01,75641.67,1776538692000
1776538694.432,194.432,0.92,0.93,0.07,0.08,0.01,0.01,75641.45,1776538693000
1776538695.164,195.164,0.93,0.94,0.06,0.07,0.01,0.01,75641.45,1776538693000
1776538695.497,195.497,0.93,0.94,0.06,0.07,0.01,0.01,75645.02,1776538694000
1776538696.016,196.016,0.93,0.94,0.06,0.07,0.01,0.01,75645.02,1776538694000
1776538696.462,196.462,0.93,0.94,0.06,0.07,0.01,0.01,75645.04,1776538695000
1776538697.027,197.027,0.93,0.94,0.06,0.07,0.01,0.01,75645.27,1776538696000
1776538697.648,197.648,0.91,0.93,0.08,0.09,0.02,0.01,75645.27,1776538696000
1776538698.199,198.199,0.91,0.92,0.08,0.09,0.01,0.01,75645.27,1776538696000
1776538698.599,198.599,0.91,0.92,0.08,0.09,0.01,0.01,75643.0,1776538697000
1776538699.097,199.097,0.89,0.9,0.1,0.11,0.01,0.01,75643.0,1776538697000
1776538699.442,199.442,0.89,0.9,0.1,0.11,0.01,0.01,75643.0,1776538697000
1776538699.878,199.878,0.89,0.9,0.1,0.11,0.01,0.01,75636.21,1776538698000
1776538700.221,200.221,0.89,0.9,0.1,0.11,0.01,0.01,75635.72,1776538699000
1776538700.572,200.572,0.89,0.9,0.1,0.11,0.01,0.01,75635.72,1776538699000
1776538700.962,200.962,0.89,0.9,0.1,0.11,0.01,0.01,75635.72,1776538699000
1776538701.353,201.353,0.89,0.9,0.1,0.11,0.01,0.01,75635.72,1776538699000
1776538701.727,201.727,0.89,0.9,0.1,0.11,0.01,0.01,75635.72,1776538699000
1776538702.098,202.098,0.89,0.9,0.1,0.11,0.01,0.01,75634.6,1776538700000
1776538702.51,202.51,0.89,0.9,0.1,0.11,0.01,0.01,75634.12,1776538701000
1776538702.959,202.959,0.89,0.9,0.1,0.11,0.01,0.01,75634.12,1776538701000
1776538703.306,203.306,0.89,0.9,0.1,0.11,0.01,0.01,75634.12,1776538701000
1776538703.712,203.712,0.9,0.91,0.09,0.11,0.01,0.02,75634.33,1776538702000
1776538704.069,204.069,0.9,0.91,0.09,0.1,0.01,0.01,75634.33,1776538702000
1776538704.455,204.455,0.9,0.91,0.09,0.1,0.01,0.01,75632.01,1776538703000
1776538705.183,205.183,0.9,0.91,0.09,0.1,0.01,0.01,75632.03,1776538704000
1776538705.581,205.581,0.9,0.91,0.09,0.1,0.01,0.01,75632.03,1776538704000
1776538706.029,206.029,0.9,0.91,0.09,0.1,0.01,0.01,75632.03,1776538704000
1776538706.368,206.368,0.9,0.91,0.09,0.1,0.01,0.01,75634.15,1776538705000
1776538706.834,206.834,0.9,0.91,0.09,0.1,0.01,0.01,75634.15,1776538705000
1776538707.182,207.182,0.9,0.91,0.09,0.1,0.01,0.01,75634.15,1776538705000
1776538707.53,207.53,0.92,0.94,0.06,0.1,0.02,0.04,75634.15,1776538705000
1776538707.918,207.918,0.94,0.95,0.05,0.06,0.01,0.01,75634.15,1776538705000
1776538708.272,208.272,0.94,0.95,0.05,0.06,0.01,0.01,75659.28,1776538706000
1776538708.61,208.61,0.94,0.95,0.05,0.06,0.01,0.01,75659.28,1776538706000
1776538708.957,208.957,0.94,0.95,0.04,0.06,0.01,0.02,75661.61,1776538707000
1776538709.345,209.345,0.94,0.96,0.04,0.06,0.02,0.02,75661.61,1776538707000
1776538709.783,209.783,0.95,0.96,0.04,0.05,0.01,0.01,75662.09,1776538708000
1776538710.161,210.161,0.95,0.96,0.04,0.05,0.01,0.01,75665.41,1776538709000
1776538710.514,210.514,0.95,0.96,0.04,0.05,0.01,0.01,75665.41,1776538709000
1776538710.847,210.847,0.95,0.96,0.04,0.05,0.01,0.01,75665.41,1776538709000
1776538711.21,211.21,0.96,0.97,0.03,0.04,0.01,0.01,75665.41,1776538709000
1776538711.545,211.545,0.96,0.97,0.03,0.04,0.01,0.01,75665.41,1776538709000
1776538711.941,211.941,0.96,0.97,0.03,0.04,0.01,0.01,75662.77,1776538710000
1776538712.316,212.316,0.96,0.97,0.03,0.04,0.01,0.01,75662.77,1776538710000
1776538712.681,212.681,0.96,0.97,0.03,0.04,0.01,0.01,75662.77,1776538711000
1776538713.198,213.198,0.96,0.97,0.03,0.04,0.01,0.01,75662.77,1776538711000
1776538713.545,213.545,0.96,0.97,0.03,0.04,0.01,0.01,75662.77,1776538711000
1776538713.9,213.9,0.96,0.97,0.03,0.04,0.01,0.01,75666.97,1776538712000
1776538714.247,214.247,0.96,0.97,0.03,0.04,0.01,0.01,75666.97,1776538712000
1776538714.67,214.67,0.96,0.97,0.03,0.04,0.01,0.01,75670.28,1776538713000
1776538715.032,215.032,0.96,0.97,0.03,0.04,0.01,0.01,75670.28,1776538713000
1776538715.465,215.465,0.96,0.97,0.03,0.04,0.01,0.01,75670.28,1776538713000
1776538715.83,215.83,0.96,0.97,0.03,0.04,0.01,0.01,75670.28,1776538714000
1776538716.348,216.348,0.97,0.98,0.02,0.03,0.01,0.01,75670.28,1776538714000
1776538716.753,216.753,0.97,0.98,0.02,0.03,0.01,0.01,75671.88,1776538715000
1776538717.13,217.13,0.97,0.98,0.02,0.03,0.01,0.01,75671.88,1776538715000
1776538717.644,217.644,0.97,0.98,0.02,0.03,0.01,0.01,75672.37,1776538716000
1776538717.99,217.99,0.97,0.98,0.02,0.03,0.01,0.01,75672.37,1776538716000
1776538718.421,218.421,0.97,0.98,0.02,0.03,0.01,0.01,75674.4,1776538717000
1776538718.778,218.778,0.97,0.98,0.02,0.03,0.01,0.01,75674.4,1776538717000
1776538719.217,219.217,0.97,0.98,0.02,0.03,0.01,0.01,75674.4,1776538717000
1776538719.684,219.684,0.97,0.98,0.02,0.03,0.01,0.01,75674.4,1776538717000
1776538720.166,220.166,0.97,0.98,0.02,0.03,0.01,0.01,75671.48,1776538718000
1776538720.5,220.5,0.97,0.98,0.02,0.03,0.01,0.01,75671.48,1776538718000
1776538720.867,220.867,0.97,0.98,0.02,0.03,0.01,0.01,75671.48,1776538718000
1776538721.239,221.239,0.98,0.99,0.01,0.02,0.01,0.01,75672.68,1776538719000
1776538721.627,221.627,0.98,0.99,0.01,0.02,0.01,0.01,75672.68,1776538719000
1776538722.189,222.189,0.98,0.99,0.01,0.02,0.01,0.01,75672.56,1776538720000
1776538722.547,222.547,0.98,0.99,0.01,0.02,0.01,0.01,75672.56,1776538721000
1776538722.965,222.965,0.98,0.99,0.01,0.02,0.01,0.01,75672.56,1776538721000
1776538723.306,223.306,0.98,0.99,0.01,0.02,0.01,0.01,75672.56,1776538721000
1776538723.963,223.963,0.98,0.99,0.01,0.02,0.01,0.01,75672.56,1776538721000
1776538724.416,224.416,0.98,0.99,0.01,0.02,0.01,0.01,75671.18,1776538723000
1776538725.205,225.205,0.98,0.99,0.01,0.02,0.01,0.01,75671.18,1776538723000
1776538725.65,225.65,0.98,0.99,0.01,0.02,0.01,0.01,75671.18,1776538723000
1776538726.093,226.093,0.98,0.99,0.01,0.02,0.01,0.01,75670.64,1776538724000
1776538726.48,226.48,0.98,0.99,0.01,0.02,0.01,0.01,75670.66,1776538725000
1776538727.053,227.053,0.98,0.99,0.01,0.02,0.01,0.01,75670.66,1776538725000
1776538727.394,227.394,0.98,0.99,0.01,0.02,0.01,0.01,75670.29,1776538726000
1776538727.748,227.748,0.98,0.99,0.01,0.02,0.01,0.01,75670.29,1776538726000
1776538728.278,228.278,0.98,0.99,0.01,0.02,0.01,0.01,75670.29,1776538726000
1776538728.63,228.63,0.98,0.99,0.01,0.02,0.01,0.01,75670.26,1776538727000
1776538729.0,229.0,0.98,0.99,0.01,0.02,0.01,0.01,75670.26,1776538727000
1776538729.418,229.418,0.98,0.99,0.01,0.02,0.01,0.01,75670.07,1776538728000
1776538729.914,229.914,0.98,0.99,0.01,0.02,0.01,0.01,75670.07,1776538728000
1776538730.624,230.624,0.98,0.99,0.01,0.02,0.01,0.01,75670.65,1776538729000
1776538730.963,230.963,0.98,0.99,0.01,0.02,0.01,0.01,75670.65,1776538729000
1776538731.592,231.592,0.98,0.99,0.01,0.02,0.01,0.01,75670.56,1776538730000
1776538732.26,232.26,0.98,0.99,0.01,0.02,0.01,0.01,75670.65,1776538731000
1776538732.694,232.694,0.98,0.99,0.01,0.02,0.01,0.01,75670.65,1776538731000
1776538733.029,233.029,0.98,0.99,0.01,0.02,0.01,0.01,75670.65,1776538731000
1776538733.502,233.502,0.98,0.99,0.01,0.02,0.01,0.01,75670.65,1776538731000
1776538734.13,234.13,0.98,0.99,0.01,0.02,0.01,0.01,75670.67,1776538732000
1776538734.513,234.513,0.98,0.99,0.01,0.02,0.01,0.01,75670.67,1776538732000
1776538735.099,235.099,0.98,0.99,0.01,0.02,0.01,0.01,75672.73,1776538733000
1776538735.454,235.454,0.98,0.99,0.01,0.02,0.01,0.01,75672.9,1776538734000
1776538735.831,235.831,0.98,0.99,0.01,0.02,0.01,0.01,75672.9,1776538734000
1776538736.253,236.253,0.97,0.99,0.01,0.02,0.02,0.01,75672.9,1776538734000
1776538736.686,236.686,0.98,0.99,0.01,0.03,0.01,0.02,75672.9,1776538734000
1776538737.066,237.066,0.98,0.99,0.01,0.02,0.01,0.01,75674.03,1776538735000
1776538737.5,237.5,0.98,0.99,0.01,0.02,0.01,0.01,75674.03,1776538735000
1776538737.929,237.929,0.98,0.99,0.01,0.02,0.01,0.01,75674.04,1776538736000
1776538738.313,238.313,0.98,0.99,0.01,0.02,0.01,0.01,75674.22,1776538737000
1776538738.738,238.738,0.98,0.99,0.01,0.02,0.01,0.01,75674.22,1776538737000
1776538739.2,239.2,0.98,0.99,0.01,0.02,0.01,0.01,75674.22,1776538737000
1776538739.558,239.558,0.98,0.99,0.01,0.02,0.01,0.01,75670.18,1776538738000
1776538739.912,239.912,0.98,0.99,0.01,0.02,0.01,0.01,75670.18,1776538738000
1776538740.386,240.386,0.98,0.99,0.01,0.02,0.01,0.01,75670.18,1776538738000
1776538740.72,240.72,0.98,0.99,0.01,0.02,0.01,0.01,75669.4,1776538739000
1776538741.199,241.199,0.98,0.99,0.01,0.02,0.01,0.01,75669.4,1776538739000
1776538741.569,241.569,0.98,0.99,0.01,0.02,0.01,0.01,75674.37,1776538740000
1776538741.977,241.977,0.98,0.99,0.01,0.02,0.01,0.01,75674.37,1776538740000
1776538742.42,242.42,0.98,0.99,0.01,0.02,0.01,0.01,75669.89,1776538741000
1776538742.84,242.84,0.98,0.99,0.01,0.02,0.01,0.01,75669.89,1776538741000
1776538743.248,243.248,0.98,0.99,0.01,0.02,0.01,0.01,75669.89,1776538741000
1776538743.646,243.646,0.98,0.99,0.01,0.02,0.01,0.01,75669.89,1776538741000
1776538744.095,244.095,0.98,0.99,0.01,0.02,0.01,0.01,75672.62,1776538743000
1776538744.555,244.555,0.98,0.99,0.01,0.02,0.01,0.01,75672.62,1776538743000
1776538745.041,245.041,0.98,0.99,0.01,0.02,0.01,0.01,75673.42,1776538744000
1776538745.406,245.406,0.98,0.99,0.01,0.02,0.01,0.01,75673.42,1776538744000
1776538745.805,245.805,0.98,0.99,0.01,0.02,0.01,0.01,75673.42,1776538744000
1776538746.19,246.19,0.98,0.99,0.01,0.02,0.01,0.01,75673.2,1776538745000
1776538746.574,246.574,0.98,0.99,0.01,0.02,0.01,0.01,75673.2,1776538745000
1776538746.924,246.924,0.98,0.99,0.01,0.02,0.01,0.01,75673.2,1776538745000
1776538747.277,247.277,0.98,0.99,0.01,0.02,0.01,0.01,75673.75,1776538746000
1776538747.67,247.67,0.98,0.99,0.01,0.02,0.01,0.01,75673.75,1776538746000
1776538748.039,248.039,0.98,0.99,0.01,0.02,0.01,0.01,75673.75,1776538746000
1776538748.791,248.791,0.98,0.99,0.01,0.02,0.01,0.01,75673.75,1776538747000
1776538749.269,249.269,0.98,0.99,0.01,0.02,0.01,0.01,75673.75,1776538747000
1776538749.654,249.654,0.98,0.99,0.01,0.02,0.01,0.01,75673.73,1776538748000
1776538750.154,250.154,0.98,0.99,0.01,0.02,0.01,0.01,75673.75,1776538749000
1776538750.718,250.718,0.98,0.99,0.01,0.02,0.01,0.01,75673.75,1776538749000
1776538751.171,251.171,0.98,0.99,0.01,0.02,0.01,0.01,75673.93,1776538750000
1776538751.52,251.52,0.98,0.99,0.01,0.02,0.01,0.01,75673.93,1776538750000
1776538752.117,252.117,0.98,0.99,0.01,0.02,0.01,0.01,75673.93,1776538750000
1776538752.501,252.501,0.98,0.99,0.01,0.02,0.01,0.01,75674.37,1776538751000
1776538752.888,252.888,0.98,0.99,0.01,0.02,0.01,0.01,75674.37,1776538751000
1776538753.274,253.274,0.98,0.99,0.01,0.02,0.01,0.01,75674.37,1776538751000
1776538753.648,253.648,0.98,0.99,0.01,0.02,0.01,0.01,75674.7,1776538752000
1776538753.99,253.99,0.98,0.99,0.01,0.04,0.01,0.03,75674.7,1776538752000
1776538754.346,254.346,0.98,0.99,0.01,0.02,0.01,0.01,75674.65,1776538753000
1776538754.711,254.711,0.98,0.99,0.01,0.02,0.01,0.01,75674.65,1776538753000
1776538755.14,255.14,0.98,0.99,0.01,0.02,0.01,0.01,75674.65,1776538753000
1776538755.474,255.474,0.98,0.99,0.01,0.02,0.01,0.01,75679.61,1776538754000
1776538755.81,255.81,0.981,0.982,0.018,0.019,0.001,0.001,75679.61,1776538754000
1776538756.206,256.206,0.986,0.99,0.01,0.016,0.004,0.006,75679.61,1776538754000
1776538756.579,256.579,0.986,0.99,0.01,0.014,0.004,0.004,75675.33,1776538755000
1776538756.926,256.926,0.986,0.99,0.01,0.014,0.004,0.004,75675.33,1776538755000
1776538757.354,257.354,0.983,0.99,0.01,0.015,0.007,0.005,75675.33,1776538755000
1776538757.704,257.704,0.983,0.99,0.01,0.017,0.007,0.007,75675.0,1776538756000
1776538758.042,258.042,0.983,0.99,0.01,0.017,0.007,0.007,75675.0,1776538756000
1776538759.077,259.077,0.984,0.99,0.01,0.017,0.006,0.007,75674.48,1776538757000
1776538759.474,259.474,0.984,0.99,0.01,0.016,0.006,0.006,75674.48,1776538757000
1776538759.89,259.89,0.97,0.99,0.01,0.015,0.02,0.005,75670.67,1776538758000
1776538760.34,260.34,0.974,0.98,0.02,0.028,0.006,0.008,75670.67,1776538758000
1776538760.688,260.688,0.981,0.99,0.01,0.02,0.009,0.01,75674.18,1776538759000
1776538761.1,261.1,0.981,0.99,0.01,0.019,0.009,0.009,75674.18,1776538759000
1776538761.518,261.518,0.981,0.99,0.01,0.019,0.009,0.009,75673.5,1776538760000
1776538762.04,262.04,0.981,0.99,0.01,0.018,0.009,0.008,75673.5,1776538760000
1776538762.409,262.409,0.981,0.99,0.01,0.019,0.009,0.009,75673.5,1776538760000
1776538762.778,262.778,0.982,0.99,0.01,0.018,0.008,0.008,75672.01,1776538761000
1776538763.152,263.152,0.982,0.99,0.01,0.018,0.008,0.008,75669.75,1776538762000
1776538763.579,263.579,0.98,0.99,0.01,0.02,0.01,0.01,75669.75,1776538762000
1776538763.966,263.966,0.98,0.99,0.01,0.02,0.01,0.01,75669.75,1776538762000
1776538764.375,264.375,0.98,0.99,0.01,0.02,0.01,0.01,75672.35,1776538763000
1776538764.742,264.742,0.981,0.99,0.01,0.02,0.009,0.01,75672.35,1776538763000
1776538765.131,265.131,0.991,0.994,0.006,0.009,0.003,0.003,75672.35,1776538764000
1776538765.667,265.667,0.991,0.995,0.005,0.009,0.004,0.004,75672.35,1776538764000
1776538766.007,266.007,0.991,0.995,0.005,0.009,0.004,0.004,75672.35,1776538764000
1776538766.399,266.399,0.99,0.995,0.005,0.01,0.005,0.005,75672.35,1776538764000
1776538766.744,266.744,0.99,0.995,0.005,0.01,0.005,0.005,75672.36,1776538765000
1776538767.159,267.159,0.99,0.995,0.005,0.01,0.005,0.005,75672.36,1776538765000
1776538767.538,267.538,0.99,0.995,0.005,0.01,0.005,0.005,75672.35,1776538766000
1776538767.89,267.89,0.99,0.995,0.005,0.01,0.005,0.005,75672.35,1776538766000
1776538768.282,268.282,0.99,0.995,0.005,0.01,0.005,0.005,75672.31,1776538767000
1776538769.883,269.883,0.99,0.997,0.003,0.01,0.007,0.007,75672.32,1776538768000
1776538770.407,270.407,0.991,0.997,0.003,0.009,0.006,0.006,75672.32,1776538768000
1776538771.128,271.128,0.991,0.997,0.003,0.009,0.006,0.006,75672.34,1776538770000
1776538771.551,271.551,0.997,0.999,0.003,0.009,0.002,0.006,75672.34,1776538770000
1776538771.903,271.903,0.99,0.999,0.001,0.003,0.009,0.002,75672.34,1776538770000
1776538772.281,272.281,0.99,0.999,0.001,0.01,0.009,0.009,75672.34,1776538770000
1776538773.409,273.409,0.99,0.999,0.001,0.01,0.009,0.009,75672.34,1776538771000
1776538773.765,273.765,0.991,0.999,0.001,0.009,0.008,0.008,75672.33,1776538772000
1776538774.412,274.412,0.991,0.999,0.001,0.009,0.008,0.008,75672.25,1776538773000
1776538775.374,275.374,0.991,0.999,0.001,0.009,0.008,0.008,75672.21,1776538774000
1776538776.364,276.364,0.991,0.999,0.001,0.009,0.008,0.008,75672.36,1776538775000
1776538777.422,277.422,0.991,0.999,0.001,0.009,0.008,0.008,75672.67,1776538776000
1776538777.887,277.887,0.992,0.999,0.001,0.009,0.007,0.008,75672.67,1776538776000
1776538778.345,278.345,0.991,0.999,0.001,0.009,0.008,0.008,75672.72,1776538777000
1776538778.724,278.724,0.991,0.999,0.001,0.009,0.008,0.008,75672.72,1776538777000
1776538779.217,279.217,0.991,0.999,0.001,0.009,0.008,0.008,75672.69,1776538778000
1776538779.757,279.757,0.991,0.999,0.001,0.009,0.008,0.008,75672.69,1776538778000
1776538780.129,280.129,0.991,0.999,0.001,0.009,0.008,0.008,75672.69,1776538778000
1776538780.48,280.48,0.991,0.999,0.001,0.009,0.008,0.008,75672.72,1776538779000
1776538780.872,280.872,0.991,0.999,0.001,0.009,0.008,0.008,75672.72,1776538779000
1776538781.354,281.354,0.991,0.999,0.001,0.009,0.008,0.008,75672.7,1776538780000
1776538782.211,282.211,0.991,0.999,0.001,0.009,0.008,0.008,75672.71,1776538781000
1776538782.673,282.673,0.991,0.999,0.001,0.009,0.008,0.008,75672.71,1776538781000
1776538783.093,283.093,0.991,0.999,0.001,0.009,0.008,0.008,75672.71,1776538781000
1776538783.749,283.749,0.992,0.999,0.001,0.009,0.007,0.008,75672.25,1776538782000
1776538784.297,284.297,0.992,0.999,0.001,0.008,0.007,0.007,75672.25,1776538782000
1776538784.909,284.909,0.999,0.999,0.001,0.008,0.0,0.007,75672.26,1776538783000
1776538785.344,285.344,0.999,0.999,0.001,0.001,0.0,0.0,75672.18,1776538784000
1776538785.765,285.765,0.999,0.999,0.001,0.001,0.0,0.0,75672.18,1776538784000
1776538786.391,286.391,0.999,0.999,0.001,0.001,0.0,0.0,75672.17,1776538785000
1776538786.941,286.941,0.999,0.999,0.001,0.001,0.0,0.0,75672.17,1776538786000
1776538788.062,288.062,0.999,0.999,0.001,0.001,0.0,0.0,75672.18,1776538787000
1776538788.98,288.98,0.999,0.999,0.001,0.001,0.0,0.0,75672.18,1776538788000
1776538790.2,290.2,0.999,0.999,0.001,0.001,0.0,0.0,75672.19,1776538789000
1776538790.977,290.977,0.999,0.999,0.001,0.001,0.0,0.0,75672.19,1776538790000
1776538791.697,291.697,0.999,0.999,0.001,0.001,0.0,0.0,75672.19,1776538790000
1776538793.124,293.124,0.999,0.999,0.001,0.001,0.0,0.0,75670.63,1776538792000
1776538793.709,293.709,0.999,0.999,0.001,0.001,0.0,0.0,75670.63,1776538792000
1776538794.157,294.157,0.999,0.999,0.001,0.001,0.0,0.0,75670.64,1776538793000
1776538795.106,295.106,0.999,0.999,0.001,0.001,0.0,0.0,75670.65,1776538794000
1776538796.085,296.085,0.999,0.999,0.001,0.001,0.0,0.0,75670.1,1776538795000
1776538797.0,297.0,0.999,0.999,0.001,0.001,0.0,0.0,75670.1,1776538795000
1776538798.801,298.801,0.999,0.999,0.001,0.001,0.0,0.0,75670.15,1776538797000
1776538799.507,299.507,0.999,0.999,0.001,0.001,0.0,0.0,75666.61,1776538798000
1776538800.113,300.113,0.999,0.999,0.001,0.001,0.0,0.0,75666.61,1776538798000
1776538800.754,300.754,0.999,0.999,0.001,0.001,0.0,0.0,75663.07,1776538799000
1776538801.512,301.512,0.999,0.999,0.001,0.001,0.0,0.0,75667.58,1776538800000
1776538802.138,302.138,0.999,0.999,0.001,0.001,0.0,0.0,75667.33,1776538801000

# RESULT,winner=Up,slug=btc-updown-5m-1776538500,ticks=633
