timestamp,elapsed_sec,up_bid,up_ask,down_bid,down_ask,up_spread,down_spread,btc_price,btc_oracle_ts
1776371400.802,0.802,0.51,0.52,0.48,0.5,0.01,0.02,75193.1,1776371399000
1776371401.19,1.19,0.5,0.52,0.48,0.5,0.02,0.02,75193.11,1776371400000
1776371401.559,1.559,0.51,0.52,0.48,0.49,0.01,0.01,75193.11,1776371400000
1776371401.984,1.984,0.51,0.52,0.48,0.49,0.01,0.01,75193.11,1776371400000
1776371402.411,2.411,0.51,0.52,0.48,0.49,0.01,0.01,75193.11,1776371400000
1776371402.824,2.824,0.52,0.53,0.47,0.49,0.01,0.02,75203.23,1776371401000
1776371403.254,3.254,0.52,0.53,0.47,0.48,0.01,0.01,75203.23,1776371401000
1776371403.796,3.796,0.52,0.53,0.47,0.48,0.01,0.01,75203.13,1776371402000
1776371404.258,4.258,0.53,0.54,0.46,0.47,0.01,0.01,75202.91,1776371403000
1776371404.657,4.657,0.54,0.55,0.45,0.46,0.01,0.01,75202.91,1776371403000
1776371405.448,5.448,0.54,0.55,0.45,0.46,0.01,0.01,75202.91,1776371403000
1776371405.833,5.833,0.54,0.55,0.45,0.46,0.01,0.01,75203.0,1776371404000
1776371406.299,6.299,0.54,0.55,0.45,0.46,0.01,0.01,75202.71,1776371405000
1776371406.96,6.96,0.54,0.55,0.45,0.46,0.01,0.01,75202.71,1776371405000
1776371407.502,7.502,0.54,0.55,0.45,0.46,0.01,0.01,75202.69,1776371406000
1776371407.921,7.921,0.54,0.55,0.45,0.46,0.01,0.01,75202.69,1776371406000
1776371408.257,8.257,0.54,0.55,0.45,0.46,0.01,0.01,75203.74,1776371407000
1776371408.805,8.805,0.54,0.55,0.45,0.46,0.01,0.01,75203.74,1776371407000
1776371409.145,9.145,0.54,0.55,0.45,0.46,0.01,0.01,75203.72,1776371408000
1776371409.586,9.586,0.54,0.55,0.45,0.46,0.01,0.01,75203.72,1776371408000
1776371410.154,10.154,0.54,0.55,0.45,0.46,0.01,0.01,75203.72,1776371408000
1776371410.501,10.501,0.54,0.55,0.45,0.46,0.01,0.01,75203.71,1776371409000
1776371410.921,10.921,0.54,0.55,0.45,0.46,0.01,0.01,75203.71,1776371409000
1776371411.306,11.306,0.54,0.55,0.45,0.46,0.01,0.01,75203.71,1776371409000
1776371411.644,11.644,0.54,0.55,0.45,0.46,0.01,0.01,75203.7,1776371410000
1776371412.166,12.166,0.54,0.55,0.45,0.46,0.01,0.01,75203.7,1776371411000
1776371412.689,12.689,0.54,0.55,0.45,0.46,0.01,0.01,75203.7,1776371411000
1776371413.105,13.105,0.54,0.55,0.45,0.46,0.01,0.01,75203.96,1776371412000
1776371414.148,14.148,0.54,0.55,0.45,0.46,0.01,0.01,75203.96,1776371412000
1776371414.697,14.697,0.54,0.55,0.45,0.46,0.01,0.01,75203.96,1776371413000
1776371415.098,15.098,0.54,0.55,0.45,0.46,0.01,0.01,75203.96,1776371413000
1776371415.432,15.432,0.54,0.55,0.45,0.46,0.01,0.01,75203.9,1776371414000
1776371415.851,15.851,0.54,0.55,0.45,0.46,0.01,0.01,75203.9,1776371414000
1776371416.318,16.318,0.54,0.55,0.45,0.46,0.01,0.01,75203.91,1776371415000
1776371416.723,16.723,0.54,0.56,0.45,0.46,0.02,0.01,75203.91,1776371415000
1776371417.238,17.238,0.55,0.56,0.44,0.45,0.01,0.01,75203.91,1776371415000
1776371417.653,17.653,0.55,0.56,0.44,0.45,0.01,0.01,75203.91,1776371416000
1776371418.004,18.004,0.55,0.56,0.44,0.45,0.01,0.01,75203.91,1776371416000
1776371418.453,18.453,0.55,0.56,0.44,0.45,0.01,0.01,75203.93,1776371417000
1776371418.849,18.849,0.55,0.56,0.44,0.45,0.01,0.01,75203.93,1776371417000
1776371419.203,19.203,0.54,0.55,0.45,0.46,0.01,0.01,75203.93,1776371417000
1776371419.563,19.563,0.53,0.54,0.46,0.47,0.01,0.01,75203.94,1776371418000
1776371420.019,20.019,0.53,0.54,0.46,0.47,0.01,0.01,75203.94,1776371418000
1776371420.404,20.404,0.53,0.54,0.46,0.47,0.01,0.01,75203.94,1776371419000
1776371420.753,20.753,0.53,0.54,0.46,0.47,0.01,0.01,75203.94,1776371419000
1776371421.13,21.13,0.53,0.54,0.46,0.47,0.01,0.01,75203.94,1776371419000
1776371421.537,21.537,0.54,0.55,0.46,0.47,0.01,0.01,75203.94,1776371419000
1776371421.974,21.974,0.54,0.55,0.45,0.46,0.01,0.01,75203.94,1776371419000
1776371422.454,22.454,0.54,0.55,0.45,0.46,0.01,0.01,75203.9,1776371420000
1776371422.856,22.856,0.54,0.55,0.45,0.46,0.01,0.01,75203.9,1776371421000
1776371423.251,23.251,0.54,0.55,0.45,0.46,0.01,0.01,75203.85,1776371422000
1776371423.79,23.79,0.54,0.55,0.45,0.46,0.01,0.01,75203.85,1776371422000
1776371424.347,24.347,0.54,0.55,0.45,0.46,0.01,0.01,75203.85,1776371423000
1776371424.846,24.846,0.54,0.55,0.45,0.46,0.01,0.01,75203.85,1776371423000
1776371425.193,25.193,0.54,0.55,0.45,0.46,0.01,0.01,75203.1,1776371424000
1776371425.542,25.542,0.49,0.53,0.45,0.51,0.04,0.06,75203.1,1776371424000
1776371426.29,26.29,0.48,0.52,0.48,0.52,0.04,0.04,75203.03,1776371425000
1776371426.82,26.82,0.49,0.51,0.48,0.51,0.02,0.03,75203.03,1776371425000
1776371427.16,27.16,0.49,0.5,0.5,0.51,0.01,0.01,75203.03,1776371425000
1776371427.5,27.5,0.43,0.44,0.56,0.57,0.01,0.01,75200.21,1776371426000
1776371427.847,27.847,0.44,0.46,0.54,0.56,0.02,0.02,75200.21,1776371426000
1776371428.193,28.193,0.43,0.45,0.55,0.57,0.02,0.02,75200.21,1776371426000
1776371428.601,28.601,0.43,0.44,0.56,0.57,0.01,0.01,75200.21,1776371426000
1776371428.936,28.936,0.43,0.44,0.56,0.57,0.01,0.01,75188.85,1776371427000
1776371429.279,29.279,0.41,0.44,0.56,0.57,0.03,0.01,75186.11,1776371428000
1776371429.672,29.672,0.4,0.43,0.57,0.58,0.03,0.01,75186.11,1776371428000
1776371430.006,30.006,0.4,0.42,0.59,0.6,0.02,0.01,75186.11,1776371428000
1776371430.367,30.367,0.4,0.41,0.59,0.6,0.01,0.01,75183.22,1776371429000
1776371430.728,30.728,0.39,0.4,0.6,0.61,0.01,0.01,75183.22,1776371429000
1776371431.226,31.226,0.38,0.39,0.6,0.62,0.01,0.02,75183.22,1776371429000
1776371431.707,31.707,0.38,0.39,0.61,0.62,0.01,0.01,75178.12,1776371430000
1776371432.116,32.116,0.38,0.39,0.61,0.62,0.01,0.01,75177.17,1776371431000
1776371432.561,32.561,0.38,0.39,0.61,0.62,0.01,0.01,75177.17,1776371431000
1776371432.91,32.91,0.38,0.39,0.61,0.62,0.01,0.01,75177.17,1776371431000
1776371433.302,33.302,0.37,0.38,0.61,0.63,0.01,0.02,75177.17,1776371432000
1776371433.685,33.685,0.37,0.38,0.62,0.63,0.01,0.01,75177.17,1776371432000
1776371434.096,34.096,0.37,0.38,0.62,0.63,0.01,0.01,75177.17,1776371432000
1776371434.434,34.434,0.36,0.37,0.62,0.64,0.01,0.02,75176.39,1776371433000
1776371434.836,34.836,0.36,0.37,0.63,0.64,0.01,0.01,75176.39,1776371433000
1776371435.308,35.308,0.36,0.37,0.63,0.64,0.01,0.01,75174.78,1776371434000
1776371435.792,35.792,0.36,0.37,0.63,0.64,0.01,0.01,75174.78,1776371434000
1776371436.13,36.13,0.36,0.37,0.63,0.64,0.01,0.01,75174.41,1776371435000
1776371436.585,36.585,0.36,0.37,0.63,0.64,0.01,0.01,75174.41,1776371435000
1776371437.147,37.147,0.36,0.37,0.63,0.64,0.01,0.01,75174.03,1776371436000
1776371437.547,37.547,0.36,0.37,0.63,0.64,0.01,0.01,75174.03,1776371436000
1776371437.909,37.909,0.36,0.37,0.63,0.64,0.01,0.01,75174.03,1776371436000
1776371438.383,38.383,0.36,0.37,0.61,0.64,0.01,0.03,75174.03,1776371436000
1776371438.768,38.768,0.36,0.37,0.63,0.64,0.01,0.01,75174.03,1776371436000
1776371439.123,39.123,0.36,0.37,0.63,0.64,0.01,0.01,75173.54,1776371437000
1776371439.726,39.726,0.36,0.37,0.63,0.64,0.01,0.01,75173.41,1776371438000
1776371440.067,40.067,0.31,0.33,0.67,0.69,0.02,0.02,75173.41,1776371438000
1776371440.417,40.417,0.3,0.33,0.67,0.7,0.03,0.03,75173.42,1776371439000
1776371440.785,40.785,0.3,0.31,0.69,0.7,0.01,0.01,75173.42,1776371439000
1776371441.125,41.125,0.3,0.31,0.69,0.7,0.01,0.01,75173.42,1776371439000
1776371441.553,41.553,0.3,0.31,0.69,0.7,0.01,0.01,75173.49,1776371440000
1776371442.126,42.126,0.28,0.29,0.7,0.72,0.01,0.02,75173.49,1776371440000
1776371442.479,42.479,0.27,0.28,0.71,0.73,0.01,0.02,75173.49,1776371440000
1776371442.867,42.867,0.27,0.28,0.72,0.73,0.01,0.01,75161.85,1776371441000
1776371443.241,43.241,0.27,0.28,0.72,0.73,0.01,0.01,75161.85,1776371441000
1776371443.712,43.712,0.26,0.27,0.73,0.74,0.01,0.01,75160.03,1776371442000
1776371444.093,44.093,0.26,0.27,0.73,0.74,0.01,0.01,75156.78,1776371443000
1776371444.634,44.634,0.26,0.27,0.73,0.75,0.01,0.02,75156.78,1776371443000
1776371444.973,44.973,0.24,0.25,0.75,0.76,0.01,0.01,75156.78,1776371443000
1776371445.428,45.428,0.2,0.23,0.78,0.8,0.03,0.02,75156.78,1776371443000
1776371445.798,45.798,0.2,0.21,0.79,0.8,0.01,0.01,75149.93,1776371444000
1776371446.156,46.156,0.19,0.21,0.79,0.8,0.02,0.01,75149.93,1776371444000
1776371446.534,46.534,0.19,0.21,0.79,0.8,0.02,0.01,75147.73,1776371445000
1776371446.874,46.874,0.2,0.21,0.79,0.81,0.01,0.02,75147.73,1776371445000
1776371447.238,47.238,0.19,0.21,0.79,0.8,0.02,0.01,75147.73,1776371445000
1776371447.656,47.656,0.19,0.21,0.79,0.8,0.02,0.01,75147.73,1776371445000
1776371448.0,48.0,0.2,0.21,0.79,0.8,0.01,0.01,75133.24,1776371446000
1776371448.496,48.496,0.2,0.21,0.79,0.8,0.01,0.01,75130.34,1776371447000
1776371449.246,49.246,0.2,0.21,0.79,0.8,0.01,0.01,75129.44,1776371448000
1776371449.929,49.929,0.18,0.21,0.79,0.8,0.03,0.01,75129.44,1776371448000
1776371450.368,50.368,0.16,0.19,0.81,0.84,0.03,0.03,75129.44,1776371448000
1776371450.71,50.71,0.16,0.18,0.82,0.84,0.02,0.02,75129.44,1776371448000
1776371451.091,51.091,0.17,0.18,0.82,0.83,0.01,0.01,75121.18,1776371449000
1776371451.454,51.454,0.16,0.18,0.82,0.84,0.02,0.02,75121.18,1776371449000
1776371451.796,51.796,0.16,0.17,0.83,0.84,0.01,0.01,75117.26,1776371450000
1776371452.145,52.145,0.16,0.17,0.83,0.84,0.01,0.01,75117.26,1776371450000
1776371452.478,52.478,0.16,0.17,0.83,0.84,0.01,0.01,75117.26,1776371450000
1776371452.828,52.828,0.16,0.17,0.83,0.85,0.01,0.02,75118.3,1776371451000
1776371453.182,53.182,0.16,0.17,0.83,0.84,0.01,0.01,75118.3,1776371451000
1776371453.527,53.527,0.16,0.17,0.83,0.84,0.01,0.01,75120.61,1776371452000
1776371453.939,53.939,0.16,0.17,0.83,0.84,0.01,0.01,75120.61,1776371452000
1776371454.326,54.326,0.16,0.17,0.83,0.84,0.01,0.01,75120.61,1776371452000
1776371454.669,54.669,0.16,0.17,0.83,0.84,0.01,0.01,75117.01,1776371453000
1776371455.097,55.097,0.16,0.17,0.83,0.84,0.01,0.01,75117.01,1776371453000
1776371455.541,55.541,0.15,0.17,0.83,0.85,0.02,0.02,75116.8,1776371454000
1776371455.918,55.918,0.14,0.15,0.84,0.86,0.01,0.02,75116.8,1776371454000
1776371456.279,56.279,0.14,0.15,0.85,0.86,0.01,0.01,75116.8,1776371454000
1776371456.613,56.613,0.14,0.15,0.85,0.86,0.01,0.01,75113.03,1776371455000
1776371456.999,56.999,0.14,0.15,0.85,0.86,0.01,0.01,75113.03,1776371455000
1776371457.339,57.339,0.14,0.15,0.85,0.86,0.01,0.01,75112.07,1776371456000
1776371457.732,57.732,0.14,0.15,0.85,0.86,0.01,0.01,75112.07,1776371456000
1776371458.171,58.171,0.15,0.16,0.84,0.86,0.01,0.02,75110.29,1776371457000
1776371458.574,58.574,0.15,0.16,0.84,0.85,0.01,0.01,75110.29,1776371457000
1776371458.981,58.981,0.14,0.16,0.84,0.86,0.02,0.02,75109.39,1776371458000
1776371459.32,59.32,0.15,0.16,0.84,0.85,0.01,0.01,75109.39,1776371458000
1776371459.659,59.659,0.15,0.16,0.84,0.85,0.01,0.01,75109.39,1776371458000
1776371459.996,59.996,0.15,0.16,0.84,0.85,0.01,0.01,75109.39,1776371458000
1776371460.345,60.345,0.15,0.16,0.84,0.85,0.01,0.01,75110.1,1776371459000
1776371461.001,61.001,0.15,0.16,0.84,0.85,0.01,0.01,75110.1,1776371459000
1776371461.345,61.345,0.15,0.16,0.84,0.85,0.01,0.01,75116.5,1776371460000
1776371461.695,61.695,0.15,0.16,0.84,0.85,0.01,0.01,75116.5,1776371460000
1776371462.064,62.064,0.16,0.17,0.83,0.84,0.01,0.01,75116.5,1776371460000
1776371462.452,62.452,0.16,0.17,0.83,0.84,0.01,0.01,75117.57,1776371461000
1776371462.792,62.792,0.16,0.17,0.83,0.84,0.01,0.01,75117.57,1776371461000
1776371463.136,63.136,0.17,0.18,0.82,0.84,0.01,0.02,75117.57,1776371461000
1776371463.5,63.5,0.17,0.18,0.82,0.83,0.01,0.01,75116.1,1776371462000
1776371463.84,63.84,0.17,0.18,0.82,0.83,0.01,0.01,75116.1,1776371462000
1776371464.252,64.252,0.17,0.18,0.82,0.83,0.01,0.01,75117.29,1776371463000
1776371464.69,64.69,0.16,0.17,0.83,0.84,0.01,0.01,75117.29,1776371463000
1776371465.153,65.153,0.16,0.17,0.83,0.84,0.01,0.01,75117.29,1776371463000
1776371465.594,65.594,0.16,0.17,0.83,0.84,0.01,0.01,75121.03,1776371464000
1776371465.97,65.97,0.16,0.17,0.83,0.84,0.01,0.01,75121.03,1776371464000
1776371466.318,66.318,0.16,0.17,0.83,0.84,0.01,0.01,75120.82,1776371465000
1776371466.743,66.743,0.16,0.17,0.83,0.84,0.01,0.01,75120.82,1776371465000
1776371467.156,67.156,0.16,0.17,0.83,0.84,0.01,0.01,75120.82,1776371465000
1776371467.498,67.498,0.17,0.18,0.82,0.83,0.01,0.01,75120.82,1776371466000
1776371467.872,67.872,0.18,0.19,0.81,0.82,0.01,0.01,75120.82,1776371466000
1776371468.323,68.323,0.18,0.19,0.81,0.82,0.01,0.01,75121.24,1776371467000
1776371468.827,68.827,0.17,0.18,0.81,0.82,0.01,0.01,75121.24,1776371467000
1776371469.174,69.174,0.15,0.17,0.82,0.85,0.02,0.03,75121.24,1776371467000
1776371469.537,69.537,0.13,0.16,0.84,0.86,0.03,0.02,75121.24,1776371467000
1776371469.997,69.997,0.14,0.15,0.85,0.87,0.01,0.02,75121.24,1776371467000
1776371470.367,70.367,0.13,0.14,0.86,0.87,0.01,0.01,75124.67,1776371469000
1776371470.73,70.73,0.13,0.14,0.86,0.87,0.01,0.01,75124.67,1776371469000
1776371471.123,71.123,0.13,0.14,0.86,0.87,0.01,0.01,75124.67,1776371469000
1776371471.631,71.631,0.13,0.14,0.86,0.87,0.01,0.01,75114.64,1776371470000
1776371472.197,72.197,0.12,0.13,0.86,0.87,0.01,0.01,75114.64,1776371470000
1776371472.597,72.597,0.12,0.13,0.87,0.88,0.01,0.01,75112.62,1776371471000
1776371472.943,72.943,0.12,0.13,0.87,0.88,0.01,0.01,75112.62,1776371471000
1776371473.325,73.325,0.12,0.13,0.87,0.88,0.01,0.01,75112.62,1776371472000
1776371473.672,73.672,0.12,0.13,0.87,0.88,0.01,0.01,75112.62,1776371472000
1776371474.01,74.01,0.12,0.13,0.87,0.88,0.01,0.01,75112.62,1776371472000
1776371474.359,74.359,0.12,0.13,0.87,0.88,0.01,0.01,75112.7,1776371473000
1776371474.746,74.746,0.11,0.12,0.87,0.89,0.01,0.02,75112.7,1776371473000
1776371475.104,75.104,0.11,0.12,0.88,0.89,0.01,0.01,75112.7,1776371473000
1776371475.446,75.446,0.11,0.12,0.88,0.89,0.01,0.01,75111.92,1776371474000
1776371476.138,76.138,0.11,0.12,0.88,0.89,0.01,0.01,75111.92,1776371474000
1776371476.497,76.497,0.12,0.13,0.87,0.88,0.01,0.01,75110.47,1776371475000
1776371476.897,76.897,0.12,0.13,0.87,0.88,0.01,0.01,75110.47,1776371475000
1776371477.3,77.3,0.12,0.13,0.87,0.88,0.01,0.01,75110.47,1776371475000
1776371477.677,77.677,0.14,0.15,0.86,0.87,0.01,0.01,75106.52,1776371476000
1776371478.219,78.219,0.14,0.15,0.85,0.86,0.01,0.01,75107.66,1776371477000
1776371478.581,78.581,0.14,0.15,0.85,0.86,0.01,0.01,75107.66,1776371477000
1776371478.919,78.919,0.14,0.15,0.85,0.86,0.01,0.01,75107.66,1776371477000
1776371479.552,79.552,0.15,0.16,0.84,0.85,0.01,0.01,75114.05,1776371478000
1776371480.072,80.072,0.16,0.17,0.83,0.84,0.01,0.01,75114.05,1776371478000
1776371480.501,80.501,0.16,0.17,0.83,0.84,0.01,0.01,75118.77,1776371479000
1776371480.853,80.853,0.16,0.17,0.83,0.84,0.01,0.01,75118.77,1776371479000
1776371481.506,81.506,0.16,0.17,0.83,0.84,0.01,0.01,75118.77,1776371480000
1776371481.896,81.896,0.16,0.17,0.83,0.84,0.01,0.01,75118.77,1776371480000
1776371482.259,82.259,0.16,0.17,0.83,0.84,0.01,0.01,75124.67,1776371481000
1776371482.602,82.602,0.16,0.17,0.83,0.84,0.01,0.01,75124.67,1776371481000
1776371482.948,82.948,0.16,0.17,0.83,0.84,0.01,0.01,75124.67,1776371481000
1776371483.291,83.291,0.16,0.17,0.83,0.84,0.01,0.01,75124.66,1776371482000
1776371483.658,83.658,0.16,0.17,0.83,0.84,0.01,0.01,75124.66,1776371482000
1776371483.994,83.994,0.16,0.17,0.83,0.84,0.01,0.01,75124.67,1776371483000
1776371484.455,84.455,0.16,0.17,0.83,0.84,0.01,0.01,75124.67,1776371483000
1776371484.884,84.884,0.16,0.17,0.83,0.84,0.01,0.01,75124.67,1776371483000
1776371485.334,85.334,0.16,0.17,0.83,0.84,0.01,0.01,75124.62,1776371484000
1776371485.695,85.695,0.16,0.17,0.83,0.84,0.01,0.01,75124.62,1776371484000
1776371486.149,86.149,0.16,0.17,0.83,0.84,0.01,0.01,75124.62,1776371484000
1776371486.512,86.512,0.16,0.17,0.83,0.84,0.01,0.01,75124.66,1776371485000
1776371486.962,86.962,0.16,0.17,0.83,0.84,0.01,0.01,75125.11,1776371486000
1776371487.303,87.303,0.16,0.17,0.83,0.84,0.01,0.01,75125.11,1776371486000
1776371487.763,87.763,0.16,0.17,0.83,0.84,0.01,0.01,75125.11,1776371486000
1776371488.151,88.151,0.16,0.17,0.83,0.84,0.01,0.01,75125.16,1776371487000
1776371488.518,88.518,0.15,0.16,0.83,0.85,0.01,0.02,75125.16,1776371487000
1776371488.887,88.887,0.15,0.16,0.84,0.85,0.01,0.01,75125.16,1776371487000
1776371489.363,89.363,0.14,0.15,0.84,0.86,0.01,0.02,75125.11,1776371488000
1776371489.776,89.776,0.14,0.15,0.85,0.86,0.01,0.01,75125.11,1776371488000
1776371490.143,90.143,0.14,0.15,0.85,0.86,0.01,0.01,75124.79,1776371489000
1776371490.477,90.477,0.14,0.15,0.85,0.86,0.01,0.01,75124.79,1776371489000
1776371490.826,90.826,0.14,0.15,0.85,0.86,0.01,0.01,75124.79,1776371489000
1776371491.176,91.176,0.14,0.15,0.85,0.86,0.01,0.01,75122.81,1776371490000
1776371491.671,91.671,0.14,0.15,0.85,0.86,0.01,0.01,75122.81,1776371490000
1776371492.119,92.119,0.14,0.16,0.85,0.86,0.02,0.01,75122.81,1776371490000
1776371492.475,92.475,0.17,0.19,0.81,0.84,0.02,0.03,75121.48,1776371491000
1776371492.904,92.904,0.18,0.2,0.8,0.82,0.02,0.02,75121.48,1776371491000
1776371493.255,93.255,0.2,0.21,0.8,0.82,0.01,0.02,75121.48,1776371491000
1776371493.637,93.637,0.2,0.21,0.79,0.8,0.01,0.01,75121.62,1776371492000
1776371494.222,94.222,0.2,0.21,0.79,0.8,0.01,0.01,75121.62,1776371492000
1776371495.324,95.324,0.21,0.23,0.77,0.79,0.02,0.02,75143.83,1776371494000
1776371495.875,95.875,0.21,0.23,0.77,0.79,0.02,0.02,75143.83,1776371494000
1776371496.282,96.282,0.23,0.25,0.75,0.77,0.02,0.02,75143.83,1776371494000
1776371496.626,96.626,0.23,0.24,0.75,0.78,0.01,0.03,75149.47,1776371495000
1776371496.971,96.971,0.25,0.26,0.74,0.75,0.01,0.01,75149.89,1776371496000
1776371497.31,97.31,0.25,0.26,0.74,0.75,0.01,0.01,75149.89,1776371496000
1776371497.672,97.672,0.26,0.27,0.73,0.75,0.01,0.02,75149.89,1776371496000
1776371498.024,98.024,0.26,0.27,0.73,0.74,0.01,0.01,75156.45,1776371497000
1776371498.372,98.372,0.26,0.27,0.73,0.74,0.01,0.01,75156.45,1776371497000
1776371498.705,98.705,0.26,0.27,0.73,0.74,0.01,0.01,75156.45,1776371497000
1776371499.102,99.102,0.26,0.27,0.73,0.74,0.01,0.01,75156.42,1776371498000
1776371499.46,99.46,0.27,0.29,0.71,0.73,0.02,0.02,75156.42,1776371498000
1776371499.98,99.98,0.28,0.29,0.71,0.73,0.01,0.02,75156.42,1776371498000
1776371500.781,100.781,0.29,0.3,0.7,0.71,0.01,0.01,75155.84,1776371499000
1776371501.295,101.295,0.29,0.3,0.69,0.71,0.01,0.02,75155.84,1776371499000
1776371501.643,101.643,0.29,0.31,0.7,0.71,0.02,0.01,75161.42,1776371500000
1776371502.028,102.028,0.3,0.31,0.69,0.7,0.01,0.01,75161.42,1776371500000
1776371502.414,102.414,0.3,0.31,0.69,0.7,0.01,0.01,75162.46,1776371501000
1776371502.795,102.795,0.31,0.32,0.68,0.69,0.01,0.01,75162.46,1776371501000
1776371503.149,103.149,0.31,0.32,0.68,0.69,0.01,0.01,75162.46,1776371501000
1776371503.545,103.545,0.31,0.32,0.68,0.69,0.01,0.01,75162.46,1776371501000
1776371503.911,103.911,0.31,0.32,0.68,0.69,0.01,0.01,75162.48,1776371502000
1776371504.261,104.261,0.31,0.32,0.68,0.69,0.01,0.01,75162.48,1776371502000
1776371504.689,104.689,0.31,0.32,0.68,0.69,0.01,0.01,75162.41,1776371503000
1776371505.063,105.063,0.31,0.32,0.68,0.69,0.01,0.01,75162.41,1776371503000
1776371505.43,105.43,0.31,0.32,0.68,0.69,0.01,0.01,75162.42,1776371504000
1776371505.893,105.893,0.31,0.32,0.68,0.69,0.01,0.01,75162.42,1776371504000
1776371506.249,106.249,0.31,0.32,0.68,0.69,0.01,0.01,75162.42,1776371504000
1776371506.622,106.622,0.31,0.32,0.68,0.69,0.01,0.01,75163.95,1776371505000
1776371506.983,106.983,0.31,0.32,0.68,0.69,0.01,0.01,75163.95,1776371505000
1776371507.453,107.453,0.31,0.32,0.68,0.69,0.01,0.01,75163.97,1776371506000
1776371507.804,107.804,0.31,0.32,0.68,0.69,0.01,0.01,75163.97,1776371506000
1776371508.171,108.171,0.31,0.32,0.68,0.69,0.01,0.01,75163.97,1776371506000
1776371508.584,108.584,0.31,0.32,0.68,0.69,0.01,0.01,75163.94,1776371507000
1776371508.965,108.965,0.31,0.32,0.68,0.69,0.01,0.01,75163.94,1776371507000
1776371509.342,109.342,0.31,0.32,0.68,0.69,0.01,0.01,75163.88,1776371508000
1776371509.697,109.697,0.31,0.32,0.68,0.7,0.01,0.02,75163.88,1776371508000
1776371510.16,110.16,0.31,0.32,0.68,0.69,0.01,0.01,75163.88,1776371508000
1776371510.552,110.552,0.3,0.32,0.68,0.69,0.02,0.01,75163.87,1776371509000
1776371510.953,110.953,0.24,0.28,0.72,0.76,0.04,0.04,75163.87,1776371509000
1776371511.328,111.328,0.26,0.27,0.73,0.75,0.01,0.02,75163.86,1776371510000
1776371511.804,111.804,0.26,0.27,0.73,0.74,0.01,0.01,75163.86,1776371510000
1776371512.194,112.194,0.26,0.27,0.73,0.74,0.01,0.01,75163.86,1776371510000
1776371512.532,112.532,0.26,0.27,0.73,0.74,0.01,0.01,75163.86,1776371510000
1776371512.9,112.9,0.26,0.27,0.73,0.74,0.01,0.01,75163.83,1776371511000
1776371513.281,113.281,0.26,0.27,0.73,0.74,0.01,0.01,75163.83,1776371511000
1776371513.625,113.625,0.25,0.26,0.74,0.75,0.01,0.01,75157.59,1776371512000
1776371513.971,113.971,0.25,0.26,0.74,0.75,0.01,0.01,75157.59,1776371512000
1776371514.367,114.367,0.25,0.26,0.74,0.75,0.01,0.01,75157.59,1776371512000
1776371514.754,114.754,0.24,0.25,0.74,0.75,0.01,0.01,75157.67,1776371513000
1776371515.094,115.094,0.24,0.25,0.75,0.76,0.01,0.01,75157.67,1776371513000
1776371515.622,115.622,0.24,0.25,0.75,0.76,0.01,0.01,75157.67,1776371514000
1776371516.279,116.279,0.24,0.25,0.75,0.76,0.01,0.01,75157.67,1776371514000
1776371516.623,116.623,0.24,0.25,0.75,0.76,0.01,0.01,75156.66,1776371515000
1776371517.247,117.247,0.24,0.25,0.75,0.76,0.01,0.01,75156.66,1776371515000
1776371517.599,117.599,0.25,0.26,0.74,0.75,0.01,0.01,75156.66,1776371515000
1776371517.982,117.982,0.25,0.26,0.74,0.75,0.01,0.01,75156.68,1776371516000
1776371518.444,118.444,0.25,0.26,0.74,0.75,0.01,0.01,75156.68,1776371516000
1776371519.276,119.276,0.25,0.26,0.74,0.75,0.01,0.01,75157.59,1776371517000
1776371519.669,119.669,0.25,0.26,0.74,0.75,0.01,0.01,75157.16,1776371518000
1776371520.181,120.181,0.25,0.26,0.74,0.75,0.01,0.01,75157.16,1776371519000
1776371520.567,120.567,0.24,0.25,0.75,0.76,0.01,0.01,75157.16,1776371519000
1776371520.988,120.988,0.24,0.25,0.75,0.76,0.01,0.01,75157.16,1776371519000
1776371521.685,121.685,0.27,0.28,0.72,0.73,0.01,0.01,75155.96,1776371520000
1776371522.143,122.143,0.27,0.29,0.72,0.73,0.02,0.01,75155.96,1776371520000
1776371523.048,123.048,0.3,0.33,0.67,0.73,0.03,0.06,75155.96,1776371521000
1776371523.408,123.408,0.31,0.33,0.67,0.69,0.02,0.02,75155.96,1776371521000
1776371524.027,124.027,0.31,0.34,0.66,0.69,0.03,0.03,75162.43,1776371522000
1776371524.363,124.363,0.32,0.33,0.67,0.73,0.01,0.06,75163.69,1776371523000
1776371524.805,124.805,0.32,0.33,0.67,0.68,0.01,0.01,75163.69,1776371523000
1776371525.166,125.166,0.31,0.32,0.68,0.69,0.01,0.01,75165.51,1776371524000
1776371525.508,125.508,0.31,0.32,0.68,0.69,0.01,0.01,75165.51,1776371524000
1776371525.854,125.854,0.31,0.32,0.68,0.69,0.01,0.01,75165.51,1776371524000
1776371526.227,126.227,0.3,0.31,0.68,0.7,0.01,0.02,75165.51,1776371524000
1776371526.562,126.562,0.3,0.31,0.69,0.7,0.01,0.01,75165.51,1776371524000
1776371527.035,127.035,0.3,0.31,0.69,0.7,0.01,0.01,75165.77,1776371525000
1776371527.372,127.372,0.3,0.31,0.69,0.7,0.01,0.01,75165.79,1776371526000
1776371527.707,127.707,0.3,0.31,0.69,0.7,0.01,0.01,75165.79,1776371526000
1776371528.072,128.072,0.3,0.31,0.69,0.7,0.01,0.01,75165.79,1776371526000
1776371528.581,128.581,0.3,0.31,0.69,0.7,0.01,0.01,75165.92,1776371527000
1776371529.556,129.556,0.3,0.31,0.69,0.7,0.01,0.01,75165.92,1776371527000
1776371529.935,129.935,0.3,0.31,0.69,0.7,0.01,0.01,75165.95,1776371528000
1776371530.476,130.476,0.3,0.31,0.69,0.7,0.01,0.01,75166.0,1776371529000
1776371531.01,131.01,0.3,0.31,0.69,0.7,0.01,0.01,75166.0,1776371529000
1776371531.383,131.383,0.3,0.31,0.69,0.7,0.01,0.01,75166.0,1776371530000
1776371531.887,131.887,0.3,0.31,0.69,0.7,0.01,0.01,75166.0,1776371530000
1776371532.346,132.346,0.3,0.31,0.69,0.7,0.01,0.01,75165.95,1776371531000
1776371532.958,132.958,0.29,0.3,0.7,0.71,0.01,0.01,75165.95,1776371531000
1776371533.315,133.315,0.29,0.3,0.7,0.71,0.01,0.01,75165.95,1776371531000
1776371533.705,133.705,0.29,0.3,0.7,0.71,0.01,0.01,75165.95,1776371531000
1776371534.047,134.047,0.29,0.3,0.7,0.71,0.01,0.01,75166.13,1776371532000
1776371534.468,134.468,0.29,0.3,0.7,0.71,0.01,0.01,75166.18,1776371533000
1776371535.111,135.111,0.29,0.3,0.7,0.71,0.01,0.01,75166.07,1776371534000
1776371535.523,135.523,0.29,0.3,0.7,0.71,0.01,0.01,75166.07,1776371534000
1776371536.168,136.168,0.29,0.3,0.7,0.71,0.01,0.01,75166.07,1776371534000
1776371536.545,136.545,0.29,0.3,0.7,0.71,0.01,0.01,75166.07,1776371534000
1776371536.975,136.975,0.29,0.3,0.7,0.71,0.01,0.01,75166.44,1776371535000
1776371537.541,137.541,0.29,0.3,0.7,0.71,0.01,0.01,75166.44,1776371535000
1776371537.92,137.92,0.29,0.3,0.7,0.71,0.01,0.01,75166.22,1776371536000
1776371538.391,138.391,0.29,0.3,0.7,0.71,0.01,0.01,75166.22,1776371536000
1776371538.732,138.732,0.29,0.3,0.7,0.71,0.01,0.01,75166.2,1776371537000
1776371539.075,139.075,0.29,0.3,0.7,0.71,0.01,0.01,75166.2,1776371537000
1776371539.595,139.595,0.29,0.3,0.7,0.71,0.01,0.01,75166.2,1776371538000
1776371539.937,139.937,0.3,0.31,0.7,0.71,0.01,0.01,75166.2,1776371538000
1776371540.427,140.427,0.31,0.32,0.69,0.7,0.01,0.01,75166.2,1776371538000
1776371540.788,140.788,0.31,0.32,0.68,0.69,0.01,0.01,75166.19,1776371539000
1776371541.265,141.265,0.31,0.32,0.68,0.69,0.01,0.01,75166.19,1776371540000
1776371541.64,141.64,0.31,0.32,0.68,0.69,0.01,0.01,75166.19,1776371540000
1776371542.083,142.083,0.31,0.32,0.68,0.69,0.01,0.01,75166.19,1776371540000
1776371542.551,142.551,0.32,0.33,0.67,0.68,0.01,0.01,75167.02,1776371541000
1776371542.967,142.967,0.32,0.34,0.67,0.68,0.02,0.01,75167.02,1776371541000
1776371543.325,143.325,0.33,0.34,0.66,0.67,0.01,0.01,75167.02,1776371541000
1776371543.661,143.661,0.33,0.34,0.66,0.67,0.01,0.01,75167.73,1776371542000
1776371544.06,144.06,0.33,0.34,0.66,0.67,0.01,0.01,75167.73,1776371542000
1776371544.399,144.399,0.33,0.34,0.66,0.67,0.01,0.01,75167.89,1776371543000
1776371544.948,144.948,0.32,0.34,0.66,0.67,0.02,0.01,75167.89,1776371543000
1776371545.323,145.323,0.3,0.31,0.69,0.7,0.01,0.01,75170.92,1776371544000
1776371546.019,146.019,0.28,0.3,0.7,0.71,0.02,0.01,75170.92,1776371544000
1776371546.585,146.585,0.29,0.3,0.7,0.72,0.01,0.02,75171.16,1776371545000
1776371547.485,147.485,0.29,0.3,0.7,0.71,0.01,0.01,75168.09,1776371546000
1776371548.063,148.063,0.29,0.3,0.7,0.71,0.01,0.01,75167.67,1776371547000
1776371548.453,148.453,0.29,0.3,0.7,0.71,0.01,0.01,75167.67,1776371547000
1776371548.812,148.812,0.27,0.28,0.72,0.73,0.01,0.01,75167.67,1776371547000
1776371549.476,149.476,0.22,0.24,0.76,0.78,0.02,0.02,75154.69,1776371548000
1776371549.839,149.839,0.23,0.24,0.76,0.77,0.01,0.01,75154.69,1776371548000
1776371550.191,150.191,0.2,0.22,0.78,0.8,0.02,0.02,75154.69,1776371548000
1776371550.524,150.524,0.21,0.22,0.78,0.79,0.01,0.01,75144.39,1776371549000
1776371550.858,150.858,0.2,0.21,0.79,0.8,0.01,0.01,75144.39,1776371549000
1776371551.28,151.28,0.2,0.21,0.79,0.8,0.01,0.01,75144.39,1776371549000
1776371551.632,151.632,0.19,0.21,0.79,0.81,0.02,0.02,75142.97,1776371550000
1776371552.08,152.08,0.18,0.21,0.79,0.82,0.03,0.03,75142.8,1776371551000
1776371552.451,152.451,0.18,0.19,0.79,0.82,0.01,0.03,75142.8,1776371551000
1776371552.813,152.813,0.17,0.18,0.81,0.83,0.01,0.02,75142.8,1776371551000
1776371553.182,153.182,0.15,0.18,0.82,0.85,0.03,0.03,75142.8,1776371551000
1776371553.559,153.559,0.14,0.15,0.84,0.86,0.01,0.02,75139.51,1776371552000
1776371553.896,153.896,0.13,0.14,0.86,0.87,0.01,0.01,75139.51,1776371552000
1776371554.361,154.361,0.11,0.14,0.86,0.89,0.03,0.03,75134.55,1776371553000
1776371554.756,154.756,0.11,0.13,0.87,0.88,0.02,0.01,75134.55,1776371553000
1776371555.16,155.16,0.1,0.12,0.87,0.91,0.02,0.04,75134.55,1776371553000
1776371555.582,155.582,0.09,0.1,0.89,0.92,0.01,0.03,75128.6,1776371554000
1776371556.043,156.043,0.08,0.1,0.9,0.92,0.02,0.02,75128.6,1776371554000
1776371556.592,156.592,0.07,0.09,0.91,0.92,0.02,0.01,75124.26,1776371555000
1776371556.95,156.95,0.07,0.09,0.91,0.93,0.02,0.02,75117.42,1776371556000
1776371558.01,158.01,0.07,0.09,0.91,0.93,0.02,0.02,75109.4,1776371557000
1776371558.381,158.381,0.07,0.09,0.91,0.93,0.02,0.02,75109.4,1776371557000
1776371558.963,158.963,0.07,0.09,0.91,0.93,0.02,0.02,75095.67,1776371558000
1776371559.392,159.392,0.06,0.08,0.92,0.93,0.02,0.01,75095.67,1776371558000
1776371559.733,159.733,0.06,0.08,0.92,0.94,0.02,0.02,75095.67,1776371558000
1776371560.147,160.147,0.06,0.08,0.92,0.94,0.02,0.02,75094.32,1776371559000
1776371560.612,160.612,0.07,0.08,0.92,0.94,0.01,0.02,75094.32,1776371559000
1776371560.96,160.96,0.05,0.07,0.94,0.95,0.02,0.01,75094.32,1776371559000
1776371561.304,161.304,0.05,0.07,0.93,0.95,0.02,0.02,75090.51,1776371560000
1776371561.642,161.642,0.04,0.06,0.94,0.96,0.02,0.02,75090.51,1776371560000
1776371562.006,162.006,0.04,0.05,0.95,0.96,0.01,0.01,75086.93,1776371561000
1776371562.356,162.356,0.04,0.05,0.95,0.96,0.01,0.01,75086.93,1776371561000
1776371562.917,162.917,0.04,0.05,0.95,0.96,0.01,0.01,75086.93,1776371561000
1776371563.381,163.381,0.04,0.05,0.95,0.96,0.01,0.01,75085.6,1776371562000
1776371564.116,164.116,0.04,0.05,0.95,0.96,0.01,0.01,75085.59,1776371563000
1776371564.557,164.557,0.04,0.05,0.95,0.96,0.01,0.01,75085.59,1776371563000
1776371565.128,165.128,0.04,0.05,0.95,0.96,0.01,0.01,75084.15,1776371564000
1776371565.536,165.536,0.04,0.05,0.95,0.96,0.01,0.01,75084.15,1776371564000
1776371565.908,165.908,0.04,0.05,0.95,0.96,0.01,0.01,75084.15,1776371564000
1776371566.26,166.26,0.04,0.05,0.95,0.96,0.01,0.01,75084.15,1776371564000
1776371566.602,166.602,0.04,0.05,0.95,0.96,0.01,0.01,75084.15,1776371564000
1776371566.94,166.94,0.04,0.05,0.95,0.96,0.01,0.01,75084.15,1776371564000
1776371567.278,167.278,0.03,0.04,0.96,0.97,0.01,0.01,75082.96,1776371565000
1776371567.617,167.617,0.04,0.05,0.95,0.96,0.01,0.01,75082.96,1776371565000
1776371567.973,167.973,0.03,0.04,0.95,0.97,0.01,0.02,75082.96,1776371565000
1776371569.028,169.028,0.03,0.04,0.96,0.97,0.01,0.01,75083.45,1776371567000
1776371569.826,169.826,0.03,0.04,0.96,0.97,0.01,0.01,75083.45,1776371567000
1776371570.527,170.527,0.03,0.04,0.96,0.97,0.01,0.01,75083.89,1776371568000
1776371571.033,171.033,0.03,0.04,0.96,0.97,0.01,0.01,75090.59,1776371569000
1776371572.265,172.265,0.03,0.04,0.96,0.97,0.01,0.01,75095.57,1776371570000
1776371572.621,172.621,0.03,0.04,0.96,0.97,0.01,0.01,75095.57,1776371570000
1776371572.961,172.961,0.03,0.04,0.96,0.97,0.01,0.01,75096.55,1776371571000
1776371573.304,173.304,0.03,0.04,0.96,0.97,0.01,0.01,75096.55,1776371571000
1776371573.677,173.677,0.03,0.04,0.96,0.97,0.01,0.01,75092.35,1776371572000
1776371574.026,174.026,0.03,0.04,0.96,0.97,0.01,0.01,75092.35,1776371572000
1776371574.366,174.366,0.03,0.04,0.96,0.97,0.01,0.01,75092.35,1776371572000
1776371575.125,175.125,0.03,0.04,0.96,0.97,0.01,0.01,75087.89,1776371574000
1776371575.643,175.643,0.03,0.04,0.96,0.97,0.01,0.01,75087.89,1776371574000
1776371575.991,175.991,0.03,0.04,0.96,0.97,0.01,0.01,75087.89,1776371574000
1776371576.399,176.399,0.03,0.04,0.96,0.97,0.01,0.01,75087.89,1776371574000
1776371576.744,176.744,0.03,0.04,0.96,0.97,0.01,0.01,75087.14,1776371575000
1776371577.411,177.411,0.03,0.04,0.96,0.97,0.01,0.01,75077.37,1776371576000
1776371577.754,177.754,0.03,0.04,0.96,0.97,0.01,0.01,75077.37,1776371576000
1776371578.317,178.317,0.02,0.04,0.96,0.98,0.02,0.02,75075.48,1776371577000
1776371578.656,178.656,0.02,0.03,0.97,0.98,0.01,0.01,75075.48,1776371577000
1776371579.012,179.012,0.02,0.03,0.97,0.98,0.01,0.01,75075.48,1776371577000
1776371579.349,179.349,0.02,0.03,0.97,0.98,0.01,0.01,75075.48,1776371577000
1776371579.687,179.687,0.02,0.03,0.97,0.98,0.01,0.01,75073.86,1776371578000
1776371580.078,180.078,0.02,0.03,0.97,0.98,0.01,0.01,75072.84,1776371579000
1776371581.187,181.187,0.02,0.03,0.97,0.98,0.01,0.01,75072.84,1776371579000
1776371581.576,181.576,0.02,0.03,0.97,0.98,0.01,0.01,75071.85,1776371580000
1776371582.016,182.016,0.02,0.03,0.97,0.98,0.01,0.01,75071.85,1776371580000
1776371582.367,182.367,0.02,0.03,0.97,0.98,0.01,0.01,75073.16,1776371581000
1776371582.706,182.706,0.02,0.03,0.97,0.98,0.01,0.01,75073.16,1776371581000
1776371583.081,183.081,0.02,0.03,0.97,0.98,0.01,0.01,75073.71,1776371582000
1776371583.484,183.484,0.02,0.03,0.97,0.98,0.01,0.01,75073.71,1776371582000
1776371583.893,183.893,0.02,0.03,0.97,0.98,0.01,0.01,75073.71,1776371582000
1776371584.522,184.522,0.02,0.03,0.97,0.98,0.01,0.01,75073.71,1776371582000
1776371585.306,185.306,0.02,0.03,0.97,0.98,0.01,0.01,75073.98,1776371584000
1776371585.666,185.666,0.02,0.03,0.97,0.98,0.01,0.01,75073.98,1776371584000
1776371586.004,186.004,0.02,0.03,0.97,0.98,0.01,0.01,75073.98,1776371584000
1776371587.108,187.108,0.02,0.03,0.97,0.98,0.01,0.01,75074.2,1776371586000
1776371587.98,187.98,0.02,0.03,0.97,0.98,0.01,0.01,75074.2,1776371586000
1776371588.323,188.323,0.02,0.03,0.97,0.98,0.01,0.01,75075.16,1776371587000
1776371589.003,189.003,0.02,0.03,0.97,0.98,0.01,0.01,75075.16,1776371587000
1776371589.354,189.354,0.02,0.03,0.97,0.98,0.01,0.01,75072.95,1776371588000
1776371589.714,189.714,0.02,0.03,0.97,0.98,0.01,0.01,75072.95,1776371588000
1776371590.171,190.171,0.02,0.03,0.97,0.98,0.01,0.01,75071.79,1776371589000
1776371590.511,190.511,0.02,0.03,0.97,0.98,0.01,0.01,75071.79,1776371589000
1776371590.902,190.902,0.02,0.03,0.97,0.98,0.01,0.01,75073.51,1776371590000
1776371591.367,191.367,0.02,0.03,0.97,0.98,0.01,0.01,75073.51,1776371590000
1776371591.753,191.753,0.02,0.03,0.97,0.98,0.01,0.01,75073.51,1776371590000
1776371592.438,192.438,0.02,0.03,0.97,0.98,0.01,0.01,75072.99,1776371591000
1776371592.919,192.919,0.02,0.03,0.97,0.98,0.01,0.01,75072.95,1776371592000
1776371593.302,193.302,0.02,0.03,0.97,0.98,0.01,0.01,75072.95,1776371592000
1776371593.681,193.681,0.02,0.03,0.97,0.98,0.01,0.01,75072.95,1776371592000
1776371594.333,194.333,0.02,0.03,0.97,0.98,0.01,0.01,75073.1,1776371593000
1776371594.798,194.798,0.02,0.03,0.97,0.98,0.01,0.01,75073.1,1776371593000
1776371595.935,195.935,0.02,0.03,0.97,0.98,0.01,0.01,75073.71,1776371595000
1776371596.526,196.526,0.02,0.03,0.97,0.98,0.01,0.01,75073.71,1776371595000
1776371596.922,196.922,0.02,0.03,0.97,0.98,0.01,0.01,75073.73,1776371596000
1776371597.65,197.65,0.02,0.03,0.97,0.98,0.01,0.01,75073.73,1776371596000
1776371598.031,198.031,0.02,0.03,0.97,0.98,0.01,0.01,75073.73,1776371596000
1776371598.419,198.419,0.02,0.03,0.97,0.98,0.01,0.01,75073.07,1776371597000
1776371598.903,198.903,0.01,0.02,0.98,0.99,0.01,0.01,75073.07,1776371597000
1776371599.258,199.258,0.01,0.02,0.98,0.99,0.01,0.01,75073.07,1776371597000
1776371599.612,199.612,0.01,0.02,0.98,0.99,0.01,0.01,75079.3,1776371598000
1776371600.954,200.954,0.01,0.02,0.98,0.99,0.01,0.01,75079.43,1776371600000
1776371601.298,201.298,0.01,0.02,0.98,0.99,0.01,0.01,75079.43,1776371600000
1776371601.812,201.812,0.01,0.02,0.98,0.99,0.01,0.01,75079.43,1776371600000
1776371602.151,202.151,0.01,0.02,0.98,0.99,0.01,0.01,75079.43,1776371600000
1776371602.723,202.723,0.01,0.02,0.98,0.99,0.01,0.01,75079.43,1776371600000
1776371603.229,203.229,0.01,0.02,0.98,0.99,0.01,0.01,75080.29,1776371601000
1776371603.791,203.791,0.01,0.02,0.98,0.99,0.01,0.01,75079.16,1776371602000
1776371604.167,204.167,0.01,0.02,0.98,0.99,0.01,0.01,75080.76,1776371603000
1776371604.594,204.594,0.01,0.02,0.98,0.99,0.01,0.01,75080.76,1776371603000
1776371604.999,204.999,0.02,0.03,0.97,0.98,0.01,0.01,75080.76,1776371603000
1776371605.398,205.398,0.02,0.03,0.97,0.98,0.01,0.01,75080.94,1776371604000
1776371605.736,205.736,0.02,0.03,0.97,0.98,0.01,0.01,75080.94,1776371604000
1776371606.287,206.287,0.02,0.03,0.97,0.98,0.01,0.01,75090.22,1776371605000
1776371606.913,206.913,0.02,0.03,0.97,0.98,0.01,0.01,75090.22,1776371605000
1776371607.271,207.271,0.02,0.03,0.97,0.98,0.01,0.01,75090.22,1776371605000
1776371607.777,207.777,0.02,0.03,0.97,0.98,0.01,0.01,75093.41,1776371606000
1776371608.303,208.303,0.02,0.03,0.97,0.98,0.01,0.01,75094.65,1776371607000
1776371608.77,208.77,0.02,0.03,0.97,0.98,0.01,0.01,75094.65,1776371607000
1776371609.117,209.117,0.02,0.03,0.97,0.98,0.01,0.01,75095.5,1776371608000
1776371609.496,209.496,0.02,0.03,0.97,0.98,0.01,0.01,75095.5,1776371608000
1776371609.968,209.968,0.02,0.03,0.97,0.98,0.01,0.01,75095.5,1776371608000
1776371610.436,210.436,0.02,0.03,0.97,0.98,0.01,0.01,75095.4,1776371609000
1776371610.888,210.888,0.02,0.03,0.97,0.98,0.01,0.01,75095.4,1776371609000
1776371611.291,211.291,0.02,0.03,0.97,0.98,0.01,0.01,75095.66,1776371610000
1776371611.701,211.701,0.02,0.03,0.97,0.98,0.01,0.01,75095.66,1776371610000
1776371612.048,212.048,0.02,0.03,0.97,0.98,0.01,0.01,75095.66,1776371610000
1776371612.485,212.485,0.02,0.03,0.97,0.98,0.01,0.01,75095.88,1776371611000
1776371612.882,212.882,0.02,0.03,0.97,0.98,0.01,0.01,75095.88,1776371611000
1776371613.281,213.281,0.02,0.03,0.97,0.98,0.01,0.01,75096.18,1776371612000
1776371613.616,213.616,0.02,0.03,0.97,0.98,0.01,0.01,75096.18,1776371612000
1776371614.262,214.262,0.02,0.03,0.97,0.98,0.01,0.01,75096.18,1776371612000
1776371614.853,214.853,0.02,0.03,0.97,0.98,0.01,0.01,75096.57,1776371613000
1776371615.351,215.351,0.02,0.03,0.97,0.98,0.01,0.01,75097.58,1776371614000
1776371615.938,215.938,0.02,0.03,0.97,0.98,0.01,0.01,75097.58,1776371614000
1776371616.714,216.714,0.02,0.03,0.97,0.98,0.01,0.01,75097.64,1776371615000
1776371617.249,217.249,0.02,0.03,0.97,0.98,0.01,0.01,75097.64,1776371615000
1776371617.629,217.629,0.02,0.03,0.97,0.98,0.01,0.01,75097.02,1776371616000
1776371618.473,218.473,0.02,0.03,0.97,0.98,0.01,0.01,75097.15,1776371617000
1776371618.968,218.968,0.02,0.03,0.97,0.98,0.01,0.01,75097.15,1776371617000
1776371619.339,219.339,0.02,0.03,0.97,0.98,0.01,0.01,75097.3,1776371618000
1776371619.834,219.834,0.02,0.03,0.97,0.98,0.01,0.01,75097.3,1776371618000
1776371620.31,220.31,0.01,0.03,0.97,0.99,0.02,0.02,75098.26,1776371619000
1776371620.723,220.723,0.01,0.02,0.97,0.99,0.01,0.02,75098.26,1776371619000
1776371621.148,221.148,0.01,0.02,0.98,0.99,0.01,0.01,75098.26,1776371619000
1776371621.927,221.927,0.01,0.02,0.98,0.99,0.01,0.01,75098.87,1776371620000
1776371622.394,222.394,0.01,0.02,0.98,0.99,0.01,0.01,75097.74,1776371621000
1776371622.942,222.942,0.01,0.02,0.98,0.99,0.01,0.01,75097.74,1776371621000
1776371623.355,223.355,0.01,0.02,0.98,0.99,0.01,0.01,75097.71,1776371622000
1776371623.791,223.791,0.01,0.02,0.98,0.99,0.01,0.01,75097.71,1776371622000
1776371624.164,224.164,0.01,0.02,0.98,0.99,0.01,0.01,75097.72,1776371623000
1776371624.637,224.637,0.01,0.02,0.98,0.99,0.01,0.01,75097.72,1776371623000
1776371625.119,225.119,0.01,0.02,0.98,0.99,0.01,0.01,75097.72,1776371623000
1776371625.482,225.482,0.01,0.02,0.98,0.99,0.01,0.01,75097.6,1776371624000
1776371626.043,226.043,0.01,0.02,0.98,0.99,0.01,0.01,75097.6,1776371624000
1776371626.379,226.379,0.01,0.02,0.98,0.99,0.01,0.01,75097.8,1776371625000
1776371627.157,227.157,0.01,0.02,0.98,0.99,0.01,0.01,75097.8,1776371625000
1776371627.935,227.935,0.01,0.02,0.98,0.99,0.01,0.01,75097.78,1776371627000
1776371628.381,228.381,0.01,0.02,0.98,0.99,0.01,0.01,75097.78,1776371627000
1776371628.896,228.896,0.01,0.02,0.98,0.99,0.01,0.01,75097.78,1776371627000
1776371629.519,229.519,0.01,0.02,0.98,0.99,0.01,0.01,75097.78,1776371627000
1776371630.008,230.008,0.01,0.02,0.98,0.99,0.01,0.01,75098.68,1776371628000
1776371630.522,230.522,0.01,0.02,0.98,0.99,0.01,0.01,75098.68,1776371629000
1776371630.971,230.971,0.01,0.02,0.98,0.99,0.01,0.01,75098.68,1776371629000
1776371631.38,231.38,0.01,0.02,0.98,0.99,0.01,0.01,75098.68,1776371629000
1776371631.766,231.766,0.01,0.02,0.98,0.99,0.01,0.01,75099.23,1776371630000
1776371632.159,232.159,0.01,0.02,0.98,0.99,0.01,0.01,75099.55,1776371631000
1776371632.531,232.531,0.01,0.02,0.98,0.99,0.01,0.01,75099.55,1776371631000
1776371632.961,232.961,0.01,0.02,0.98,0.99,0.01,0.01,75099.55,1776371631000
1776371633.345,233.345,0.01,0.02,0.98,0.99,0.01,0.01,75100.77,1776371632000
1776371633.737,233.737,0.01,0.02,0.98,0.99,0.01,0.01,75100.77,1776371632000
1776371634.164,234.164,0.02,0.03,0.97,0.98,0.01,0.01,75100.77,1776371632000
1776371634.585,234.585,0.02,0.03,0.97,0.98,0.01,0.01,75100.28,1776371633000
1776371634.921,234.921,0.02,0.03,0.97,0.98,0.01,0.01,75100.28,1776371633000
1776371635.423,235.423,0.02,0.03,0.97,0.98,0.01,0.01,75102.73,1776371634000
1776371635.779,235.779,0.02,0.03,0.97,0.98,0.01,0.01,75102.73,1776371634000
1776371636.146,236.146,0.02,0.03,0.97,0.98,0.01,0.01,75102.73,1776371634000
1776371637.242,237.242,0.02,0.03,0.97,0.98,0.01,0.01,75104.8,1776371635000
1776371637.617,237.617,0.01,0.03,0.97,0.98,0.02,0.01,75106.61,1776371636000
1776371637.979,237.979,0.01,0.02,0.98,0.99,0.01,0.01,75106.8,1776371637000
1776371638.351,238.351,0.01,0.02,0.98,0.99,0.01,0.01,75106.8,1776371637000
1776371638.854,238.854,0.01,0.02,0.98,0.99,0.01,0.01,75106.8,1776371637000
1776371639.28,239.28,0.01,0.02,0.98,0.99,0.01,0.01,75106.85,1776371638000
1776371639.615,239.615,0.01,0.02,0.98,0.99,0.01,0.01,75106.85,1776371638000
1776371640.019,240.019,0.01,0.02,0.98,0.99,0.01,0.01,75106.85,1776371638000
1776371640.451,240.451,0.02,0.03,0.97,0.99,0.01,0.02,75106.86,1776371639000
1776371640.831,240.831,0.01,0.02,0.98,0.99,0.01,0.01,75106.86,1776371639000
1776371641.266,241.266,0.01,0.02,0.98,0.99,0.01,0.01,75106.86,1776371639000
1776371641.632,241.632,0.01,0.02,0.98,0.99,0.01,0.01,75107.02,1776371640000
1776371642.037,242.037,0.01,0.02,0.98,0.99,0.01,0.01,75107.02,1776371640000
1776371642.429,242.429,0.02,0.04,0.96,0.99,0.02,0.03,75107.06,1776371641000
1776371642.777,242.777,0.02,0.03,0.97,0.98,0.01,0.01,75107.06,1776371641000
1776371643.367,243.367,0.02,0.03,0.97,0.98,0.01,0.01,75107.1,1776371642000
1776371643.959,243.959,0.02,0.03,0.97,0.99,0.01,0.02,75107.1,1776371642000
1776371644.363,244.363,0.01,0.02,0.97,0.99,0.01,0.02,75107.1,1776371642000
1776371644.717,244.717,0.01,0.02,0.98,0.99,0.01,0.01,75107.54,1776371643000
1776371645.07,245.07,0.02,0.03,0.97,0.98,0.01,0.01,75107.54,1776371643000
1776371645.445,245.445,0.02,0.03,0.97,0.99,0.01,0.02,75107.54,1776371643000
1776371645.788,245.788,0.02,0.03,0.97,0.98,0.01,0.01,75107.52,1776371644000
1776371646.208,246.208,0.02,0.03,0.97,0.98,0.01,0.01,75107.52,1776371644000
1776371646.598,246.598,0.03,0.04,0.96,0.97,0.01,0.01,75107.55,1776371645000
1776371647.038,247.038,0.02,0.03,0.97,0.98,0.01,0.01,75107.55,1776371645000
1776371647.421,247.421,0.02,0.03,0.97,0.98,0.01,0.01,75113.86,1776371646000
1776371647.804,247.804,0.02,0.03,0.97,0.98,0.01,0.01,75113.86,1776371646000
1776371648.567,248.567,0.02,0.03,0.97,0.98,0.01,0.01,75116.88,1776371647000
1776371649.011,249.011,0.02,0.03,0.97,0.98,0.01,0.01,75116.88,1776371647000
1776371649.431,249.431,0.02,0.03,0.97,0.98,0.01,0.01,75115.96,1776371648000
1776371650.539,250.539,0.02,0.03,0.97,0.98,0.01,0.01,75114.07,1776371649000
1776371651.02,251.02,0.02,0.03,0.97,0.98,0.01,0.01,75114.07,1776371649000
1776371651.551,251.551,0.02,0.03,0.97,0.98,0.01,0.01,75114.07,1776371650000
1776371651.897,251.897,0.02,0.03,0.97,0.98,0.01,0.01,75114.07,1776371650000
1776371652.322,252.322,0.02,0.03,0.97,0.98,0.01,0.01,75114.65,1776371651000
1776371652.783,252.783,0.01,0.02,0.97,0.99,0.01,0.02,75114.65,1776371651000
1776371653.406,253.406,0.01,0.02,0.98,0.99,0.01,0.01,75116.28,1776371652000
1776371654.049,254.049,0.01,0.02,0.98,0.99,0.01,0.01,75116.28,1776371653000
1776371654.467,254.467,0.01,0.02,0.98,0.99,0.01,0.01,75116.28,1776371653000
1776371654.964,254.964,0.01,0.02,0.98,0.99,0.01,0.01,75116.28,1776371653000
1776371655.317,255.317,0.01,0.02,0.98,0.99,0.01,0.01,75116.28,1776371654000
1776371655.673,255.673,0.01,0.02,0.98,0.99,0.01,0.01,75116.28,1776371654000
1776371656.203,256.203,0.01,0.03,0.98,0.99,0.02,0.01,75116.28,1776371654000
1776371656.552,256.552,0.01,0.02,0.98,0.99,0.01,0.01,75113.53,1776371655000
1776371657.003,257.003,0.01,0.02,0.98,0.99,0.01,0.01,75113.53,1776371655000
1776371657.421,257.421,0.01,0.02,0.98,0.99,0.01,0.01,75113.57,1776371656000
1776371657.876,257.876,0.01,0.02,0.98,0.99,0.01,0.01,75113.57,1776371656000
1776371658.262,258.262,0.01,0.02,0.98,0.99,0.01,0.01,75113.55,1776371657000
1776371658.822,258.822,0.01,0.02,0.98,0.99,0.01,0.01,75113.55,1776371657000
1776371659.33,259.33,0.01,0.02,0.98,0.99,0.01,0.01,75113.55,1776371657000
1776371659.72,259.72,0.01,0.02,0.98,0.99,0.01,0.01,75113.55,1776371657000
1776371660.077,260.077,0.01,0.02,0.98,0.99,0.01,0.01,75106.53,1776371659000
1776371660.519,260.519,0.01,0.02,0.98,0.99,0.01,0.01,75106.53,1776371659000
1776371660.868,260.868,0.01,0.02,0.98,0.99,0.01,0.01,75106.53,1776371659000
1776371661.382,261.382,0.01,0.01,0.98,0.99,0.0,0.01,75102.0,1776371660000
1776371661.731,261.731,0.01,0.01,0.99,0.99,0.0,0.0,75102.0,1776371660000
1776371662.13,262.13,0.01,0.01,0.99,0.99,0.0,0.0,75102.0,1776371660000
1776371662.545,262.545,0.01,0.01,0.99,0.99,0.0,0.0,75083.88,1776371661000
1776371662.962,262.962,0.01,0.01,0.99,0.99,0.0,0.0,75083.88,1776371661000
1776371663.317,263.317,0.01,0.01,0.99,0.99,0.0,0.0,75080.04,1776371662000
1776371663.658,263.658,0.01,0.01,0.99,0.99,0.0,0.0,75080.04,1776371662000
1776371664.465,264.465,0.01,0.01,0.99,0.99,0.0,0.0,75079.2,1776371663000
1776371664.948,264.948,0.01,0.01,0.99,0.99,0.0,0.0,75079.2,1776371663000
1776371665.346,265.346,0.01,0.01,0.99,0.99,0.0,0.0,75079.42,1776371664000
1776371666.357,266.357,0.01,0.01,0.99,0.99,0.0,0.0,75074.65,1776371665000
1776371666.782,266.782,0.01,0.01,0.99,0.99,0.0,0.0,75074.65,1776371665000
1776371667.466,267.466,0.01,0.01,0.99,0.99,0.0,0.0,75073.62,1776371666000
1776371667.882,267.882,0.01,0.01,0.99,0.99,0.0,0.0,75072.01,1776371667000
1776371669.462,269.462,0.01,0.01,0.99,0.99,0.0,0.0,75072.01,1776371668000
1776371670.004,270.004,0.01,0.01,0.99,0.99,0.0,0.0,75072.01,1776371668000
1776371671.315,271.315,0.01,0.01,0.99,0.99,0.0,0.0,75072.3,1776371670000
1776371671.911,271.911,0.01,0.01,0.99,0.99,0.0,0.0,75072.3,1776371670000
1776371672.409,272.409,0.01,0.01,0.99,0.99,0.0,0.0,75072.3,1776371670000
1776371673.102,273.102,0.01,0.01,0.99,0.99,0.0,0.0,75072.99,1776371672000
1776371674.335,274.335,0.01,0.01,0.99,0.99,0.0,0.0,75072.99,1776371672000
1776371675.248,275.248,0.01,0.01,0.99,0.99,0.0,0.0,75073.03,1776371674000
1776371676.37,276.37,0.01,0.01,0.99,0.99,0.0,0.0,75071.6,1776371675000
1776371676.971,276.971,0.01,0.01,0.99,0.99,0.0,0.0,75071.51,1776371676000
1776371677.957,277.957,0.01,0.01,0.99,0.99,0.0,0.0,75071.51,1776371676000
1776371679.269,279.269,0.01,0.01,0.99,0.99,0.0,0.0,75071.1,1776371678000
1776371680.433,280.433,0.01,0.01,0.99,0.99,0.0,0.0,75071.79,1776371679000
1776371681.051,281.051,0.01,0.01,0.99,0.99,0.0,0.0,75071.93,1776371680000
1776371682.209,282.209,0.01,0.01,0.99,0.99,0.0,0.0,75071.63,1776371681000
1776371683.286,283.286,0.01,0.01,0.99,0.99,0.0,0.0,75073.28,1776371682000
1776371684.431,284.431,0.01,0.01,0.99,0.99,0.0,0.0,75073.85,1776371683000
1776371685.029,285.029,0.01,0.01,0.99,0.99,0.0,0.0,75074.07,1776371684000
1776371686.038,286.038,0.01,0.01,0.99,0.99,0.0,0.0,75074.07,1776371684000
1776371686.823,286.823,0.01,0.01,0.99,0.99,0.0,0.0,75077.84,1776371685000
1776371687.216,287.216,0.01,0.01,0.99,0.99,0.0,0.0,75079.02,1776371686000
1776371688.26,288.26,0.01,0.01,0.99,0.99,0.0,0.0,75080.2,1776371687000
1776371689.298,289.298,0.01,0.01,0.99,0.99,0.0,0.0,75079.81,1776371688000
1776371689.823,289.823,0.01,0.01,0.99,0.99,0.0,0.0,75079.81,1776371688000
1776371691.127,291.127,0.01,0.01,0.99,0.99,0.0,0.0,75079.81,1776371689000
1776371691.666,291.666,0.01,0.01,0.99,0.99,0.0,0.0,75079.81,1776371689000
1776371692.437,292.437,0.01,0.01,0.99,0.99,0.0,0.0,75077.36,1776371690000
1776371693.447,293.447,0.01,0.01,0.99,0.99,0.0,0.0,75070.65,1776371692000
1776371694.044,294.044,0.01,0.01,0.99,0.99,0.0,0.0,75070.6,1776371693000
1776371695.459,295.459,0.01,0.01,0.99,0.99,0.0,0.0,75070.22,1776371694000
1776371696.123,296.123,0.01,0.01,0.99,0.99,0.0,0.0,75069.96,1776371695000
1776371697.651,297.651,0.01,0.01,0.99,0.99,0.0,0.0,75068.12,1776371696000
1776371698.306,298.306,0.01,0.01,0.99,0.99,0.0,0.0,75068.39,1776371697000
1776371699.656,299.656,0.01,0.01,0.99,0.99,0.0,0.0,75064.37,1776371698000
1776371700.371,300.371,0.01,0.01,0.99,0.99,0.0,0.0,75064.37,1776371698000

# RESULT,winner=Down,slug=btc-updown-5m-1776371400,ticks=634
