timestamp,elapsed_sec,up_bid,up_ask,down_bid,down_ask,up_spread,down_spread,btc_price,btc_oracle_ts
1777339200.599,0.599,0.53,0.55,0.45,0.47,0.02,0.02,77235.63,1777339199000
1777339200.991,0.991,0.57,0.58,0.42,0.43,0.01,0.01,77235.63,1777339199000
1777339201.379,1.379,0.57,0.6,0.4,0.42,0.03,0.02,77228.12,1777339200000
1777339201.714,1.714,0.59,0.61,0.4,0.41,0.02,0.01,77228.12,1777339200000
1777339202.101,2.101,0.6,0.61,0.39,0.4,0.01,0.01,77228.12,1777339200000
1777339202.824,2.824,0.6,0.61,0.39,0.4,0.01,0.01,77226.39,1777339201000
1777339203.25,3.25,0.6,0.61,0.39,0.4,0.01,0.01,77226.39,1777339201000
1777339203.587,3.587,0.6,0.61,0.39,0.4,0.01,0.01,77228.44,1777339202000
1777339204.151,4.151,0.58,0.61,0.39,0.42,0.03,0.03,77228.44,1777339202000
1777339204.51,4.51,0.58,0.6,0.4,0.43,0.02,0.03,77228.44,1777339202000
1777339204.888,4.888,0.6,0.63,0.37,0.42,0.03,0.05,77232.49,1777339203000
1777339205.222,5.222,0.58,0.59,0.41,0.42,0.01,0.01,77233.23,1777339204000
1777339205.576,5.576,0.58,0.59,0.41,0.42,0.01,0.01,77233.23,1777339204000
1777339206.009,6.009,0.61,0.62,0.38,0.39,0.01,0.01,77233.23,1777339204000
1777339206.364,6.364,0.61,0.62,0.38,0.39,0.01,0.01,77233.23,1777339204000
1777339206.707,6.707,0.61,0.62,0.38,0.39,0.01,0.01,77233.23,1777339204000
1777339207.201,7.201,0.6,0.61,0.38,0.4,0.01,0.02,77233.23,1777339204000
1777339207.778,7.778,0.6,0.61,0.39,0.4,0.01,0.01,77237.24,1777339206000
1777339208.154,8.154,0.6,0.61,0.39,0.4,0.01,0.01,77237.24,1777339206000
1777339208.6,8.6,0.6,0.61,0.39,0.4,0.01,0.01,77237.24,1777339206000
1777339209.045,9.045,0.6,0.61,0.39,0.4,0.01,0.01,77237.18,1777339207000
1777339209.465,9.465,0.6,0.61,0.39,0.4,0.01,0.01,77237.18,1777339207000
1777339209.933,9.933,0.6,0.62,0.38,0.4,0.02,0.02,77235.83,1777339208000
1777339210.307,10.307,0.61,0.62,0.38,0.39,0.01,0.01,77235.83,1777339208000
1777339210.68,10.68,0.61,0.62,0.38,0.39,0.01,0.01,77235.83,1777339208000
1777339211.03,11.03,0.61,0.62,0.38,0.39,0.01,0.01,77235.83,1777339208000
1777339211.458,11.458,0.6,0.62,0.38,0.39,0.02,0.01,77233.26,1777339209000
1777339212.199,12.199,0.6,0.61,0.39,0.4,0.01,0.01,77233.26,1777339209000
1777339212.574,12.574,0.59,0.6,0.4,0.41,0.01,0.01,77232.58,1777339210000
1777339212.93,12.93,0.57,0.58,0.4,0.43,0.01,0.03,77232.58,1777339210000
1777339213.269,13.269,0.57,0.58,0.42,0.43,0.01,0.01,77232.58,1777339210000
1777339213.835,13.835,0.57,0.58,0.42,0.43,0.01,0.01,77232.58,1777339212000
1777339214.441,14.441,0.57,0.58,0.42,0.43,0.01,0.01,77232.58,1777339212000
1777339214.966,14.966,0.57,0.58,0.42,0.43,0.01,0.01,77233.18,1777339213000
1777339215.462,15.462,0.57,0.58,0.42,0.43,0.01,0.01,77233.18,1777339213000
1777339215.897,15.897,0.57,0.58,0.42,0.43,0.01,0.01,77233.18,1777339213000
1777339216.377,16.377,0.57,0.58,0.42,0.43,0.01,0.01,77232.59,1777339214000
1777339216.815,16.815,0.57,0.58,0.42,0.43,0.01,0.01,77233.1,1777339215000
1777339217.355,17.355,0.57,0.58,0.42,0.43,0.01,0.01,77233.1,1777339215000
1777339217.873,17.873,0.57,0.58,0.42,0.43,0.01,0.01,77232.86,1777339216000
1777339218.257,18.257,0.57,0.58,0.42,0.43,0.01,0.01,77232.86,1777339216000
1777339218.659,18.659,0.52,0.56,0.44,0.48,0.04,0.04,77232.86,1777339216000
1777339219.112,19.112,0.52,0.53,0.47,0.48,0.01,0.01,77232.97,1777339217000
1777339219.459,19.459,0.52,0.53,0.47,0.48,0.01,0.01,77232.97,1777339217000
1777339219.793,19.793,0.51,0.53,0.47,0.49,0.02,0.02,77232.49,1777339218000
1777339220.218,20.218,0.51,0.52,0.48,0.49,0.01,0.01,77232.49,1777339218000
1777339220.689,20.689,0.51,0.52,0.48,0.49,0.01,0.01,77227.43,1777339219000
1777339221.142,21.142,0.51,0.52,0.48,0.49,0.01,0.01,77227.43,1777339219000
1777339221.749,21.749,0.51,0.52,0.48,0.49,0.01,0.01,77225.96,1777339220000
1777339222.164,22.164,0.51,0.52,0.48,0.49,0.01,0.01,77225.96,1777339220000
1777339222.606,22.606,0.51,0.52,0.48,0.49,0.01,0.01,77225.96,1777339220000
1777339223.274,23.274,0.53,0.54,0.46,0.47,0.01,0.01,77225.1,1777339221000
1777339223.751,23.751,0.58,0.59,0.41,0.42,0.01,0.01,77225.11,1777339222000
1777339224.323,24.323,0.59,0.6,0.4,0.42,0.01,0.02,77225.11,1777339222000
1777339225.176,25.176,0.59,0.6,0.4,0.41,0.01,0.01,77226.01,1777339223000
1777339225.636,25.636,0.59,0.6,0.4,0.41,0.01,0.01,77229.01,1777339224000
1777339225.975,25.975,0.59,0.6,0.4,0.41,0.01,0.01,77229.01,1777339224000
1777339226.331,26.331,0.59,0.6,0.4,0.41,0.01,0.01,77229.01,1777339224000
1777339226.673,26.673,0.59,0.6,0.4,0.41,0.01,0.01,77230.81,1777339225000
1777339227.045,27.045,0.59,0.6,0.4,0.41,0.01,0.01,77230.81,1777339225000
1777339227.579,27.579,0.6,0.61,0.39,0.41,0.01,0.02,77230.81,1777339225000
1777339227.985,27.985,0.59,0.6,0.39,0.41,0.01,0.02,77231.18,1777339226000
1777339228.33,28.33,0.59,0.6,0.4,0.41,0.01,0.01,77231.18,1777339226000
1777339228.716,28.716,0.59,0.6,0.4,0.41,0.01,0.01,77230.91,1777339227000
1777339229.215,29.215,0.58,0.6,0.4,0.41,0.02,0.01,77230.91,1777339227000
1777339229.842,29.842,0.58,0.59,0.4,0.42,0.01,0.02,77231.18,1777339228000
1777339230.2,30.2,0.56,0.57,0.4,0.45,0.01,0.05,77231.18,1777339228000
1777339230.591,30.591,0.58,0.59,0.41,0.44,0.01,0.03,77231.18,1777339228000
1777339230.929,30.929,0.58,0.62,0.38,0.42,0.04,0.04,77231.49,1777339229000
1777339231.268,31.268,0.6,0.61,0.39,0.4,0.01,0.01,77231.49,1777339229000
1777339231.818,31.818,0.59,0.6,0.4,0.41,0.01,0.01,77231.49,1777339230000
1777339232.423,32.423,0.59,0.6,0.4,0.41,0.01,0.01,77231.49,1777339230000
1777339232.967,32.967,0.58,0.59,0.41,0.42,0.01,0.01,77233.82,1777339231000
1777339233.474,33.474,0.58,0.59,0.41,0.42,0.01,0.01,77233.82,1777339231000
1777339234.075,34.075,0.59,0.6,0.4,0.42,0.01,0.02,77233.88,1777339232000
1777339234.473,34.473,0.59,0.6,0.4,0.41,0.01,0.01,77233.88,1777339233000
1777339234.914,34.914,0.59,0.6,0.4,0.41,0.01,0.01,77233.88,1777339233000
1777339235.26,35.26,0.59,0.6,0.4,0.41,0.01,0.01,77234.1,1777339234000
1777339235.678,35.678,0.59,0.6,0.4,0.41,0.01,0.01,77234.1,1777339234000
1777339236.085,36.085,0.59,0.6,0.4,0.41,0.01,0.01,77234.1,1777339234000
1777339237.472,37.472,0.59,0.6,0.4,0.41,0.01,0.01,77234.29,1777339235000
1777339237.81,37.81,0.59,0.6,0.4,0.41,0.01,0.01,77234.29,1777339236000
1777339238.152,38.152,0.59,0.64,0.4,0.41,0.05,0.01,77234.29,1777339236000
1777339238.99,38.99,0.59,0.62,0.36,0.41,0.03,0.05,77234.29,1777339237000
1777339239.492,39.492,0.59,0.6,0.38,0.41,0.01,0.03,77234.26,1777339238000
1777339240.4,40.4,0.59,0.6,0.4,0.41,0.01,0.01,77234.26,1777339238000
1777339240.851,40.851,0.59,0.6,0.4,0.41,0.01,0.01,77234.08,1777339239000
1777339241.704,41.704,0.59,0.6,0.4,0.41,0.01,0.01,77232.05,1777339240000
1777339242.251,42.251,0.59,0.6,0.4,0.41,0.01,0.01,77233.27,1777339241000
1777339243.469,43.469,0.59,0.6,0.4,0.41,0.01,0.01,77233.27,1777339241000
1777339243.882,43.882,0.59,0.6,0.4,0.41,0.01,0.01,77233.71,1777339242000
1777339244.644,44.644,0.59,0.6,0.4,0.41,0.01,0.01,77233.71,1777339243000
1777339245.261,45.261,0.59,0.6,0.4,0.41,0.01,0.01,77233.71,1777339243000
1777339245.689,45.689,0.58,0.59,0.41,0.42,0.01,0.01,77233.75,1777339244000
1777339246.039,46.039,0.55,0.56,0.43,0.45,0.01,0.02,77233.75,1777339244000
1777339246.431,46.431,0.55,0.56,0.44,0.45,0.01,0.01,77233.75,1777339244000
1777339246.783,46.783,0.55,0.56,0.44,0.45,0.01,0.01,77234.04,1777339245000
1777339247.189,47.189,0.55,0.56,0.44,0.45,0.01,0.01,77234.04,1777339246000
1777339248.553,48.553,0.56,0.57,0.44,0.45,0.01,0.01,77234.04,1777339246000
1777339249.203,49.203,0.56,0.57,0.43,0.44,0.01,0.01,77229.19,1777339247000
1777339249.92,49.92,0.56,0.57,0.43,0.44,0.01,0.01,77229.19,1777339248000
1777339250.382,50.382,0.56,0.57,0.43,0.44,0.01,0.01,77229.19,1777339249000
1777339251.134,51.134,0.56,0.57,0.43,0.44,0.01,0.01,77230.81,1777339250000
1777339251.589,51.589,0.55,0.56,0.44,0.45,0.01,0.01,77230.81,1777339250000
1777339251.989,51.989,0.53,0.54,0.46,0.47,0.01,0.01,77230.81,1777339250000
1777339253.278,53.278,0.53,0.54,0.46,0.47,0.01,0.01,77230.9,1777339251000
1777339253.775,53.775,0.53,0.54,0.46,0.47,0.01,0.01,77231.35,1777339252000
1777339254.139,54.139,0.53,0.54,0.46,0.47,0.01,0.01,77231.29,1777339253000
1777339254.543,54.543,0.53,0.54,0.46,0.47,0.01,0.01,77231.29,1777339253000
1777339254.981,54.981,0.53,0.54,0.46,0.47,0.01,0.01,77231.29,1777339253000
1777339255.388,55.388,0.52,0.53,0.47,0.48,0.01,0.01,77230.96,1777339254000
1777339255.794,55.794,0.51,0.52,0.47,0.49,0.01,0.02,77230.96,1777339254000
1777339256.265,56.265,0.51,0.52,0.48,0.49,0.01,0.01,77230.96,1777339254000
1777339256.755,56.755,0.51,0.52,0.48,0.49,0.01,0.01,77228.44,1777339255000
1777339257.105,57.105,0.51,0.54,0.48,0.49,0.03,0.01,77228.44,1777339255000
1777339257.485,57.485,0.55,0.57,0.43,0.45,0.02,0.02,77225.82,1777339256000
1777339257.825,57.825,0.56,0.57,0.43,0.44,0.01,0.01,77225.82,1777339256000
1777339258.189,58.189,0.56,0.57,0.43,0.44,0.01,0.01,77225.64,1777339257000
1777339258.614,58.614,0.56,0.57,0.43,0.44,0.01,0.01,77225.64,1777339257000
1777339259.193,59.193,0.56,0.57,0.43,0.44,0.01,0.01,77228.42,1777339258000
1777339259.533,59.533,0.59,0.6,0.4,0.41,0.01,0.01,77228.42,1777339258000
1777339259.886,59.886,0.59,0.6,0.4,0.41,0.01,0.01,77228.42,1777339258000
1777339260.347,60.347,0.59,0.6,0.4,0.41,0.01,0.01,77228.63,1777339259000
1777339260.736,60.736,0.59,0.6,0.4,0.41,0.01,0.01,77228.63,1777339259000
1777339261.318,61.318,0.59,0.6,0.4,0.41,0.01,0.01,77228.63,1777339259000
1777339261.652,61.652,0.59,0.6,0.4,0.41,0.01,0.01,77232.66,1777339260000
1777339262.001,62.001,0.6,0.61,0.39,0.4,0.01,0.01,77232.66,1777339260000
1777339262.338,62.338,0.58,0.59,0.4,0.44,0.01,0.04,77232.71,1777339261000
1777339262.882,62.882,0.55,0.59,0.42,0.43,0.04,0.01,77232.71,1777339261000
1777339263.25,63.25,0.57,0.58,0.41,0.45,0.01,0.04,77232.71,1777339261000
1777339264.011,64.011,0.55,0.56,0.44,0.45,0.01,0.01,77232.71,1777339261000
1777339264.369,64.369,0.55,0.56,0.44,0.45,0.01,0.01,77233.43,1777339262000
1777339264.912,64.912,0.55,0.56,0.44,0.45,0.01,0.01,77233.43,1777339263000
1777339265.758,65.758,0.55,0.56,0.44,0.45,0.01,0.01,77233.43,1777339263000
1777339266.278,66.278,0.55,0.56,0.44,0.45,0.01,0.01,77233.43,1777339264000
1777339266.938,66.938,0.56,0.57,0.44,0.45,0.01,0.01,77233.43,1777339264000
1777339267.425,67.425,0.56,0.57,0.43,0.44,0.01,0.01,77233.29,1777339265000
1777339267.787,67.787,0.56,0.58,0.43,0.44,0.02,0.01,77232.88,1777339266000
1777339268.306,68.306,0.57,0.58,0.42,0.43,0.01,0.01,77233.43,1777339267000
1777339268.674,68.674,0.58,0.59,0.41,0.42,0.01,0.01,77233.43,1777339267000
1777339269.01,69.01,0.63,0.65,0.35,0.37,0.02,0.02,77233.43,1777339267000
1777339269.348,69.348,0.66,0.68,0.32,0.34,0.02,0.02,77233.43,1777339267000
1777339269.701,69.701,0.67,0.7,0.3,0.33,0.03,0.03,77233.43,1777339267000
1777339270.069,70.069,0.71,0.74,0.27,0.3,0.03,0.03,77233.18,1777339268000
1777339270.465,70.465,0.71,0.72,0.28,0.29,0.01,0.01,77233.43,1777339269000
1777339270.865,70.865,0.71,0.72,0.28,0.29,0.01,0.01,77233.43,1777339269000
1777339271.428,71.428,0.71,0.72,0.28,0.29,0.01,0.01,77233.43,1777339269000
1777339271.93,71.93,0.71,0.72,0.28,0.29,0.01,0.01,77233.43,1777339269000
1777339272.387,72.387,0.71,0.72,0.28,0.29,0.01,0.01,77251.28,1777339270000
1777339273.12,73.12,0.71,0.72,0.28,0.29,0.01,0.01,77252.56,1777339271000
1777339273.455,73.455,0.71,0.73,0.28,0.29,0.02,0.01,77252.47,1777339272000
1777339273.873,73.873,0.71,0.73,0.27,0.29,0.02,0.02,77252.47,1777339272000
1777339274.3,74.3,0.71,0.73,0.28,0.29,0.02,0.01,77252.47,1777339272000
1777339274.702,74.702,0.71,0.72,0.28,0.29,0.01,0.01,77252.42,1777339273000
1777339275.037,75.037,0.7,0.71,0.29,0.3,0.01,0.01,77252.42,1777339273000
1777339276.156,76.156,0.7,0.71,0.29,0.3,0.01,0.01,77252.4,1777339274000
1777339276.538,76.538,0.7,0.71,0.29,0.3,0.01,0.01,77251.52,1777339275000
1777339277.005,77.005,0.7,0.71,0.29,0.3,0.01,0.01,77251.52,1777339275000
1777339277.349,77.349,0.7,0.71,0.29,0.3,0.01,0.01,77251.52,1777339275000
1777339277.762,77.762,0.7,0.71,0.29,0.3,0.01,0.01,77251.43,1777339276000
1777339278.177,78.177,0.7,0.71,0.29,0.3,0.01,0.01,77251.43,1777339276000
1777339278.976,78.976,0.69,0.7,0.3,0.31,0.01,0.01,77251.19,1777339277000
1777339279.499,79.499,0.69,0.7,0.3,0.31,0.01,0.01,77251.44,1777339278000
1777339280.011,80.011,0.69,0.7,0.3,0.31,0.01,0.01,77251.46,1777339279000
1777339280.763,80.763,0.69,0.7,0.3,0.31,0.01,0.01,77251.46,1777339279000
1777339281.225,81.225,0.69,0.7,0.3,0.31,0.01,0.01,77251.46,1777339279000
1777339281.633,81.633,0.69,0.7,0.3,0.31,0.01,0.01,77251.46,1777339279000
1777339282.054,82.054,0.69,0.7,0.3,0.31,0.01,0.01,77251.46,1777339280000
1777339282.689,82.689,0.69,0.7,0.3,0.31,0.01,0.01,77251.5,1777339281000
1777339283.181,83.181,0.7,0.71,0.29,0.31,0.01,0.02,77251.5,1777339281000
1777339283.515,83.515,0.7,0.71,0.29,0.3,0.01,0.01,77251.75,1777339282000
1777339283.908,83.908,0.71,0.72,0.29,0.3,0.01,0.01,77251.75,1777339282000
1777339284.259,84.259,0.72,0.73,0.27,0.28,0.01,0.01,77251.75,1777339282000
1777339284.634,84.634,0.71,0.73,0.27,0.3,0.02,0.03,77251.65,1777339283000
1777339284.969,84.969,0.68,0.71,0.29,0.32,0.03,0.03,77251.65,1777339283000
1777339285.303,85.303,0.67,0.69,0.31,0.33,0.02,0.02,77251.72,1777339284000
1777339285.653,85.653,0.67,0.68,0.32,0.35,0.01,0.03,77251.72,1777339284000
1777339286.055,86.055,0.64,0.65,0.35,0.36,0.01,0.01,77251.72,1777339284000
1777339286.42,86.42,0.64,0.65,0.35,0.36,0.01,0.01,77254.72,1777339285000
1777339286.801,86.801,0.64,0.65,0.35,0.36,0.01,0.01,77254.72,1777339285000
1777339287.154,87.154,0.62,0.65,0.35,0.38,0.03,0.03,77254.43,1777339286000
1777339287.549,87.549,0.61,0.62,0.38,0.39,0.01,0.01,77254.43,1777339286000
1777339287.892,87.892,0.6,0.61,0.39,0.4,0.01,0.01,77254.43,1777339286000
1777339288.24,88.24,0.59,0.6,0.4,0.41,0.01,0.01,77254.44,1777339287000
1777339288.605,88.605,0.57,0.58,0.41,0.43,0.01,0.02,77254.44,1777339287000
1777339288.94,88.94,0.57,0.58,0.42,0.43,0.01,0.01,77254.44,1777339287000
1777339289.273,89.273,0.57,0.58,0.42,0.43,0.01,0.01,77254.44,1777339287000
1777339289.616,89.616,0.57,0.58,0.42,0.43,0.01,0.01,77254.26,1777339288000
1777339289.967,89.967,0.57,0.58,0.42,0.43,0.01,0.01,77254.26,1777339288000
1777339290.323,90.323,0.57,0.58,0.42,0.43,0.01,0.01,77254.26,1777339288000
1777339290.736,90.736,0.58,0.59,0.41,0.42,0.01,0.01,77255.07,1777339289000
1777339291.091,91.091,0.58,0.59,0.41,0.42,0.01,0.01,77255.43,1777339290000
1777339291.552,91.552,0.59,0.6,0.4,0.41,0.01,0.01,77255.43,1777339290000
1777339291.936,91.936,0.59,0.6,0.4,0.41,0.01,0.01,77255.45,1777339291000
1777339292.303,92.303,0.58,0.59,0.41,0.42,0.01,0.01,77255.45,1777339291000
1777339292.85,92.85,0.58,0.59,0.41,0.42,0.01,0.01,77255.45,1777339291000
1777339293.19,93.19,0.58,0.59,0.41,0.42,0.01,0.01,77256.09,1777339292000
1777339293.556,93.556,0.58,0.59,0.41,0.42,0.01,0.01,77256.09,1777339292000
1777339293.995,93.995,0.58,0.59,0.41,0.42,0.01,0.01,77256.09,1777339292000
1777339294.329,94.329,0.58,0.59,0.41,0.42,0.01,0.01,77255.41,1777339293000
1777339294.736,94.736,0.57,0.58,0.42,0.43,0.01,0.01,77255.41,1777339293000
1777339295.128,95.128,0.5,0.51,0.43,0.5,0.01,0.07,77255.41,1777339293000
1777339295.466,95.466,0.5,0.52,0.48,0.5,0.02,0.02,77255.41,1777339293000
1777339295.8,95.8,0.51,0.54,0.44,0.49,0.03,0.05,77253.69,1777339294000
1777339296.153,96.153,0.53,0.54,0.46,0.47,0.01,0.01,77253.69,1777339294000
1777339296.539,96.539,0.51,0.52,0.48,0.49,0.01,0.01,77253.75,1777339295000
1777339296.952,96.952,0.51,0.52,0.48,0.49,0.01,0.01,77253.75,1777339295000
1777339297.316,97.316,0.47,0.49,0.48,0.54,0.02,0.06,77253.82,1777339296000
1777339297.66,97.66,0.48,0.5,0.51,0.52,0.02,0.01,77253.82,1777339296000
1777339298.009,98.009,0.51,0.52,0.48,0.49,0.01,0.01,77253.82,1777339296000
1777339298.37,98.37,0.52,0.53,0.47,0.55,0.01,0.08,77253.82,1777339296000
1777339298.912,98.912,0.5,0.51,0.49,0.5,0.01,0.01,77253.82,1777339297000
1777339299.379,99.379,0.47,0.48,0.51,0.54,0.01,0.03,77253.89,1777339298000
1777339299.718,99.718,0.46,0.47,0.53,0.54,0.01,0.01,77253.89,1777339298000
1777339300.054,100.054,0.47,0.49,0.52,0.56,0.02,0.04,77253.89,1777339298000
1777339300.461,100.461,0.48,0.49,0.51,0.52,0.01,0.01,77254.01,1777339299000
1777339300.848,100.848,0.48,0.49,0.51,0.52,0.01,0.01,77254.01,1777339299000
1777339301.205,101.205,0.47,0.48,0.52,0.53,0.01,0.01,77254.01,1777339299000
1777339301.569,101.569,0.45,0.46,0.54,0.55,0.01,0.01,77254.01,1777339299000
1777339301.975,101.975,0.44,0.45,0.55,0.58,0.01,0.03,77253.95,1777339300000
1777339302.311,102.311,0.4,0.42,0.58,0.61,0.02,0.03,77253.75,1777339301000
1777339302.648,102.648,0.4,0.41,0.59,0.6,0.01,0.01,77253.75,1777339301000
1777339302.983,102.983,0.41,0.42,0.58,0.6,0.01,0.02,77253.75,1777339301000
1777339303.34,103.34,0.46,0.47,0.53,0.54,0.01,0.01,77253.77,1777339302000
1777339303.763,103.763,0.42,0.43,0.57,0.58,0.01,0.01,77253.77,1777339302000
1777339304.163,104.163,0.42,0.43,0.57,0.58,0.01,0.01,77253.77,1777339302000
1777339304.509,104.509,0.42,0.43,0.57,0.58,0.01,0.01,77253.77,1777339302000
1777339304.935,104.935,0.42,0.43,0.57,0.58,0.01,0.01,77254.58,1777339303000
1777339305.301,105.301,0.41,0.42,0.58,0.59,0.01,0.01,77255.14,1777339304000
1777339305.726,105.726,0.42,0.43,0.57,0.58,0.01,0.01,77255.14,1777339304000
1777339306.121,106.121,0.42,0.43,0.57,0.58,0.01,0.01,77255.14,1777339304000
1777339306.494,106.494,0.41,0.43,0.57,0.58,0.02,0.01,77255.3,1777339305000
1777339306.867,106.867,0.41,0.42,0.58,0.59,0.01,0.01,77255.3,1777339305000
1777339307.239,107.239,0.43,0.44,0.56,0.57,0.01,0.01,77255.69,1777339306000
1777339307.684,107.684,0.42,0.43,0.57,0.58,0.01,0.01,77255.69,1777339306000
1777339308.153,108.153,0.41,0.42,0.58,0.59,0.01,0.01,77254.41,1777339307000
1777339308.625,108.625,0.39,0.42,0.58,0.59,0.03,0.01,77254.41,1777339307000
1777339308.968,108.968,0.39,0.4,0.6,0.61,0.01,0.01,77254.41,1777339307000
1777339309.38,109.38,0.38,0.39,0.6,0.62,0.01,0.02,77254.41,1777339307000
1777339309.733,109.733,0.38,0.39,0.61,0.62,0.01,0.01,77253.37,1777339308000
1777339310.067,110.067,0.4,0.41,0.59,0.6,0.01,0.01,77253.11,1777339309000
1777339310.516,110.516,0.39,0.4,0.6,0.61,0.01,0.01,77253.11,1777339309000
1777339310.904,110.904,0.36,0.37,0.63,0.64,0.01,0.01,77253.11,1777339309000
1777339311.237,111.237,0.36,0.37,0.63,0.64,0.01,0.01,77253.11,1777339309000
1777339311.794,111.794,0.36,0.37,0.63,0.64,0.01,0.01,77253.38,1777339310000
1777339312.26,112.26,0.37,0.38,0.62,0.63,0.01,0.01,77252.25,1777339311000
1777339312.66,112.66,0.37,0.41,0.6,0.63,0.04,0.03,77252.25,1777339311000
1777339313.006,113.006,0.38,0.39,0.61,0.62,0.01,0.01,77252.25,1777339311000
1777339313.487,113.487,0.38,0.39,0.58,0.62,0.01,0.04,77252.93,1777339312000
1777339313.842,113.842,0.4,0.42,0.59,0.61,0.02,0.02,77252.93,1777339312000
1777339314.204,114.204,0.41,0.42,0.57,0.59,0.01,0.02,77252.93,1777339312000
1777339314.763,114.763,0.42,0.43,0.58,0.59,0.01,0.01,77254.14,1777339313000
1777339315.118,115.118,0.42,0.43,0.57,0.58,0.01,0.01,77255.22,1777339314000
1777339315.518,115.518,0.41,0.42,0.58,0.59,0.01,0.01,77255.22,1777339314000
1777339315.948,115.948,0.42,0.43,0.57,0.58,0.01,0.01,77255.22,1777339314000
1777339316.35,116.35,0.42,0.43,0.57,0.58,0.01,0.01,77255.15,1777339315000
1777339316.706,116.706,0.42,0.43,0.57,0.58,0.01,0.01,77255.15,1777339315000
1777339317.125,117.125,0.37,0.44,0.56,0.63,0.07,0.07,77255.11,1777339316000
1777339317.478,117.478,0.39,0.4,0.59,0.61,0.01,0.02,77255.11,1777339316000
1777339317.834,117.834,0.4,0.41,0.59,0.6,0.01,0.01,77255.11,1777339316000
1777339318.174,118.174,0.38,0.42,0.58,0.62,0.04,0.04,77255.37,1777339317000
1777339318.528,118.528,0.39,0.4,0.6,0.61,0.01,0.01,77255.37,1777339317000
1777339318.865,118.865,0.41,0.42,0.58,0.59,0.01,0.01,77255.37,1777339317000
1777339319.218,119.218,0.42,0.44,0.56,0.58,0.02,0.02,77255.37,1777339317000
1777339319.574,119.574,0.43,0.44,0.56,0.57,0.01,0.01,77255.42,1777339318000
1777339320.014,120.014,0.43,0.44,0.56,0.57,0.01,0.01,77255.42,1777339318000
1777339320.413,120.413,0.43,0.44,0.56,0.57,0.01,0.01,77255.24,1777339319000
1777339320.781,120.781,0.43,0.44,0.56,0.57,0.01,0.01,77255.24,1777339319000
1777339321.132,121.132,0.42,0.43,0.57,0.58,0.01,0.01,77255.24,1777339319000
1777339321.476,121.476,0.42,0.43,0.57,0.58,0.01,0.01,77255.21,1777339320000
1777339321.816,121.816,0.43,0.44,0.56,0.57,0.01,0.01,77255.21,1777339320000
1777339322.17,122.17,0.43,0.44,0.56,0.57,0.01,0.01,77256.14,1777339321000
1777339322.506,122.506,0.43,0.44,0.56,0.57,0.01,0.01,77256.14,1777339321000
1777339322.84,122.84,0.43,0.44,0.56,0.57,0.01,0.01,77256.14,1777339321000
1777339323.173,123.173,0.43,0.44,0.56,0.57,0.01,0.01,77256.14,1777339321000
1777339323.626,123.626,0.43,0.44,0.56,0.57,0.01,0.01,77257.08,1777339322000
1777339323.972,123.972,0.43,0.44,0.56,0.57,0.01,0.01,77257.08,1777339322000
1777339324.309,124.309,0.46,0.47,0.53,0.54,0.01,0.01,77260.06,1777339323000
1777339324.656,124.656,0.46,0.47,0.53,0.54,0.01,0.01,77260.06,1777339323000
1777339324.994,124.994,0.48,0.49,0.51,0.52,0.01,0.01,77260.06,1777339323000
1777339325.358,125.358,0.49,0.5,0.5,0.51,0.01,0.01,77260.06,1777339323000
1777339325.693,125.693,0.49,0.5,0.5,0.51,0.01,0.01,77260.06,1777339323000
1777339326.215,126.215,0.49,0.5,0.5,0.51,0.01,0.01,77265.36,1777339324000
1777339326.726,126.726,0.5,0.51,0.49,0.5,0.01,0.01,77265.36,1777339324000
1777339327.101,127.101,0.52,0.53,0.47,0.48,0.01,0.01,77265.36,1777339324000
1777339327.435,127.435,0.5,0.53,0.47,0.5,0.03,0.03,77265.86,1777339325000
1777339327.868,127.868,0.49,0.5,0.5,0.51,0.01,0.01,77265.86,1777339325000
1777339328.233,128.233,0.49,0.5,0.5,0.51,0.01,0.01,77265.91,1777339326000
1777339328.629,128.629,0.49,0.5,0.5,0.51,0.01,0.01,77265.91,1777339326000
1777339328.978,128.978,0.49,0.5,0.5,0.51,0.01,0.01,77267.25,1777339327000
1777339329.314,129.314,0.5,0.51,0.5,0.51,0.01,0.01,77267.25,1777339327000
1777339329.735,129.735,0.51,0.53,0.48,0.49,0.02,0.01,77266.67,1777339328000
1777339330.206,130.206,0.52,0.53,0.47,0.48,0.01,0.01,77266.67,1777339328000
1777339330.583,130.583,0.52,0.53,0.47,0.48,0.01,0.01,77267.65,1777339329000
1777339330.965,130.965,0.5,0.51,0.49,0.5,0.01,0.01,77267.65,1777339329000
1777339331.364,131.364,0.5,0.51,0.49,0.5,0.01,0.01,77267.65,1777339329000
1777339331.699,131.699,0.51,0.52,0.48,0.49,0.01,0.01,77267.69,1777339330000
1777339332.055,132.055,0.53,0.54,0.46,0.47,0.01,0.01,77267.69,1777339330000
1777339332.426,132.426,0.53,0.54,0.46,0.47,0.01,0.01,77267.69,1777339330000
1777339332.86,132.86,0.52,0.53,0.46,0.48,0.01,0.02,77267.65,1777339331000
1777339333.321,133.321,0.51,0.53,0.47,0.49,0.02,0.02,77267.81,1777339332000
1777339333.755,133.755,0.52,0.53,0.47,0.48,0.01,0.01,77267.81,1777339332000
1777339334.712,134.712,0.5,0.51,0.49,0.5,0.01,0.01,77266.41,1777339333000
1777339335.1,135.1,0.51,0.52,0.46,0.5,0.01,0.04,77266.41,1777339333000
1777339335.46,135.46,0.51,0.52,0.48,0.49,0.01,0.01,77267.13,1777339334000
1777339336.007,136.007,0.51,0.52,0.48,0.49,0.01,0.01,77267.13,1777339334000
1777339336.437,136.437,0.51,0.52,0.48,0.49,0.01,0.01,77266.86,1777339335000
1777339336.802,136.802,0.51,0.52,0.48,0.49,0.01,0.01,77266.86,1777339335000
1777339337.186,137.186,0.51,0.52,0.48,0.49,0.01,0.01,77266.86,1777339335000
1777339337.697,137.697,0.43,0.52,0.48,0.57,0.09,0.09,77267.06,1777339336000
1777339338.13,138.13,0.43,0.45,0.55,0.57,0.02,0.02,77267.06,1777339336000
1777339338.468,138.468,0.43,0.44,0.56,0.57,0.01,0.01,77267.12,1777339337000
1777339338.817,138.817,0.43,0.44,0.56,0.57,0.01,0.01,77267.12,1777339337000
1777339339.166,139.166,0.43,0.44,0.56,0.57,0.01,0.01,77267.12,1777339337000
1777339339.505,139.505,0.43,0.44,0.56,0.57,0.01,0.01,77267.12,1777339337000
1777339339.926,139.926,0.44,0.45,0.55,0.56,0.01,0.01,77265.95,1777339338000
1777339340.261,140.261,0.44,0.45,0.55,0.57,0.01,0.02,77265.95,1777339338000
1777339340.612,140.612,0.4,0.41,0.59,0.6,0.01,0.01,77265.51,1777339339000
1777339340.995,140.995,0.38,0.41,0.59,0.6,0.03,0.01,77265.51,1777339339000
1777339341.379,141.379,0.38,0.39,0.61,0.62,0.01,0.01,77265.57,1777339340000
1777339341.717,141.717,0.38,0.39,0.61,0.62,0.01,0.01,77265.57,1777339340000
1777339342.054,142.054,0.38,0.39,0.61,0.62,0.01,0.01,77265.57,1777339340000
1777339342.414,142.414,0.39,0.4,0.6,0.61,0.01,0.01,77265.57,1777339340000
1777339342.837,142.837,0.39,0.4,0.6,0.61,0.01,0.01,77262.05,1777339341000
1777339343.196,143.196,0.39,0.44,0.6,0.61,0.05,0.01,77262.05,1777339341000
1777339343.533,143.533,0.42,0.43,0.57,0.58,0.01,0.01,77262.05,1777339341000
1777339343.868,143.868,0.44,0.45,0.55,0.56,0.01,0.01,77259.44,1777339342000
1777339344.204,144.204,0.44,0.45,0.55,0.56,0.01,0.01,77259.44,1777339342000
1777339344.581,144.581,0.44,0.45,0.55,0.56,0.01,0.01,77256.92,1777339343000
1777339345.213,145.213,0.45,0.46,0.54,0.55,0.01,0.01,77256.92,1777339343000
1777339345.697,145.697,0.45,0.46,0.54,0.55,0.01,0.01,77256.92,1777339344000
1777339346.08,146.08,0.45,0.46,0.54,0.55,0.01,0.01,77256.92,1777339345000
1777339346.46,146.46,0.46,0.47,0.53,0.54,0.01,0.01,77256.92,1777339345000
1777339346.804,146.804,0.46,0.47,0.53,0.54,0.01,0.01,77256.92,1777339345000
1777339347.14,147.14,0.47,0.49,0.51,0.53,0.02,0.02,77256.89,1777339346000
1777339347.527,147.527,0.47,0.48,0.51,0.53,0.01,0.02,77256.89,1777339346000
1777339347.869,147.869,0.48,0.49,0.51,0.53,0.01,0.02,77256.89,1777339346000
1777339348.351,148.351,0.48,0.5,0.51,0.55,0.02,0.04,77256.88,1777339347000
1777339348.898,148.898,0.49,0.5,0.5,0.51,0.01,0.01,77256.88,1777339347000
1777339349.233,149.233,0.49,0.5,0.5,0.51,0.01,0.01,77256.89,1777339348000
1777339349.597,149.597,0.49,0.5,0.5,0.51,0.01,0.01,77256.89,1777339348000
1777339349.948,149.948,0.48,0.49,0.5,0.52,0.01,0.02,77256.89,1777339348000
1777339350.355,150.355,0.48,0.49,0.51,0.53,0.01,0.02,77256.89,1777339349000
1777339350.718,150.718,0.47,0.48,0.52,0.53,0.01,0.01,77256.89,1777339349000
1777339351.067,151.067,0.47,0.48,0.52,0.53,0.01,0.01,77256.89,1777339349000
1777339351.459,151.459,0.47,0.48,0.52,0.53,0.01,0.01,77256.89,1777339350000
1777339351.946,151.946,0.47,0.48,0.52,0.53,0.01,0.01,77256.89,1777339350000
1777339352.592,152.592,0.46,0.47,0.53,0.54,0.01,0.01,77256.89,1777339351000
1777339352.958,152.958,0.46,0.47,0.53,0.54,0.01,0.01,77256.89,1777339351000
1777339353.479,153.479,0.46,0.47,0.53,0.54,0.01,0.01,77256.89,1777339352000
1777339354.025,154.025,0.44,0.47,0.53,0.56,0.03,0.03,77256.89,1777339352000
1777339354.429,154.429,0.45,0.46,0.54,0.55,0.01,0.01,77256.89,1777339353000
1777339354.822,154.822,0.45,0.46,0.54,0.55,0.01,0.01,77256.89,1777339353000
1777339355.485,155.485,0.45,0.46,0.54,0.55,0.01,0.01,77255.68,1777339354000
1777339356.188,156.188,0.45,0.46,0.54,0.55,0.01,0.01,77255.68,1777339354000
1777339356.61,156.61,0.44,0.46,0.54,0.56,0.02,0.02,77253.18,1777339355000
1777339356.988,156.988,0.44,0.46,0.54,0.56,0.02,0.02,77253.18,1777339356000
1777339357.486,157.486,0.44,0.45,0.54,0.56,0.01,0.02,77253.18,1777339356000
1777339357.996,157.996,0.46,0.47,0.51,0.56,0.01,0.05,77253.18,1777339356000
1777339358.344,158.344,0.45,0.46,0.53,0.55,0.01,0.02,77253.18,1777339357000
1777339358.71,158.71,0.45,0.46,0.54,0.55,0.01,0.01,77253.18,1777339357000
1777339359.062,159.062,0.45,0.46,0.54,0.55,0.01,0.01,77253.18,1777339358000
1777339359.422,159.422,0.45,0.46,0.54,0.55,0.01,0.01,77253.18,1777339358000
1777339359.897,159.897,0.45,0.46,0.54,0.55,0.01,0.01,77253.18,1777339358000
1777339360.472,160.472,0.45,0.46,0.54,0.55,0.01,0.01,77253.18,1777339359000
1777339360.857,160.857,0.44,0.45,0.54,0.56,0.01,0.02,77253.18,1777339359000
1777339361.241,161.241,0.44,0.45,0.55,0.56,0.01,0.01,77253.18,1777339360000
1777339361.574,161.574,0.44,0.45,0.55,0.56,0.01,0.01,77253.18,1777339360000
1777339361.962,161.962,0.38,0.39,0.6,0.61,0.01,0.01,77253.18,1777339360000
1777339362.325,162.325,0.38,0.39,0.61,0.62,0.01,0.01,77253.19,1777339361000
1777339362.668,162.668,0.38,0.39,0.61,0.62,0.01,0.01,77253.19,1777339361000
1777339363.015,163.015,0.38,0.39,0.61,0.62,0.01,0.01,77252.49,1777339362000
1777339363.365,163.365,0.38,0.39,0.61,0.62,0.01,0.01,77252.49,1777339362000
1777339363.885,163.885,0.37,0.39,0.61,0.62,0.02,0.01,77252.49,1777339362000
1777339364.234,164.234,0.37,0.38,0.62,0.63,0.01,0.01,77249.35,1777339363000
1777339364.609,164.609,0.37,0.38,0.62,0.63,0.01,0.01,77249.35,1777339363000
1777339365.008,165.008,0.31,0.32,0.68,0.69,0.01,0.01,77249.35,1777339363000
1777339365.343,165.343,0.31,0.32,0.68,0.69,0.01,0.01,77245.32,1777339364000
1777339365.758,165.758,0.31,0.32,0.68,0.69,0.01,0.01,77245.32,1777339364000
1777339366.102,166.102,0.31,0.33,0.68,0.69,0.02,0.01,77242.14,1777339365000
1777339366.52,166.52,0.32,0.33,0.67,0.68,0.01,0.01,77242.14,1777339365000
1777339366.951,166.951,0.3,0.31,0.68,0.69,0.01,0.01,77242.14,1777339365000
1777339367.315,167.315,0.3,0.31,0.69,0.7,0.01,0.01,77239.02,1777339366000
1777339367.656,167.656,0.3,0.31,0.69,0.7,0.01,0.01,77239.02,1777339366000
1777339368.06,168.06,0.26,0.27,0.7,0.77,0.01,0.07,77239.02,1777339366000
1777339368.406,168.406,0.27,0.29,0.72,0.73,0.02,0.01,77237.96,1777339367000
1777339368.77,168.77,0.31,0.32,0.68,0.7,0.01,0.02,77237.96,1777339367000
1777339369.118,169.118,0.31,0.32,0.68,0.69,0.01,0.01,77237.96,1777339367000
1777339369.465,169.465,0.35,0.37,0.64,0.65,0.02,0.01,77237.04,1777339368000
1777339369.905,169.905,0.37,0.38,0.6,0.63,0.01,0.03,77237.04,1777339368000
1777339370.279,170.279,0.4,0.42,0.59,0.6,0.02,0.01,77236.13,1777339369000
1777339370.623,170.623,0.41,0.43,0.58,0.59,0.02,0.01,77236.13,1777339369000
1777339370.974,170.974,0.43,0.44,0.56,0.57,0.01,0.01,77236.13,1777339369000
1777339371.327,171.327,0.43,0.44,0.56,0.57,0.01,0.01,77232.35,1777339370000
1777339371.695,171.695,0.31,0.32,0.68,0.69,0.01,0.01,77232.35,1777339370000
1777339372.054,172.054,0.4,0.41,0.68,0.69,0.01,0.01,77232.35,1777339370000
1777339372.418,172.418,0.42,0.45,0.57,0.58,0.03,0.01,77233.13,1777339371000
1777339372.794,172.794,0.44,0.45,0.55,0.56,0.01,0.01,77233.13,1777339371000
1777339373.139,173.139,0.45,0.46,0.55,0.56,0.01,0.01,77233.13,1777339371000
1777339373.487,173.487,0.46,0.47,0.53,0.54,0.01,0.01,77233.13,1777339371000
1777339373.968,173.968,0.46,0.47,0.53,0.54,0.01,0.01,77238.91,1777339372000
1777339374.302,174.302,0.44,0.46,0.54,0.56,0.02,0.02,77241.36,1777339373000
1777339374.662,174.662,0.41,0.42,0.58,0.59,0.01,0.01,77241.36,1777339373000
1777339375.047,175.047,0.41,0.42,0.58,0.59,0.01,0.01,77241.36,1777339373000
1777339375.554,175.554,0.4,0.41,0.59,0.6,0.01,0.01,77241.36,1777339373000
1777339375.943,175.943,0.4,0.41,0.59,0.6,0.01,0.01,77243.2,1777339374000
1777339376.521,176.521,0.4,0.41,0.59,0.6,0.01,0.01,77243.53,1777339375000
1777339377.057,177.057,0.4,0.41,0.59,0.6,0.01,0.01,77243.53,1777339375000
1777339377.414,177.414,0.41,0.43,0.58,0.59,0.02,0.01,77243.93,1777339376000
1777339377.792,177.792,0.42,0.43,0.57,0.58,0.01,0.01,77243.93,1777339376000
1777339378.246,178.246,0.41,0.42,0.57,0.59,0.01,0.02,77243.93,1777339376000
1777339378.608,178.608,0.4,0.41,0.59,0.6,0.01,0.01,77244.02,1777339377000
1777339378.972,178.972,0.4,0.41,0.59,0.6,0.01,0.01,77244.02,1777339377000
1777339379.41,179.41,0.41,0.42,0.58,0.6,0.01,0.02,77244.18,1777339378000
1777339379.86,179.86,0.41,0.42,0.58,0.59,0.01,0.01,77244.18,1777339378000
1777339380.196,180.196,0.38,0.41,0.59,0.62,0.03,0.03,77244.18,1777339378000
1777339380.594,180.594,0.39,0.4,0.6,0.61,0.01,0.01,77244.2,1777339379000
1777339380.972,180.972,0.39,0.4,0.6,0.62,0.01,0.02,77244.2,1777339379000
1777339381.527,181.527,0.32,0.36,0.64,0.73,0.04,0.09,77244.2,1777339379000
1777339382.173,182.173,0.32,0.36,0.64,0.68,0.04,0.04,77243.25,1777339381000
1777339382.596,182.596,0.32,0.37,0.63,0.68,0.05,0.05,77243.25,1777339381000
1777339382.929,182.929,0.32,0.4,0.6,0.68,0.08,0.08,77243.25,1777339381000
1777339383.284,183.284,0.32,0.33,0.67,0.68,0.01,0.01,77243.25,1777339381000
1777339383.634,183.634,0.31,0.32,0.68,0.69,0.01,0.01,77242.57,1777339382000
1777339383.973,183.973,0.28,0.3,0.68,0.72,0.02,0.04,77242.57,1777339382000
1777339384.329,184.329,0.32,0.34,0.66,0.69,0.02,0.03,77242.57,1777339382000
1777339384.669,184.669,0.37,0.38,0.62,0.63,0.01,0.01,77243.66,1777339383000
1777339385.1,185.1,0.38,0.39,0.61,0.62,0.01,0.01,77244.72,1777339384000
1777339385.696,185.696,0.4,0.41,0.59,0.6,0.01,0.01,77244.72,1777339384000
1777339386.091,186.091,0.4,0.42,0.59,0.6,0.02,0.01,77244.72,1777339384000
1777339386.474,186.474,0.4,0.41,0.58,0.6,0.01,0.02,77246.71,1777339385000
1777339386.815,186.815,0.38,0.4,0.59,0.61,0.02,0.02,77246.71,1777339385000
1777339387.288,187.288,0.4,0.41,0.58,0.62,0.01,0.04,77246.71,1777339385000
1777339387.705,187.705,0.4,0.41,0.58,0.6,0.01,0.02,77246.71,1777339385000
1777339388.061,188.061,0.4,0.41,0.59,0.6,0.01,0.01,77246.34,1777339387000
1777339388.431,188.431,0.39,0.4,0.6,0.61,0.01,0.01,77246.34,1777339387000
1777339388.774,188.774,0.4,0.41,0.59,0.6,0.01,0.01,77246.34,1777339387000
1777339389.199,189.199,0.37,0.38,0.62,0.63,0.01,0.01,77246.34,1777339387000
1777339389.596,189.596,0.36,0.37,0.63,0.64,0.01,0.01,77245.77,1777339388000
1777339389.979,189.979,0.35,0.36,0.62,0.65,0.01,0.03,77245.77,1777339388000
1777339390.329,190.329,0.35,0.36,0.64,0.65,0.01,0.01,77245.64,1777339389000
1777339390.85,190.85,0.38,0.39,0.61,0.62,0.01,0.01,77245.64,1777339389000
1777339391.246,191.246,0.38,0.39,0.61,0.62,0.01,0.01,77245.64,1777339389000
1777339391.606,191.606,0.38,0.39,0.61,0.62,0.01,0.01,77245.64,1777339389000
1777339392.013,192.013,0.43,0.44,0.61,0.62,0.01,0.01,77245.7,1777339390000
1777339392.474,192.474,0.43,0.44,0.56,0.57,0.01,0.01,77245.71,1777339391000
1777339392.98,192.98,0.43,0.44,0.56,0.57,0.01,0.01,77245.71,1777339391000
1777339393.323,193.323,0.43,0.47,0.53,0.57,0.04,0.04,77245.71,1777339392000
1777339394.02,194.02,0.45,0.46,0.54,0.6,0.01,0.06,77245.71,1777339392000
1777339394.556,194.556,0.44,0.46,0.54,0.56,0.02,0.02,77245.71,1777339393000
1777339395.008,195.008,0.44,0.45,0.55,0.56,0.01,0.01,77245.71,1777339393000
1777339395.581,195.581,0.43,0.44,0.56,0.57,0.01,0.01,77245.47,1777339394000
1777339396.05,196.05,0.43,0.44,0.56,0.57,0.01,0.01,77245.47,1777339394000
1777339396.383,196.383,0.43,0.44,0.56,0.57,0.01,0.01,77245.47,1777339394000
1777339396.887,196.887,0.42,0.43,0.57,0.58,0.01,0.01,77245.64,1777339395000
1777339397.362,197.362,0.41,0.42,0.58,0.59,0.01,0.01,77245.64,1777339395000
1777339397.74,197.74,0.39,0.42,0.58,0.59,0.03,0.01,77245.69,1777339396000
1777339398.131,198.131,0.39,0.41,0.59,0.61,0.02,0.02,77245.71,1777339397000
1777339398.914,198.914,0.4,0.41,0.59,0.6,0.01,0.01,77245.71,1777339397000
1777339399.269,199.269,0.4,0.41,0.59,0.6,0.01,0.01,77245.71,1777339397000
1777339400.15,200.15,0.4,0.41,0.59,0.6,0.01,0.01,77245.1,1777339399000
1777339400.497,200.497,0.39,0.41,0.59,0.6,0.02,0.01,77245.1,1777339399000
1777339400.919,200.919,0.4,0.41,0.6,0.61,0.01,0.01,77245.1,1777339399000
1777339401.298,201.298,0.4,0.44,0.59,0.6,0.04,0.01,77245.1,1777339399000
1777339401.684,201.684,0.42,0.44,0.57,0.58,0.02,0.01,77245.1,1777339400000
1777339402.137,202.137,0.42,0.44,0.56,0.57,0.02,0.01,77245.1,1777339400000
1777339402.645,202.645,0.41,0.42,0.58,0.59,0.01,0.01,77245.59,1777339401000
1777339402.993,202.993,0.43,0.45,0.55,0.56,0.02,0.01,77245.59,1777339401000
1777339403.33,203.33,0.43,0.44,0.56,0.57,0.01,0.01,77245.59,1777339401000
1777339403.803,203.803,0.43,0.44,0.56,0.57,0.01,0.01,77246.32,1777339402000
1777339404.152,204.152,0.43,0.44,0.56,0.57,0.01,0.01,77246.32,1777339402000
1777339404.809,204.809,0.43,0.44,0.56,0.57,0.01,0.01,77245.76,1777339403000
1777339405.175,205.175,0.43,0.44,0.56,0.57,0.01,0.01,77245.76,1777339403000
1777339405.689,205.689,0.42,0.43,0.57,0.58,0.01,0.01,77245.76,1777339403000
1777339406.066,206.066,0.42,0.43,0.57,0.58,0.01,0.01,77245.76,1777339403000
1777339406.621,206.621,0.42,0.43,0.57,0.58,0.01,0.01,77245.69,1777339405000
1777339407.075,207.075,0.41,0.42,0.58,0.59,0.01,0.01,77245.69,1777339405000
1777339407.451,207.451,0.41,0.42,0.58,0.59,0.01,0.01,77245.34,1777339406000
1777339407.801,207.801,0.41,0.42,0.58,0.59,0.01,0.01,77245.34,1777339406000
1777339408.253,208.253,0.44,0.5,0.55,0.56,0.06,0.01,77245.34,1777339406000
1777339408.603,208.603,0.48,0.49,0.51,0.52,0.01,0.01,77245.18,1777339407000
1777339408.965,208.965,0.48,0.49,0.51,0.52,0.01,0.01,77245.18,1777339407000
1777339409.465,209.465,0.48,0.49,0.51,0.52,0.01,0.01,77245.36,1777339408000
1777339409.859,209.859,0.48,0.49,0.51,0.52,0.01,0.01,77245.36,1777339408000
1777339410.392,210.392,0.47,0.48,0.52,0.53,0.01,0.01,77245.48,1777339409000
1777339410.865,210.865,0.42,0.43,0.57,0.6,0.01,0.03,77245.48,1777339409000
1777339411.199,211.199,0.42,0.43,0.57,0.58,0.01,0.01,77248.56,1777339410000
1777339411.566,211.566,0.42,0.43,0.57,0.58,0.01,0.01,77248.56,1777339410000
1777339412.021,212.021,0.45,0.46,0.55,0.56,0.01,0.01,77248.56,1777339410000
1777339412.492,212.492,0.46,0.47,0.53,0.55,0.01,0.02,77248.56,1777339411000
1777339412.995,212.995,0.48,0.49,0.51,0.54,0.01,0.03,77248.56,1777339411000
1777339413.604,213.604,0.45,0.46,0.53,0.54,0.01,0.01,77246.31,1777339412000
1777339413.975,213.975,0.46,0.47,0.54,0.55,0.01,0.01,77246.31,1777339412000
1777339414.353,214.353,0.46,0.47,0.53,0.54,0.01,0.01,77247.24,1777339413000
1777339414.704,214.704,0.42,0.46,0.54,0.55,0.04,0.01,77247.24,1777339413000
1777339415.322,215.322,0.43,0.45,0.54,0.58,0.02,0.04,77247.24,1777339413000
1777339415.824,215.824,0.43,0.45,0.55,0.57,0.02,0.02,77247.26,1777339415000
1777339416.27,216.27,0.42,0.43,0.56,0.58,0.01,0.02,77247.26,1777339415000
1777339417.148,217.148,0.42,0.43,0.57,0.58,0.01,0.01,77247.26,1777339415000
1777339417.499,217.499,0.42,0.43,0.57,0.58,0.01,0.01,77247.43,1777339416000
1777339417.993,217.993,0.42,0.43,0.57,0.58,0.01,0.01,77248.32,1777339417000
1777339418.415,218.415,0.42,0.43,0.57,0.58,0.01,0.01,77248.32,1777339417000
1777339418.927,218.927,0.43,0.44,0.57,0.58,0.01,0.01,77248.32,1777339417000
1777339419.297,219.297,0.43,0.44,0.56,0.57,0.01,0.01,77248.17,1777339418000
1777339419.805,219.805,0.44,0.45,0.55,0.56,0.01,0.01,77248.17,1777339418000
1777339420.163,220.163,0.44,0.45,0.55,0.56,0.01,0.01,77248.17,1777339418000
1777339420.552,220.552,0.44,0.45,0.55,0.56,0.01,0.01,77248.17,1777339418000
1777339421.043,221.043,0.44,0.45,0.55,0.56,0.01,0.01,77247.43,1777339419000
1777339421.405,221.405,0.43,0.48,0.52,0.57,0.05,0.05,77247.43,1777339420000
1777339421.755,221.755,0.34,0.39,0.61,0.65,0.05,0.04,77247.43,1777339420000
1777339422.141,222.141,0.29,0.35,0.65,0.71,0.06,0.06,77247.55,1777339421000
1777339422.506,222.506,0.22,0.34,0.74,0.78,0.12,0.04,77247.55,1777339421000
1777339422.844,222.844,0.33,0.34,0.64,0.67,0.01,0.03,77247.55,1777339421000
1777339423.208,223.208,0.35,0.4,0.64,0.65,0.05,0.01,77247.55,1777339421000
1777339423.545,223.545,0.38,0.39,0.61,0.62,0.01,0.01,77247.5,1777339422000
1777339424.047,224.047,0.39,0.4,0.6,0.61,0.01,0.01,77247.5,1777339422000
1777339424.453,224.453,0.39,0.4,0.6,0.61,0.01,0.01,77247.5,1777339422000
1777339424.928,224.928,0.39,0.4,0.6,0.61,0.01,0.01,77247.5,1777339422000
1777339425.266,225.266,0.39,0.4,0.6,0.61,0.01,0.01,77247.5,1777339422000
1777339425.72,225.72,0.39,0.4,0.6,0.61,0.01,0.01,77247.5,1777339422000
1777339426.054,226.054,0.25,0.29,0.67,0.75,0.04,0.08,77247.5,1777339422000
1777339426.438,226.438,0.24,0.25,0.74,0.75,0.01,0.01,77247.5,1777339422000
1777339426.794,226.794,0.25,0.27,0.74,0.75,0.02,0.01,77247.5,1777339422000
1777339427.223,227.223,0.23,0.24,0.76,0.77,0.01,0.01,77247.5,1777339422000
1777339427.556,227.556,0.22,0.24,0.76,0.77,0.02,0.01,77247.5,1777339422000
1777339427.899,227.899,0.22,0.23,0.77,0.78,0.01,0.01,77247.5,1777339422000
1777339428.435,228.435,0.21,0.22,0.76,0.79,0.01,0.03,77247.5,1777339422000
1777339428.901,228.901,0.2,0.21,0.79,0.8,0.01,0.01,77247.5,1777339422000
1777339429.263,229.263,0.2,0.21,0.79,0.8,0.01,0.01,77247.5,1777339422000
1777339429.685,229.685,0.25,0.26,0.74,0.78,0.01,0.04,77247.5,1777339422000
1777339430.097,230.097,0.24,0.26,0.74,0.75,0.02,0.01,77247.5,1777339422000
1777339430.432,230.432,0.25,0.26,0.73,0.77,0.01,0.04,77247.5,1777339422000
1777339430.77,230.77,0.27,0.28,0.72,0.73,0.01,0.01,77247.5,1777339422000
1777339431.109,231.109,0.27,0.28,0.72,0.73,0.01,0.01,77247.5,1777339422000
1777339431.486,231.486,0.27,0.28,0.72,0.73,0.01,0.01,77232.82,1777339430000
1777339431.821,231.821,0.27,0.28,0.72,0.73,0.01,0.01,77232.82,1777339430000
1777339432.221,232.221,0.26,0.27,0.73,0.74,0.01,0.01,77232.25,1777339431000
1777339432.647,232.647,0.25,0.26,0.74,0.75,0.01,0.01,77232.25,1777339431000
1777339433.2,233.2,0.25,0.26,0.74,0.75,0.01,0.01,77232.25,1777339431000
1777339433.789,233.789,0.25,0.26,0.74,0.75,0.01,0.01,77232.14,1777339432000
1777339434.127,234.127,0.26,0.27,0.73,0.74,0.01,0.01,77232.14,1777339432000
1777339434.509,234.509,0.26,0.29,0.73,0.74,0.03,0.01,77232.14,1777339432000
1777339434.93,234.93,0.28,0.29,0.7,0.73,0.01,0.03,77231.73,1777339433000
1777339435.347,235.347,0.26,0.28,0.72,0.73,0.02,0.01,77231.73,1777339434000
1777339435.85,235.85,0.26,0.27,0.75,0.77,0.01,0.02,77231.73,1777339434000
1777339436.511,236.511,0.21,0.22,0.78,0.79,0.01,0.01,77231.73,1777339434000
1777339437.143,237.143,0.23,0.24,0.74,0.75,0.01,0.01,77233.68,1777339435000
1777339437.732,237.732,0.22,0.23,0.76,0.78,0.01,0.02,77233.68,1777339435000
1777339438.114,238.114,0.28,0.29,0.71,0.72,0.01,0.01,77230.79,1777339436000
1777339438.693,238.693,0.28,0.29,0.71,0.72,0.01,0.01,77231.95,1777339437000
1777339439.342,239.342,0.28,0.29,0.71,0.72,0.01,0.01,77231.95,1777339437000
1777339439.867,239.867,0.28,0.29,0.71,0.72,0.01,0.01,77232.51,1777339438000
1777339440.226,240.226,0.28,0.29,0.71,0.72,0.01,0.01,77233.03,1777339439000
1777339440.59,240.59,0.28,0.29,0.71,0.72,0.01,0.01,77233.03,1777339439000
1777339440.923,240.923,0.28,0.29,0.71,0.72,0.01,0.01,77233.03,1777339439000
1777339441.349,241.349,0.28,0.29,0.71,0.72,0.01,0.01,77235.58,1777339440000
1777339441.725,241.725,0.27,0.28,0.72,0.73,0.01,0.01,77235.58,1777339440000
1777339442.058,242.058,0.33,0.36,0.64,0.67,0.03,0.03,77235.58,1777339440000
1777339442.43,242.43,0.37,0.38,0.62,0.64,0.01,0.02,77234.79,1777339441000
1777339443.002,243.002,0.4,0.41,0.6,0.62,0.01,0.02,77234.79,1777339441000
1777339443.483,243.483,0.43,0.44,0.56,0.57,0.01,0.01,77234.79,1777339441000
1777339443.935,243.935,0.43,0.44,0.56,0.57,0.01,0.01,77235.63,1777339442000
1777339444.281,244.281,0.42,0.43,0.56,0.58,0.01,0.02,77235.63,1777339442000
1777339444.619,244.619,0.41,0.42,0.57,0.59,0.01,0.02,77236.43,1777339443000
1777339445.067,245.067,0.38,0.41,0.59,0.62,0.03,0.03,77239.03,1777339444000
1777339445.577,245.577,0.34,0.35,0.64,0.66,0.01,0.02,77239.03,1777339444000
1777339446.069,246.069,0.34,0.35,0.65,0.66,0.01,0.01,77239.32,1777339445000
1777339446.485,246.485,0.31,0.32,0.68,0.69,0.01,0.01,77239.32,1777339445000
1777339446.843,246.843,0.3,0.31,0.69,0.7,0.01,0.01,77239.32,1777339445000
1777339447.216,247.216,0.31,0.32,0.68,0.69,0.01,0.01,77240.13,1777339446000
1777339447.801,247.801,0.31,0.32,0.68,0.69,0.01,0.01,77240.13,1777339446000
1777339448.203,248.203,0.26,0.27,0.73,0.74,0.01,0.01,77239.53,1777339447000
1777339448.713,248.713,0.26,0.27,0.73,0.74,0.01,0.01,77239.53,1777339447000
1777339449.228,249.228,0.26,0.27,0.73,0.74,0.01,0.01,77239.53,1777339448000
1777339449.652,249.652,0.26,0.27,0.73,0.74,0.01,0.01,77239.53,1777339448000
1777339450.259,250.259,0.26,0.27,0.73,0.74,0.01,0.01,77239.53,1777339448000
1777339450.644,250.644,0.26,0.27,0.73,0.74,0.01,0.01,77239.63,1777339449000
1777339451.117,251.117,0.35,0.36,0.64,0.65,0.01,0.01,77239.63,1777339449000
1777339451.554,251.554,0.39,0.42,0.64,0.65,0.03,0.01,77239.63,1777339449000
1777339451.938,251.938,0.41,0.42,0.58,0.59,0.01,0.01,77239.33,1777339450000
1777339452.291,252.291,0.39,0.42,0.58,0.59,0.03,0.01,77239.33,1777339450000
1777339452.669,252.669,0.38,0.4,0.61,0.62,0.02,0.01,77239.87,1777339451000
1777339453.007,253.007,0.35,0.36,0.64,0.65,0.01,0.01,77240.14,1777339452000
1777339453.364,253.364,0.3,0.31,0.69,0.7,0.01,0.01,77240.14,1777339452000
1777339453.705,253.705,0.29,0.3,0.7,0.71,0.01,0.01,77240.14,1777339452000
1777339454.492,254.492,0.27,0.28,0.65,0.73,0.01,0.08,77240.96,1777339453000
1777339454.839,254.839,0.31,0.34,0.65,0.71,0.03,0.06,77240.96,1777339453000
1777339455.33,255.33,0.33,0.34,0.66,0.68,0.01,0.02,77238.3,1777339454000
1777339455.766,255.766,0.34,0.35,0.65,0.66,0.01,0.01,77238.3,1777339454000
1777339456.171,256.171,0.35,0.36,0.63,0.65,0.01,0.02,77238.3,1777339454000
1777339456.515,256.515,0.35,0.36,0.64,0.65,0.01,0.01,77235.07,1777339455000
1777339456.851,256.851,0.35,0.36,0.64,0.65,0.01,0.01,77235.07,1777339455000
1777339457.212,257.212,0.35,0.36,0.64,0.65,0.01,0.01,77234.78,1777339456000
1777339457.584,257.584,0.27,0.34,0.65,0.74,0.07,0.09,77234.78,1777339456000
1777339458.157,258.157,0.25,0.26,0.73,0.75,0.01,0.02,77234.78,1777339456000
1777339458.612,258.612,0.25,0.26,0.74,0.75,0.01,0.01,77234.83,1777339457000
1777339458.962,258.962,0.25,0.26,0.74,0.75,0.01,0.01,77234.83,1777339457000
1777339459.325,259.325,0.25,0.26,0.74,0.75,0.01,0.01,77233.42,1777339458000
1777339459.698,259.698,0.26,0.27,0.73,0.74,0.01,0.01,77233.42,1777339458000
1777339460.234,260.234,0.24,0.25,0.75,0.76,0.01,0.01,77233.42,1777339458000
1777339460.657,260.657,0.26,0.27,0.73,0.74,0.01,0.01,77231.94,1777339459000
1777339461.077,261.077,0.27,0.28,0.72,0.73,0.01,0.01,77231.94,1777339459000
1777339461.413,261.413,0.37,0.38,0.62,0.65,0.01,0.03,77230.75,1777339460000
1777339461.879,261.879,0.37,0.38,0.62,0.63,0.01,0.01,77230.75,1777339460000
1777339462.302,262.302,0.37,0.38,0.62,0.63,0.01,0.01,77230.75,1777339460000
1777339462.713,262.713,0.36,0.37,0.63,0.64,0.01,0.01,77231.47,1777339461000
1777339463.348,263.348,0.35,0.36,0.63,0.64,0.01,0.01,77233.2,1777339462000
1777339463.697,263.697,0.35,0.36,0.64,0.65,0.01,0.01,77233.2,1777339462000
1777339464.089,264.089,0.35,0.36,0.64,0.65,0.01,0.01,77235.74,1777339463000
1777339464.703,264.703,0.32,0.33,0.64,0.65,0.01,0.01,77235.74,1777339463000
1777339465.041,265.041,0.32,0.33,0.67,0.68,0.01,0.01,77235.74,1777339463000
1777339465.393,265.393,0.3,0.33,0.67,0.68,0.03,0.01,77235.74,1777339463000
1777339466.13,266.13,0.3,0.31,0.68,0.7,0.01,0.02,77236.75,1777339464000
1777339466.497,266.497,0.3,0.31,0.69,0.7,0.01,0.01,77236.75,1777339465000
1777339467.031,267.031,0.29,0.31,0.69,0.7,0.02,0.01,77236.75,1777339465000
1777339467.575,267.575,0.28,0.31,0.69,0.71,0.03,0.02,77236.31,1777339466000
1777339468.128,268.128,0.27,0.29,0.7,0.72,0.02,0.02,77236.31,1777339466000
1777339468.54,268.54,0.27,0.29,0.71,0.72,0.02,0.01,77235.38,1777339467000
1777339469.076,269.076,0.25,0.28,0.7,0.73,0.03,0.03,77235.38,1777339467000
1777339469.434,269.434,0.26,0.27,0.73,0.74,0.01,0.01,77233.14,1777339468000
1777339469.928,269.928,0.25,0.26,0.72,0.73,0.01,0.01,77233.14,1777339468000
1777339470.37,270.37,0.27,0.28,0.74,0.75,0.01,0.01,77233.89,1777339469000
1777339470.824,270.824,0.27,0.28,0.71,0.72,0.01,0.01,77233.89,1777339469000
1777339471.161,271.161,0.3,0.33,0.67,0.7,0.03,0.03,77232.72,1777339470000
1777339471.543,271.543,0.32,0.33,0.67,0.68,0.01,0.01,77232.72,1777339470000
1777339471.896,271.896,0.32,0.33,0.67,0.68,0.01,0.01,77232.72,1777339470000
1777339472.328,272.328,0.32,0.33,0.67,0.68,0.01,0.01,77233.43,1777339471000
1777339472.741,272.741,0.31,0.33,0.67,0.68,0.02,0.01,77233.43,1777339471000
1777339473.368,273.368,0.3,0.31,0.68,0.69,0.01,0.01,77233.43,1777339471000
1777339473.791,273.791,0.3,0.31,0.69,0.7,0.01,0.01,77233.81,1777339472000
1777339474.326,274.326,0.31,0.32,0.68,0.69,0.01,0.01,77233.81,1777339472000
1777339474.846,274.846,0.27,0.28,0.69,0.7,0.01,0.01,77234.99,1777339473000
1777339475.311,275.311,0.25,0.26,0.73,0.75,0.01,0.02,77234.99,1777339473000
1777339475.788,275.788,0.25,0.26,0.74,0.75,0.01,0.01,77233.55,1777339474000
1777339476.814,276.814,0.26,0.27,0.73,0.74,0.01,0.01,77233.49,1777339475000
1777339477.257,277.257,0.31,0.32,0.68,0.7,0.01,0.02,77233.58,1777339476000
1777339477.697,277.697,0.31,0.32,0.68,0.69,0.01,0.01,77233.58,1777339476000
1777339478.29,278.29,0.3,0.32,0.68,0.7,0.02,0.02,77233.59,1777339477000
1777339478.836,278.836,0.31,0.32,0.69,0.7,0.01,0.01,77233.59,1777339477000
1777339479.38,279.38,0.3,0.32,0.68,0.7,0.02,0.02,77233.66,1777339478000
1777339479.828,279.828,0.31,0.32,0.68,0.7,0.01,0.02,77233.66,1777339478000
1777339480.223,280.223,0.31,0.32,0.68,0.69,0.01,0.01,77233.66,1777339478000
1777339480.655,280.655,0.29,0.3,0.68,0.75,0.01,0.07,77233.63,1777339479000
1777339481.054,281.054,0.29,0.3,0.7,0.71,0.01,0.01,77233.63,1777339479000
1777339481.427,281.427,0.38,0.39,0.61,0.62,0.01,0.01,77232.72,1777339480000
1777339481.853,281.853,0.38,0.39,0.6,0.62,0.01,0.02,77232.72,1777339480000
1777339482.363,282.363,0.38,0.39,0.61,0.62,0.01,0.01,77233.04,1777339481000
1777339482.877,282.877,0.35,0.36,0.64,0.65,0.01,0.01,77233.04,1777339481000
1777339483.378,283.378,0.33,0.36,0.64,0.67,0.03,0.03,77239.03,1777339482000
1777339484.071,284.071,0.32,0.33,0.67,0.68,0.01,0.01,77239.03,1777339482000
1777339484.436,284.436,0.31,0.33,0.68,0.69,0.02,0.01,77239.03,1777339482000
1777339484.828,284.828,0.3,0.32,0.68,0.71,0.02,0.03,77240.78,1777339483000
1777339485.182,285.182,0.27,0.29,0.68,0.7,0.02,0.02,77240.78,1777339483000
1777339485.532,285.532,0.28,0.29,0.71,0.72,0.01,0.01,77240.8,1777339484000
1777339485.927,285.927,0.28,0.29,0.71,0.72,0.01,0.01,77240.8,1777339484000
1777339486.322,286.322,0.28,0.29,0.71,0.72,0.01,0.01,77240.8,1777339485000
1777339487.081,287.081,0.28,0.29,0.71,0.72,0.01,0.01,77240.78,1777339486000
1777339487.42,287.42,0.27,0.28,0.72,0.73,0.01,0.01,77240.78,1777339486000
1777339487.777,287.777,0.27,0.28,0.72,0.73,0.01,0.01,77240.78,1777339486000
1777339488.172,288.172,0.27,0.28,0.72,0.73,0.01,0.01,77239.19,1777339487000
1777339488.638,288.638,0.27,0.28,0.72,0.73,0.01,0.01,77239.19,1777339487000
1777339489.093,289.093,0.27,0.28,0.72,0.73,0.01,0.01,77239.19,1777339487000
1777339489.44,289.44,0.27,0.28,0.72,0.73,0.01,0.01,77239.19,1777339488000
1777339489.861,289.861,0.26,0.27,0.73,0.74,0.01,0.01,77239.19,1777339488000
1777339490.209,290.209,0.26,0.27,0.73,0.74,0.01,0.01,77239.19,1777339488000
1777339490.568,290.568,0.21,0.22,0.78,0.79,0.01,0.01,77237.57,1777339489000
1777339490.909,290.909,0.26,0.53,0.47,0.74,0.27,0.27,77237.57,1777339489000
1777339491.264,291.264,0.3,0.34,0.65,0.71,0.04,0.06,77237.57,1777339489000
1777339491.706,291.706,0.29,0.33,0.66,0.83,0.04,0.17,77238.77,1777339490000
1777339492.061,292.061,0.1,0.32,0.68,0.69,0.22,0.01,77238.77,1777339490000
1777339492.443,292.443,0.64,0.65,0.35,0.36,0.01,0.01,77238.77,1777339490000
1777339492.808,292.808,0.83,0.99,0.16,0.17,0.16,0.01,77238.77,1777339490000
1777339493.143,293.143,0.81,0.82,0.18,0.19,0.01,0.01,77239.86,1777339491000
1777339493.479,293.479,0.92,0.94,0.06,0.08,0.02,0.02,77239.86,1777339491000
1777339493.834,293.834,0.93,0.81,0.19,0.32,-0.12,0.13,77237.55,1777339492000
1777339494.174,294.174,0.01,0.24,0.76,0.99,0.23,0.23,77237.55,1777339492000
1777339494.515,294.515,0.9,0.98,0.02,0.1,0.08,0.08,77237.65,1777339493000
1777339494.859,294.859,0.75,0.76,0.24,0.26,0.01,0.02,77237.65,1777339493000
1777339495.206,295.206,0.69,0.76,0.03,0.31,0.07,0.28,77237.65,1777339493000
1777339495.541,295.541,0.63,0.98,0.02,0.06,0.35,0.04,77238.64,1777339494000
1777339495.886,295.886,0.82,0.99,0.01,0.18,0.17,0.17,77238.64,1777339494000
1777339496.232,296.232,0.62,0.95,0.05,0.38,0.33,0.33,77237.88,1777339495000
1777339496.608,296.608,0.03,0.18,0.82,0.97,0.15,0.15,77237.88,1777339495000
1777339496.958,296.958,0.01,0.03,0.99,0.99,0.02,0.0,77237.88,1777339495000
1777339497.298,297.298,0.01,0.07,0.93,0.99,0.06,0.06,77237.02,1777339496000
1777339497.638,297.638,0.01,0.15,0.89,0.99,0.14,0.1,77237.02,1777339496000
1777339498.04,298.04,0.01,0.05,0.86,0.99,0.04,0.13,77237.02,1777339496000
1777339498.38,298.38,0.07,0.1,0.74,0.93,0.03,0.19,77237.02,1777339497000
1777339498.716,298.716,0.25,0.3,0.7,0.75,0.05,0.05,77237.02,1777339497000
1777339499.093,299.093,0.43,0.45,0.55,0.57,0.02,0.02,77237.02,1777339497000
1777339499.43,299.43,0.4,0.01,0.99,0.6,-0.39,-0.39,77237.02,1777339497000
1777339499.849,299.849,0.4,0.01,0.99,0.6,-0.39,-0.39,77223.8,1777339498000
1777339500.275,300.275,0.4,0.01,0.99,0.6,-0.39,-0.39,77223.07,1777339499000
1777339500.985,300.985,0.4,0.01,0.99,0.6,-0.39,-0.39,77223.07,1777339499000
1777339502.583,302.583,0.4,0.01,0.99,0.6,-0.39,-0.39,77223.6,1777339501000

# RESULT,winner=Down,slug=btc-updown-5m-1777339200,ticks=695
