timestamp,elapsed_sec,up_bid,up_ask,down_bid,down_ask,up_spread,down_spread,btc_price,btc_oracle_ts
1776588300.522,0.522,0.48,0.49,0.51,0.52,0.01,0.01,75256.47,1776588299000
1776588300.857,0.857,0.48,0.49,0.51,0.52,0.01,0.01,75256.47,1776588299000
1776588301.221,1.221,0.48,0.49,0.51,0.52,0.01,0.01,75255.92,1776588300000
1776588301.758,1.758,0.48,0.5,0.51,0.52,0.02,0.01,75255.92,1776588300000
1776588302.109,2.109,0.49,0.5,0.5,0.51,0.01,0.01,75255.54,1776588301000
1776588302.529,2.529,0.49,0.5,0.5,0.51,0.01,0.01,75255.54,1776588301000
1776588302.918,2.918,0.49,0.5,0.5,0.51,0.01,0.01,75255.54,1776588301000
1776588303.413,3.413,0.49,0.5,0.5,0.51,0.01,0.01,75255.79,1776588302000
1776588303.821,3.821,0.49,0.5,0.5,0.51,0.01,0.01,75255.79,1776588302000
1776588304.406,4.406,0.49,0.5,0.5,0.51,0.01,0.01,75255.76,1776588303000
1776588304.981,4.981,0.49,0.5,0.5,0.51,0.01,0.01,75255.76,1776588303000
1776588305.363,5.363,0.49,0.5,0.5,0.51,0.01,0.01,75255.76,1776588304000
1776588305.807,5.807,0.5,0.51,0.5,0.51,0.01,0.01,75255.76,1776588304000
1776588306.264,6.264,0.51,0.52,0.48,0.5,0.01,0.02,75255.76,1776588304000
1776588306.664,6.664,0.51,0.52,0.48,0.49,0.01,0.01,75258.66,1776588305000
1776588307.215,7.215,0.51,0.52,0.48,0.49,0.01,0.01,75258.66,1776588305000
1776588307.57,7.57,0.51,0.52,0.48,0.49,0.01,0.01,75258.65,1776588306000
1776588307.924,7.924,0.51,0.52,0.48,0.49,0.01,0.01,75258.65,1776588307000
1776588308.367,8.367,0.53,0.54,0.47,0.48,0.01,0.01,75258.65,1776588307000
1776588308.753,8.753,0.53,0.54,0.46,0.47,0.01,0.01,75258.65,1776588307000
1776588309.115,9.115,0.53,0.54,0.46,0.47,0.01,0.01,75259.99,1776588308000
1776588309.554,9.554,0.54,0.55,0.46,0.47,0.01,0.01,75259.99,1776588308000
1776588309.956,9.956,0.54,0.55,0.45,0.46,0.01,0.01,75260.0,1776588309000
1776588310.302,10.302,0.55,0.57,0.44,0.45,0.02,0.01,75260.0,1776588309000
1776588310.775,10.775,0.56,0.57,0.43,0.44,0.01,0.01,75260.0,1776588309000
1776588311.138,11.138,0.56,0.57,0.43,0.44,0.01,0.01,75260.01,1776588310000
1776588311.489,11.489,0.56,0.57,0.43,0.44,0.01,0.01,75260.01,1776588310000
1776588311.828,11.828,0.56,0.57,0.43,0.44,0.01,0.01,75260.01,1776588310000
1776588312.269,12.269,0.56,0.57,0.43,0.44,0.01,0.01,75260.01,1776588311000
1776588312.682,12.682,0.56,0.57,0.43,0.44,0.01,0.01,75260.01,1776588311000
1776588313.272,13.272,0.55,0.57,0.43,0.44,0.02,0.01,75260.21,1776588312000
1776588313.608,13.608,0.35,0.46,0.54,0.65,0.11,0.11,75260.21,1776588312000
1776588313.965,13.965,0.36,0.4,0.6,0.64,0.04,0.04,75260.21,1776588312000
1776588314.513,14.513,0.38,0.39,0.61,0.62,0.01,0.01,75260.21,1776588313000
1776588314.865,14.865,0.38,0.39,0.61,0.62,0.01,0.01,75260.21,1776588313000
1776588315.226,15.226,0.38,0.39,0.61,0.62,0.01,0.01,75260.21,1776588313000
1776588315.576,15.576,0.38,0.39,0.61,0.62,0.01,0.01,75247.14,1776588314000
1776588315.912,15.912,0.37,0.38,0.62,0.63,0.01,0.01,75242.67,1776588315000
1776588316.32,16.32,0.37,0.38,0.62,0.63,0.01,0.01,75242.67,1776588315000
1776588316.798,16.798,0.37,0.38,0.62,0.63,0.01,0.01,75242.67,1776588315000
1776588317.199,17.199,0.37,0.38,0.62,0.63,0.01,0.01,75242.29,1776588316000
1776588317.755,17.755,0.37,0.38,0.62,0.63,0.01,0.01,75242.29,1776588316000
1776588318.095,18.095,0.37,0.38,0.62,0.63,0.01,0.01,75242.29,1776588316000
1776588318.461,18.461,0.37,0.38,0.62,0.63,0.01,0.01,75242.29,1776588317000
1776588318.861,18.861,0.37,0.38,0.62,0.63,0.01,0.01,75242.29,1776588317000
1776588319.453,19.453,0.37,0.38,0.62,0.63,0.01,0.01,75242.24,1776588318000
1776588319.824,19.824,0.34,0.37,0.63,0.66,0.03,0.03,75242.24,1776588318000
1776588320.16,20.16,0.33,0.35,0.65,0.66,0.02,0.01,75242.24,1776588318000
1776588320.533,20.533,0.33,0.34,0.66,0.67,0.01,0.01,75242.12,1776588319000
1776588320.889,20.889,0.33,0.34,0.66,0.67,0.01,0.01,75242.21,1776588320000
1776588321.339,21.339,0.33,0.34,0.66,0.67,0.01,0.01,75242.21,1776588320000
1776588321.767,21.767,0.33,0.34,0.66,0.67,0.01,0.01,75242.21,1776588320000
1776588322.171,22.171,0.32,0.33,0.66,0.68,0.01,0.02,75238.96,1776588321000
1776588322.568,22.568,0.32,0.33,0.67,0.68,0.01,0.01,75238.96,1776588321000
1776588322.961,22.961,0.32,0.33,0.67,0.68,0.01,0.01,75238.96,1776588321000
1776588323.33,23.33,0.32,0.33,0.67,0.68,0.01,0.01,75237.82,1776588322000
1776588323.765,23.765,0.32,0.33,0.67,0.68,0.01,0.01,75237.82,1776588322000
1776588324.102,24.102,0.48,0.52,0.49,0.53,0.04,0.04,75236.55,1776588323000
1776588324.502,24.502,0.54,0.63,0.36,0.46,0.09,0.1,75236.55,1776588323000
1776588324.897,24.897,0.55,0.56,0.44,0.47,0.01,0.03,75236.55,1776588323000
1776588325.248,25.248,0.51,0.56,0.45,0.49,0.05,0.04,75236.55,1776588324000
1776588325.61,25.61,0.54,0.55,0.45,0.46,0.01,0.01,75236.55,1776588324000
1776588325.97,25.97,0.54,0.55,0.45,0.46,0.01,0.01,75236.55,1776588324000
1776588326.32,26.32,0.54,0.55,0.45,0.46,0.01,0.01,75236.55,1776588324000
1776588326.66,26.66,0.54,0.55,0.45,0.46,0.01,0.01,75258.15,1776588325000
1776588327.008,27.008,0.54,0.55,0.45,0.46,0.01,0.01,75258.15,1776588325000
1776588327.347,27.347,0.54,0.55,0.45,0.46,0.01,0.01,75258.15,1776588325000
1776588327.75,27.75,0.52,0.55,0.45,0.46,0.03,0.01,75258.72,1776588326000
1776588328.139,28.139,0.54,0.55,0.45,0.46,0.01,0.01,75258.72,1776588326000
1776588328.546,28.546,0.54,0.55,0.45,0.46,0.01,0.01,75258.72,1776588326000
1776588328.97,28.97,0.54,0.55,0.45,0.46,0.01,0.01,75261.23,1776588327000
1776588329.317,29.317,0.54,0.55,0.45,0.46,0.01,0.01,75261.23,1776588328000
1776588329.913,29.913,0.53,0.54,0.45,0.46,0.01,0.01,75261.23,1776588328000
1776588330.54,30.54,0.53,0.54,0.46,0.47,0.01,0.01,75261.21,1776588329000
1776588330.888,30.888,0.53,0.54,0.46,0.47,0.01,0.01,75261.21,1776588329000
1776588331.328,31.328,0.53,0.54,0.46,0.47,0.01,0.01,75261.4,1776588330000
1776588331.722,31.722,0.53,0.54,0.46,0.47,0.01,0.01,75261.4,1776588330000
1776588332.111,32.111,0.53,0.54,0.46,0.47,0.01,0.01,75261.4,1776588330000
1776588332.601,32.601,0.53,0.54,0.46,0.47,0.01,0.01,75261.4,1776588331000
1776588333.275,33.275,0.53,0.54,0.46,0.47,0.01,0.01,75261.4,1776588332000
1776588333.687,33.687,0.53,0.54,0.46,0.47,0.01,0.01,75261.4,1776588332000
1776588334.065,34.065,0.53,0.54,0.46,0.47,0.01,0.01,75261.4,1776588332000
1776588334.632,34.632,0.53,0.54,0.46,0.47,0.01,0.01,75261.4,1776588333000
1776588335.21,35.21,0.53,0.55,0.45,0.47,0.02,0.02,75261.41,1776588334000
1776588335.61,35.61,0.54,0.55,0.45,0.46,0.01,0.01,75261.41,1776588334000
1776588335.97,35.97,0.54,0.55,0.45,0.46,0.01,0.01,75261.41,1776588334000
1776588336.45,36.45,0.54,0.55,0.45,0.46,0.01,0.01,75261.53,1776588335000
1776588336.876,36.876,0.54,0.55,0.45,0.46,0.01,0.01,75261.53,1776588335000
1776588337.219,37.219,0.54,0.55,0.45,0.46,0.01,0.01,75261.45,1776588336000
1776588337.661,37.661,0.54,0.55,0.45,0.46,0.01,0.01,75261.45,1776588336000
1776588337.996,37.996,0.54,0.55,0.45,0.46,0.01,0.01,75261.45,1776588336000
1776588338.351,38.351,0.54,0.55,0.45,0.46,0.01,0.01,75261.45,1776588337000
1776588338.77,38.77,0.54,0.55,0.45,0.46,0.01,0.01,75261.45,1776588337000
1776588339.184,39.184,0.54,0.55,0.45,0.46,0.01,0.01,75261.44,1776588338000
1776588340.164,40.164,0.54,0.55,0.45,0.46,0.01,0.01,75261.44,1776588339000
1776588340.825,40.825,0.54,0.55,0.45,0.46,0.01,0.01,75261.44,1776588339000
1776588341.16,41.16,0.54,0.55,0.45,0.46,0.01,0.01,75261.44,1776588340000
1776588341.654,41.654,0.54,0.55,0.45,0.46,0.01,0.01,75261.44,1776588340000
1776588342.005,42.005,0.55,0.56,0.44,0.45,0.01,0.01,75261.44,1776588340000
1776588342.346,42.346,0.54,0.55,0.45,0.46,0.01,0.01,75261.44,1776588341000
1776588342.759,42.759,0.54,0.55,0.45,0.46,0.01,0.01,75261.44,1776588341000
1776588343.128,43.128,0.54,0.55,0.45,0.46,0.01,0.01,75261.44,1776588341000
1776588343.742,43.742,0.48,0.49,0.49,0.51,0.01,0.02,75261.44,1776588342000
1776588344.088,44.088,0.48,0.49,0.51,0.52,0.01,0.01,75257.18,1776588343000
1776588344.434,44.434,0.47,0.48,0.51,0.52,0.01,0.01,75257.18,1776588343000
1776588344.887,44.887,0.46,0.47,0.53,0.54,0.01,0.01,75257.18,1776588343000
1776588345.372,45.372,0.46,0.47,0.53,0.54,0.01,0.01,75254.63,1776588344000
1776588345.756,45.756,0.46,0.47,0.53,0.54,0.01,0.01,75254.63,1776588344000
1776588346.133,46.133,0.4,0.42,0.58,0.6,0.02,0.02,75251.42,1776588345000
1776588346.473,46.473,0.41,0.42,0.58,0.59,0.01,0.01,75251.42,1776588345000
1776588346.82,46.82,0.41,0.42,0.58,0.59,0.01,0.01,75251.42,1776588345000
1776588347.422,47.422,0.41,0.42,0.58,0.59,0.01,0.01,75251.42,1776588346000
1776588347.835,47.835,0.41,0.42,0.58,0.59,0.01,0.01,75251.42,1776588346000
1776588348.268,48.268,0.41,0.42,0.58,0.59,0.01,0.01,75248.58,1776588347000
1776588348.622,48.622,0.46,0.47,0.53,0.56,0.01,0.03,75248.58,1776588347000
1776588348.986,48.986,0.46,0.47,0.53,0.54,0.01,0.01,75248.58,1776588347000
1776588349.607,49.607,0.46,0.47,0.53,0.54,0.01,0.01,75248.58,1776588348000
1776588350.01,50.01,0.46,0.48,0.52,0.54,0.02,0.02,75248.72,1776588349000
1776588350.441,50.441,0.47,0.48,0.52,0.53,0.01,0.01,75248.72,1776588349000
1776588350.899,50.899,0.47,0.48,0.52,0.53,0.01,0.01,75251.57,1776588350000
1776588351.341,51.341,0.47,0.48,0.52,0.53,0.01,0.01,75251.57,1776588350000
1776588351.783,51.783,0.47,0.48,0.52,0.53,0.01,0.01,75251.57,1776588350000
1776588352.207,52.207,0.47,0.48,0.52,0.53,0.01,0.01,75252.09,1776588351000
1776588352.839,52.839,0.47,0.48,0.52,0.53,0.01,0.01,75252.58,1776588352000
1776588353.807,53.807,0.47,0.48,0.52,0.53,0.01,0.01,75252.58,1776588352000
1776588354.423,54.423,0.47,0.48,0.52,0.53,0.01,0.01,75252.58,1776588353000
1776588355.271,55.271,0.47,0.48,0.52,0.53,0.01,0.01,75252.58,1776588353000
1776588355.653,55.653,0.47,0.48,0.52,0.53,0.01,0.01,75252.58,1776588354000
1776588356.292,56.292,0.47,0.48,0.52,0.53,0.01,0.01,75252.58,1776588354000
1776588357.074,57.074,0.47,0.48,0.52,0.53,0.01,0.01,75252.6,1776588355000
1776588357.514,57.514,0.47,0.48,0.52,0.53,0.01,0.01,75252.61,1776588356000
1776588358.037,58.037,0.47,0.48,0.52,0.53,0.01,0.01,75252.61,1776588356000
1776588358.428,58.428,0.47,0.48,0.52,0.53,0.01,0.01,75252.61,1776588357000
1776588358.77,58.77,0.47,0.48,0.52,0.53,0.01,0.01,75252.61,1776588357000
1776588359.274,59.274,0.47,0.48,0.52,0.53,0.01,0.01,75252.55,1776588358000
1776588359.644,59.644,0.47,0.48,0.52,0.53,0.01,0.01,75252.55,1776588358000
1776588360.184,60.184,0.47,0.49,0.52,0.53,0.02,0.01,75252.55,1776588358000
1776588360.813,60.813,0.48,0.49,0.51,0.52,0.01,0.01,75252.55,1776588359000
1776588361.193,61.193,0.48,0.49,0.51,0.52,0.01,0.01,75252.56,1776588360000
1776588361.726,61.726,0.48,0.49,0.51,0.52,0.01,0.01,75252.56,1776588360000
1776588362.332,62.332,0.48,0.49,0.51,0.52,0.01,0.01,75252.63,1776588361000
1776588363.06,63.06,0.48,0.49,0.51,0.52,0.01,0.01,75253.02,1776588362000
1776588363.428,63.428,0.48,0.49,0.51,0.52,0.01,0.01,75253.02,1776588362000
1776588363.833,63.833,0.48,0.49,0.51,0.52,0.01,0.01,75253.02,1776588362000
1776588364.58,64.58,0.48,0.49,0.51,0.52,0.01,0.01,75253.03,1776588363000
1776588365.157,65.157,0.48,0.49,0.51,0.52,0.01,0.01,75253.03,1776588364000
1776588365.811,65.811,0.48,0.49,0.51,0.52,0.01,0.01,75253.03,1776588364000
1776588366.235,66.235,0.48,0.49,0.51,0.52,0.01,0.01,75254.02,1776588365000
1776588366.675,66.675,0.48,0.49,0.51,0.52,0.01,0.01,75254.02,1776588365000
1776588367.125,67.125,0.48,0.49,0.51,0.52,0.01,0.01,75254.02,1776588365000
1776588367.564,67.564,0.48,0.49,0.51,0.52,0.01,0.01,75254.06,1776588366000
1776588368.172,68.172,0.48,0.49,0.51,0.52,0.01,0.01,75254.06,1776588366000
1776588368.506,68.506,0.48,0.49,0.51,0.52,0.01,0.01,75254.15,1776588367000
1776588368.98,68.98,0.48,0.49,0.51,0.52,0.01,0.01,75254.15,1776588367000
1776588369.36,69.36,0.48,0.49,0.51,0.52,0.01,0.01,75254.15,1776588367000
1776588369.875,69.875,0.48,0.49,0.51,0.52,0.01,0.01,75254.14,1776588368000
1776588370.324,70.324,0.47,0.48,0.52,0.53,0.01,0.01,75254.14,1776588368000
1776588370.681,70.681,0.43,0.44,0.56,0.57,0.01,0.01,75254.14,1776588368000
1776588371.046,71.046,0.41,0.42,0.56,0.59,0.01,0.03,75254.14,1776588369000
1776588371.562,71.562,0.41,0.42,0.58,0.59,0.01,0.01,75254.14,1776588369000
1776588372.11,72.11,0.41,0.42,0.58,0.59,0.01,0.01,75254.1,1776588370000
1776588372.446,72.446,0.41,0.42,0.58,0.59,0.01,0.01,75251.82,1776588371000
1776588372.785,72.785,0.41,0.42,0.58,0.59,0.01,0.01,75251.82,1776588371000
1776588373.175,73.175,0.4,0.41,0.58,0.59,0.01,0.01,75251.82,1776588371000
1776588373.683,73.683,0.4,0.41,0.59,0.6,0.01,0.01,75250.64,1776588372000
1776588374.061,74.061,0.38,0.39,0.59,0.62,0.01,0.03,75250.64,1776588372000
1776588374.484,74.484,0.37,0.38,0.62,0.63,0.01,0.01,75250.64,1776588372000
1776588374.868,74.868,0.37,0.38,0.62,0.63,0.01,0.01,75248.89,1776588373000
1776588375.468,75.468,0.37,0.38,0.62,0.63,0.01,0.01,75246.87,1776588374000
1776588376.168,76.168,0.37,0.38,0.62,0.63,0.01,0.01,75246.87,1776588374000
1776588376.66,76.66,0.36,0.37,0.63,0.64,0.01,0.01,75245.06,1776588375000
1776588377.029,77.029,0.36,0.37,0.63,0.64,0.01,0.01,75245.06,1776588376000
1776588377.519,77.519,0.36,0.37,0.63,0.64,0.01,0.01,75245.06,1776588376000
1776588377.979,77.979,0.35,0.36,0.63,0.64,0.01,0.01,75245.06,1776588376000
1776588378.408,78.408,0.35,0.36,0.64,0.65,0.01,0.01,75245.06,1776588376000
1776588378.885,78.885,0.35,0.36,0.64,0.65,0.01,0.01,75245.36,1776588377000
1776588379.259,79.259,0.35,0.36,0.64,0.65,0.01,0.01,75245.36,1776588377000
1776588379.779,79.779,0.35,0.36,0.64,0.65,0.01,0.01,75244.88,1776588378000
1776588380.351,80.351,0.35,0.36,0.64,0.65,0.01,0.01,75244.88,1776588379000
1776588380.684,80.684,0.35,0.36,0.64,0.65,0.01,0.01,75244.88,1776588379000
1776588381.084,81.084,0.35,0.36,0.64,0.65,0.01,0.01,75244.88,1776588379000
1776588381.425,81.425,0.38,0.4,0.61,0.65,0.02,0.04,75244.88,1776588379000
1776588381.805,81.805,0.39,0.4,0.6,0.61,0.01,0.01,75245.11,1776588380000
1776588382.249,82.249,0.4,0.41,0.59,0.6,0.01,0.01,75245.11,1776588380000
1776588382.586,82.586,0.4,0.41,0.59,0.6,0.01,0.01,75245.19,1776588381000
1776588382.976,82.976,0.4,0.41,0.59,0.6,0.01,0.01,75245.19,1776588381000
1776588383.32,83.32,0.38,0.39,0.61,0.62,0.01,0.01,75245.19,1776588381000
1776588383.669,83.669,0.38,0.39,0.61,0.62,0.01,0.01,75245.4,1776588382000
1776588384.103,84.103,0.38,0.39,0.61,0.62,0.01,0.01,75245.4,1776588382000
1776588384.493,84.493,0.38,0.39,0.61,0.62,0.01,0.01,75246.71,1776588383000
1776588384.978,84.978,0.38,0.39,0.61,0.62,0.01,0.01,75246.71,1776588383000
1776588385.623,85.623,0.35,0.36,0.62,0.64,0.01,0.02,75246.71,1776588383000
1776588386.021,86.021,0.35,0.36,0.64,0.65,0.01,0.01,75246.65,1776588384000
1776588386.697,86.697,0.35,0.36,0.64,0.65,0.01,0.01,75246.65,1776588385000
1776588387.078,87.078,0.35,0.36,0.64,0.65,0.01,0.01,75243.89,1776588386000
1776588387.745,87.745,0.35,0.36,0.64,0.65,0.01,0.01,75243.89,1776588386000
1776588388.377,88.377,0.35,0.36,0.64,0.65,0.01,0.01,75243.89,1776588386000
1776588388.861,88.861,0.35,0.36,0.64,0.65,0.01,0.01,75243.23,1776588387000
1776588389.302,89.302,0.35,0.36,0.64,0.65,0.01,0.01,75243.23,1776588387000
1776588389.653,89.653,0.35,0.37,0.63,0.65,0.02,0.02,75242.94,1776588388000
1776588390.089,90.089,0.35,0.36,0.64,0.65,0.01,0.01,75242.94,1776588389000
1776588390.561,90.561,0.35,0.36,0.64,0.65,0.01,0.01,75242.94,1776588389000
1776588390.899,90.899,0.35,0.36,0.64,0.65,0.01,0.01,75242.94,1776588389000
1776588391.401,91.401,0.35,0.36,0.64,0.65,0.01,0.01,75243.28,1776588390000
1776588392.106,92.106,0.35,0.36,0.64,0.65,0.01,0.01,75243.28,1776588390000
1776588392.448,92.448,0.35,0.36,0.64,0.65,0.01,0.01,75243.99,1776588391000
1776588392.851,92.851,0.35,0.36,0.64,0.65,0.01,0.01,75243.99,1776588391000
1776588393.203,93.203,0.35,0.36,0.64,0.65,0.01,0.01,75243.96,1776588392000
1776588393.735,93.735,0.35,0.36,0.64,0.65,0.01,0.01,75243.96,1776588392000
1776588394.076,94.076,0.35,0.36,0.64,0.65,0.01,0.01,75243.96,1776588392000
1776588394.518,94.518,0.35,0.36,0.64,0.65,0.01,0.01,75243.97,1776588393000
1776588394.957,94.957,0.36,0.37,0.62,0.65,0.01,0.03,75243.97,1776588393000
1776588395.334,95.334,0.36,0.37,0.63,0.64,0.01,0.01,75244.13,1776588394000
1776588395.803,95.803,0.35,0.37,0.63,0.64,0.02,0.01,75244.13,1776588394000
1776588396.196,96.196,0.35,0.36,0.64,0.65,0.01,0.01,75244.13,1776588395000
1776588396.564,96.564,0.35,0.36,0.64,0.65,0.01,0.01,75244.13,1776588395000
1776588396.92,96.92,0.35,0.36,0.64,0.65,0.01,0.01,75244.14,1776588396000
1776588397.264,97.264,0.34,0.35,0.64,0.66,0.01,0.02,75244.14,1776588396000
1776588397.598,97.598,0.34,0.35,0.65,0.66,0.01,0.01,75244.14,1776588396000
1776588398.016,98.016,0.34,0.35,0.65,0.66,0.01,0.01,75243.11,1776588397000
1776588398.363,98.363,0.34,0.35,0.65,0.66,0.01,0.01,75243.11,1776588397000
1776588398.834,98.834,0.34,0.35,0.65,0.66,0.01,0.01,75243.11,1776588397000
1776588399.282,99.282,0.34,0.35,0.65,0.66,0.01,0.01,75243.43,1776588398000
1776588400.008,100.008,0.34,0.35,0.65,0.66,0.01,0.01,75243.61,1776588399000
1776588400.539,100.539,0.34,0.35,0.65,0.66,0.01,0.01,75243.61,1776588399000
1776588401.0,101.0,0.34,0.35,0.64,0.66,0.01,0.02,75243.61,1776588399000
1776588402.134,102.134,0.34,0.35,0.65,0.66,0.01,0.01,75243.7,1776588400000
1776588402.518,102.518,0.34,0.35,0.65,0.66,0.01,0.01,75243.59,1776588401000
1776588402.906,102.906,0.34,0.35,0.65,0.66,0.01,0.01,75243.59,1776588401000
1776588403.392,103.392,0.34,0.35,0.65,0.66,0.01,0.01,75243.5,1776588402000
1776588403.793,103.793,0.34,0.35,0.65,0.66,0.01,0.01,75243.5,1776588402000
1776588404.223,104.223,0.34,0.35,0.65,0.66,0.01,0.01,75243.24,1776588403000
1776588404.709,104.709,0.34,0.35,0.65,0.66,0.01,0.01,75243.24,1776588403000
1776588405.46,105.46,0.34,0.35,0.65,0.66,0.01,0.01,75243.91,1776588404000
1776588405.959,105.959,0.34,0.35,0.65,0.66,0.01,0.01,75243.9,1776588405000
1776588406.336,106.336,0.34,0.35,0.65,0.66,0.01,0.01,75243.9,1776588405000
1776588407.045,107.045,0.34,0.35,0.65,0.66,0.01,0.01,75243.9,1776588406000
1776588407.521,107.521,0.48,0.49,0.51,0.55,0.01,0.04,75243.9,1776588406000
1776588407.985,107.985,0.48,0.49,0.51,0.52,0.01,0.01,75243.9,1776588406000
1776588408.322,108.322,0.48,0.49,0.51,0.52,0.01,0.01,75243.92,1776588407000
1776588408.662,108.662,0.48,0.49,0.51,0.52,0.01,0.01,75243.92,1776588407000
1776588409.248,109.248,0.48,0.49,0.51,0.52,0.01,0.01,75245.59,1776588408000
1776588409.919,109.919,0.48,0.49,0.51,0.52,0.01,0.01,75245.59,1776588408000
1776588410.382,110.382,0.48,0.49,0.51,0.52,0.01,0.01,75245.59,1776588408000
1776588410.881,110.881,0.48,0.49,0.51,0.52,0.01,0.01,75252.57,1776588409000
1776588411.229,111.229,0.48,0.49,0.51,0.52,0.01,0.01,75252.68,1776588410000
1776588411.926,111.926,0.48,0.49,0.51,0.52,0.01,0.01,75252.68,1776588410000
1776588412.356,112.356,0.48,0.49,0.51,0.52,0.01,0.01,75252.68,1776588411000
1776588412.741,112.741,0.48,0.49,0.51,0.52,0.01,0.01,75252.68,1776588411000
1776588413.202,113.202,0.48,0.49,0.51,0.52,0.01,0.01,75252.68,1776588412000
1776588413.573,113.573,0.47,0.48,0.51,0.53,0.01,0.02,75252.68,1776588412000
1776588414.014,114.014,0.47,0.48,0.52,0.53,0.01,0.01,75252.68,1776588412000
1776588414.537,114.537,0.47,0.48,0.52,0.53,0.01,0.01,75252.69,1776588413000
1776588415.242,115.242,0.47,0.48,0.52,0.53,0.01,0.01,75252.08,1776588414000
1776588415.764,115.764,0.46,0.47,0.52,0.54,0.01,0.02,75252.08,1776588414000
1776588416.269,116.269,0.46,0.47,0.53,0.54,0.01,0.01,75252.08,1776588415000
1776588416.758,116.758,0.46,0.47,0.53,0.54,0.01,0.01,75252.08,1776588415000
1776588417.105,117.105,0.46,0.47,0.53,0.54,0.01,0.01,75252.08,1776588415000
1776588417.59,117.59,0.46,0.47,0.53,0.54,0.01,0.01,75252.08,1776588416000
1776588418.216,118.216,0.46,0.47,0.53,0.54,0.01,0.01,75252.08,1776588417000
1776588418.743,118.743,0.46,0.47,0.53,0.54,0.01,0.01,75252.08,1776588417000
1776588419.681,119.681,0.46,0.47,0.53,0.54,0.01,0.01,75252.08,1776588418000
1776588420.426,120.426,0.46,0.48,0.52,0.54,0.02,0.02,75252.08,1776588419000
1776588420.777,120.777,0.49,0.5,0.5,0.53,0.01,0.03,75252.08,1776588419000
1776588421.114,121.114,0.56,0.58,0.42,0.45,0.02,0.03,75252.08,1776588419000
1776588421.579,121.579,0.57,0.58,0.42,0.43,0.01,0.01,75252.08,1776588420000
1776588421.933,121.933,0.57,0.58,0.42,0.43,0.01,0.01,75252.08,1776588420000
1776588422.309,122.309,0.57,0.58,0.42,0.43,0.01,0.01,75252.08,1776588420000
1776588422.699,122.699,0.57,0.58,0.42,0.43,0.01,0.01,75252.9,1776588421000
1776588423.136,123.136,0.57,0.58,0.42,0.43,0.01,0.01,75252.9,1776588422000
1776588423.489,123.489,0.56,0.58,0.42,0.44,0.02,0.02,75252.9,1776588422000
1776588423.947,123.947,0.56,0.57,0.43,0.44,0.01,0.01,75252.9,1776588422000
1776588424.421,124.421,0.56,0.57,0.43,0.44,0.01,0.01,75256.35,1776588423000
1776588424.802,124.802,0.58,0.59,0.41,0.42,0.01,0.01,75256.35,1776588423000
1776588425.143,125.143,0.59,0.6,0.4,0.41,0.01,0.01,75256.35,1776588424000
1776588425.537,125.537,0.6,0.61,0.39,0.41,0.01,0.02,75256.35,1776588424000
1776588426.135,126.135,0.6,0.61,0.39,0.4,0.01,0.01,75256.35,1776588424000
1776588426.663,126.663,0.6,0.61,0.39,0.4,0.01,0.01,75256.08,1776588425000
1776588427.039,127.039,0.59,0.6,0.39,0.41,0.01,0.02,75256.19,1776588426000
1776588427.415,127.415,0.59,0.6,0.4,0.41,0.01,0.01,75256.19,1776588426000
1776588427.788,127.788,0.59,0.6,0.4,0.41,0.01,0.01,75256.19,1776588426000
1776588428.15,128.15,0.59,0.61,0.4,0.41,0.02,0.01,75256.19,1776588426000
1776588428.637,128.637,0.6,0.61,0.39,0.4,0.01,0.01,75259.03,1776588427000
1776588428.984,128.984,0.66,0.68,0.33,0.34,0.02,0.01,75259.03,1776588427000
1776588429.393,129.393,0.68,0.69,0.31,0.32,0.01,0.01,75259.03,1776588427000
1776588429.75,129.75,0.66,0.67,0.32,0.33,0.01,0.01,75259.02,1776588428000
1776588430.181,130.181,0.66,0.67,0.33,0.34,0.01,0.01,75259.02,1776588428000
1776588430.518,130.518,0.66,0.67,0.33,0.35,0.01,0.02,75259.04,1776588429000
1776588430.861,130.861,0.66,0.67,0.33,0.34,0.01,0.01,75259.04,1776588429000
1776588431.439,131.439,0.65,0.66,0.33,0.34,0.01,0.01,75259.04,1776588429000
1776588431.799,131.799,0.59,0.6,0.4,0.41,0.01,0.01,75267.07,1776588430000
1776588432.252,132.252,0.57,0.58,0.4,0.43,0.01,0.03,75267.07,1776588430000
1776588432.602,132.602,0.57,0.58,0.42,0.43,0.01,0.01,75267.07,1776588431000
1776588432.946,132.946,0.57,0.58,0.42,0.43,0.01,0.01,75267.07,1776588431000
1776588433.377,133.377,0.57,0.58,0.42,0.43,0.01,0.01,75267.07,1776588431000
1776588433.808,133.808,0.55,0.56,0.43,0.45,0.01,0.02,75267.07,1776588431000
1776588434.456,134.456,0.55,0.56,0.43,0.45,0.01,0.02,75263.28,1776588432000
1776588434.834,134.834,0.54,0.55,0.44,0.45,0.01,0.01,75262.67,1776588433000
1776588435.176,135.176,0.54,0.55,0.45,0.46,0.01,0.01,75261.83,1776588434000
1776588435.583,135.583,0.54,0.55,0.45,0.46,0.01,0.01,75261.83,1776588434000
1776588436.092,136.092,0.54,0.55,0.45,0.46,0.01,0.01,75261.83,1776588434000
1776588436.691,136.691,0.54,0.55,0.45,0.46,0.01,0.01,75261.67,1776588435000
1776588437.044,137.044,0.53,0.54,0.46,0.47,0.01,0.01,75261.67,1776588435000
1776588437.757,137.757,0.53,0.54,0.46,0.47,0.01,0.01,75260.84,1776588436000
1776588438.122,138.122,0.53,0.54,0.46,0.47,0.01,0.01,75260.84,1776588436000
1776588438.635,138.635,0.53,0.54,0.46,0.47,0.01,0.01,75259.25,1776588437000
1776588439.108,139.108,0.53,0.54,0.46,0.47,0.01,0.01,75259.25,1776588437000
1776588439.486,139.486,0.53,0.54,0.46,0.47,0.01,0.01,75259.25,1776588437000
1776588439.947,139.947,0.53,0.54,0.46,0.47,0.01,0.01,75258.53,1776588439000
1776588440.322,140.322,0.53,0.54,0.46,0.47,0.01,0.01,75258.53,1776588439000
1776588440.929,140.929,0.53,0.54,0.46,0.47,0.01,0.01,75258.61,1776588440000
1776588441.928,141.928,0.53,0.54,0.46,0.47,0.01,0.01,75258.56,1776588441000
1776588442.286,142.286,0.53,0.54,0.46,0.47,0.01,0.01,75258.56,1776588441000
1776588442.924,142.924,0.53,0.54,0.46,0.47,0.01,0.01,75258.55,1776588442000
1776588443.793,143.793,0.53,0.54,0.46,0.47,0.01,0.01,75258.55,1776588442000
1776588444.261,144.261,0.53,0.54,0.46,0.47,0.01,0.01,75258.55,1776588443000
1776588444.662,144.662,0.53,0.54,0.46,0.47,0.01,0.01,75258.55,1776588443000
1776588445.034,145.034,0.52,0.53,0.47,0.48,0.01,0.01,75258.55,1776588444000
1776588445.537,145.537,0.52,0.53,0.47,0.48,0.01,0.01,75258.55,1776588444000
1776588445.913,145.913,0.52,0.53,0.47,0.48,0.01,0.01,75258.55,1776588444000
1776588446.393,146.393,0.52,0.53,0.47,0.48,0.01,0.01,75258.5,1776588445000
1776588446.863,146.863,0.52,0.53,0.47,0.48,0.01,0.01,75258.5,1776588445000
1776588447.314,147.314,0.52,0.53,0.47,0.48,0.01,0.01,75258.08,1776588446000
1776588447.807,147.807,0.5,0.51,0.47,0.5,0.01,0.03,75258.08,1776588446000
1776588448.437,148.437,0.5,0.51,0.49,0.5,0.01,0.01,75257.82,1776588447000
1776588448.775,148.775,0.5,0.51,0.49,0.5,0.01,0.01,75257.82,1776588447000
1776588449.444,149.444,0.5,0.51,0.49,0.5,0.01,0.01,75257.25,1776588448000
1776588450.12,150.12,0.5,0.51,0.49,0.5,0.01,0.01,75257.25,1776588448000
1776588450.705,150.705,0.5,0.51,0.49,0.5,0.01,0.01,75257.88,1776588449000
1776588451.122,151.122,0.5,0.51,0.49,0.5,0.01,0.01,75257.84,1776588450000
1776588451.47,151.47,0.5,0.51,0.49,0.5,0.01,0.01,75257.84,1776588450000
1776588451.821,151.821,0.5,0.51,0.49,0.5,0.01,0.01,75257.84,1776588450000
1776588452.238,152.238,0.5,0.51,0.49,0.5,0.01,0.01,75257.84,1776588450000
1776588452.888,152.888,0.5,0.51,0.49,0.5,0.01,0.01,75257.92,1776588451000
1776588453.38,153.38,0.5,0.51,0.49,0.5,0.01,0.01,75257.92,1776588451000
1776588453.954,153.954,0.5,0.51,0.49,0.5,0.01,0.01,75257.53,1776588452000
1776588455.295,155.295,0.5,0.53,0.47,0.5,0.03,0.03,75257.33,1776588454000
1776588455.643,155.643,0.53,0.54,0.46,0.47,0.01,0.01,75257.33,1776588454000
1776588456.067,156.067,0.56,0.57,0.43,0.44,0.01,0.01,75257.33,1776588454000
1776588456.403,156.403,0.56,0.57,0.43,0.44,0.01,0.01,75257.33,1776588454000
1776588456.747,156.747,0.56,0.57,0.43,0.44,0.01,0.01,75258.02,1776588455000
1776588457.088,157.088,0.56,0.57,0.43,0.44,0.01,0.01,75258.07,1776588456000
1776588457.562,157.562,0.56,0.57,0.43,0.44,0.01,0.01,75258.07,1776588456000
1776588458.118,158.118,0.56,0.57,0.43,0.44,0.01,0.01,75258.07,1776588456000
1776588458.612,158.612,0.56,0.57,0.43,0.44,0.01,0.01,75258.07,1776588457000
1776588459.594,159.594,0.56,0.57,0.43,0.44,0.01,0.01,75260.72,1776588458000
1776588460.123,160.123,0.56,0.57,0.43,0.44,0.01,0.01,75260.98,1776588459000
1776588460.941,160.941,0.56,0.57,0.43,0.44,0.01,0.01,75260.98,1776588459000
1776588461.394,161.394,0.56,0.57,0.43,0.44,0.01,0.01,75260.98,1776588459000
1776588461.803,161.803,0.55,0.56,0.44,0.45,0.01,0.01,75261.39,1776588460000
1776588462.22,162.22,0.55,0.56,0.44,0.45,0.01,0.01,75261.39,1776588460000
1776588462.709,162.709,0.55,0.56,0.44,0.45,0.01,0.01,75261.14,1776588461000
1776588463.051,163.051,0.56,0.57,0.43,0.44,0.01,0.01,75261.14,1776588462000
1776588464.11,164.11,0.56,0.57,0.43,0.44,0.01,0.01,75261.14,1776588462000
1776588464.6,164.6,0.56,0.57,0.43,0.44,0.01,0.01,75260.93,1776588463000
1776588465.001,165.001,0.56,0.57,0.43,0.44,0.01,0.01,75260.93,1776588463000
1776588465.349,165.349,0.56,0.57,0.43,0.44,0.01,0.01,75260.93,1776588463000
1776588466.426,166.426,0.56,0.57,0.43,0.44,0.01,0.01,75256.01,1776588465000
1776588466.833,166.833,0.56,0.57,0.43,0.44,0.01,0.01,75256.01,1776588465000
1776588467.275,167.275,0.56,0.57,0.43,0.44,0.01,0.01,75260.93,1776588466000
1776588468.072,168.072,0.57,0.58,0.42,0.43,0.01,0.01,75260.93,1776588466000
1776588468.47,168.47,0.57,0.58,0.42,0.43,0.01,0.01,75260.93,1776588466000
1776588468.973,168.973,0.59,0.6,0.4,0.41,0.01,0.01,75260.99,1776588467000
1776588469.474,169.474,0.59,0.6,0.4,0.41,0.01,0.01,75262.23,1776588468000
1776588469.995,169.995,0.59,0.6,0.4,0.41,0.01,0.01,75262.23,1776588468000
1776588470.493,170.493,0.59,0.6,0.4,0.41,0.01,0.01,75262.23,1776588469000
1776588470.873,170.873,0.59,0.6,0.4,0.41,0.01,0.01,75262.23,1776588469000
1776588471.574,171.574,0.59,0.6,0.4,0.41,0.01,0.01,75262.27,1776588470000
1776588472.086,172.086,0.58,0.59,0.41,0.42,0.01,0.01,75262.27,1776588470000
1776588472.475,172.475,0.58,0.59,0.41,0.42,0.01,0.01,75262.27,1776588471000
1776588472.859,172.859,0.58,0.59,0.41,0.42,0.01,0.01,75262.27,1776588471000
1776588473.512,173.512,0.58,0.59,0.41,0.42,0.01,0.01,75262.15,1776588472000
1776588473.884,173.884,0.57,0.58,0.42,0.43,0.01,0.01,75262.15,1776588472000
1776588474.227,174.227,0.57,0.58,0.42,0.43,0.01,0.01,75262.1,1776588473000
1776588474.883,174.883,0.57,0.58,0.42,0.43,0.01,0.01,75262.1,1776588473000
1776588475.468,175.468,0.57,0.58,0.42,0.43,0.01,0.01,75262.1,1776588474000
1776588476.001,176.001,0.57,0.58,0.42,0.43,0.01,0.01,75262.1,1776588474000
1776588476.446,176.446,0.57,0.58,0.42,0.43,0.01,0.01,75262.1,1776588475000
1776588476.967,176.967,0.57,0.58,0.42,0.43,0.01,0.01,75262.1,1776588475000
1776588477.313,177.313,0.54,0.55,0.45,0.46,0.01,0.01,75262.1,1776588475000
1776588477.689,177.689,0.54,0.55,0.45,0.46,0.01,0.01,75262.04,1776588476000
1776588478.124,178.124,0.54,0.55,0.45,0.46,0.01,0.01,75262.04,1776588476000
1776588478.624,178.624,0.54,0.55,0.45,0.46,0.01,0.01,75262.04,1776588477000
1776588479.032,179.032,0.54,0.55,0.45,0.46,0.01,0.01,75262.04,1776588477000
1776588479.586,179.586,0.54,0.55,0.45,0.46,0.01,0.01,75261.85,1776588478000
1776588480.123,180.123,0.54,0.55,0.45,0.46,0.01,0.01,75261.83,1776588479000
1776588480.487,180.487,0.55,0.56,0.45,0.46,0.01,0.01,75261.83,1776588479000
1776588481.489,181.489,0.56,0.58,0.44,0.45,0.02,0.01,75261.83,1776588479000
1776588481.962,181.962,0.57,0.58,0.42,0.43,0.01,0.01,75261.85,1776588480000
1776588482.318,182.318,0.57,0.58,0.42,0.43,0.01,0.01,75261.82,1776588481000
1776588482.938,182.938,0.57,0.58,0.42,0.43,0.01,0.01,75261.82,1776588481000
1776588483.358,183.358,0.57,0.59,0.42,0.43,0.02,0.01,75261.82,1776588481000
1776588483.766,183.766,0.58,0.59,0.41,0.43,0.01,0.02,75261.81,1776588482000
1776588484.294,184.294,0.58,0.59,0.41,0.42,0.01,0.01,75261.92,1776588483000
1776588485.024,185.024,0.58,0.59,0.41,0.42,0.01,0.01,75261.92,1776588483000
1776588485.488,185.488,0.58,0.59,0.41,0.42,0.01,0.01,75261.93,1776588484000
1776588485.974,185.974,0.58,0.59,0.41,0.42,0.01,0.01,75261.93,1776588484000
1776588486.39,186.39,0.58,0.59,0.41,0.42,0.01,0.01,75261.93,1776588485000
1776588486.975,186.975,0.58,0.59,0.41,0.42,0.01,0.01,75261.93,1776588485000
1776588487.803,187.803,0.58,0.59,0.41,0.42,0.01,0.01,75261.93,1776588486000
1776588488.165,188.165,0.58,0.59,0.41,0.42,0.01,0.01,75261.93,1776588486000
1776588488.725,188.725,0.58,0.59,0.41,0.42,0.01,0.01,75261.9,1776588487000
1776588489.248,189.248,0.58,0.6,0.41,0.42,0.02,0.01,75261.9,1776588487000
1776588489.66,189.66,0.59,0.6,0.4,0.41,0.01,0.01,75261.91,1776588488000
1776588490.011,190.011,0.54,0.55,0.42,0.46,0.01,0.04,75261.91,1776588488000
1776588490.344,190.344,0.54,0.55,0.45,0.46,0.01,0.01,75261.91,1776588489000
1776588490.693,190.693,0.54,0.55,0.45,0.46,0.01,0.01,75261.91,1776588489000
1776588491.087,191.087,0.54,0.55,0.45,0.46,0.01,0.01,75261.91,1776588489000
1776588491.438,191.438,0.53,0.54,0.45,0.47,0.01,0.02,75261.91,1776588490000
1776588491.851,191.851,0.53,0.54,0.46,0.47,0.01,0.01,75261.91,1776588490000
1776588492.258,192.258,0.52,0.53,0.47,0.48,0.01,0.01,75261.91,1776588490000
1776588492.76,192.76,0.52,0.53,0.47,0.48,0.01,0.01,75257.16,1776588491000
1776588493.105,193.105,0.52,0.53,0.47,0.48,0.01,0.01,75257.16,1776588491000
1776588493.51,193.51,0.52,0.53,0.47,0.48,0.01,0.01,75257.17,1776588492000
1776588494.058,194.058,0.52,0.53,0.47,0.48,0.01,0.01,75256.99,1776588493000
1776588494.445,194.445,0.52,0.53,0.47,0.48,0.01,0.01,75256.99,1776588493000
1776588494.929,194.929,0.52,0.53,0.47,0.48,0.01,0.01,75256.99,1776588493000
1776588495.292,195.292,0.52,0.53,0.47,0.48,0.01,0.01,75254.87,1776588494000
1776588495.953,195.953,0.52,0.53,0.47,0.48,0.01,0.01,75254.87,1776588494000
1776588496.327,196.327,0.52,0.53,0.47,0.48,0.01,0.01,75254.87,1776588494000
1776588496.938,196.938,0.52,0.53,0.47,0.48,0.01,0.01,75254.65,1776588495000
1776588497.376,197.376,0.52,0.53,0.47,0.48,0.01,0.01,75254.65,1776588495000
1776588497.769,197.769,0.52,0.53,0.47,0.48,0.01,0.01,75254.89,1776588496000
1776588498.162,198.162,0.53,0.54,0.46,0.48,0.01,0.02,75254.89,1776588497000
1776588498.631,198.631,0.53,0.54,0.46,0.47,0.01,0.01,75254.89,1776588497000
1776588499.156,199.156,0.53,0.54,0.46,0.47,0.01,0.01,75254.89,1776588497000
1776588499.491,199.491,0.53,0.54,0.46,0.47,0.01,0.01,75256.97,1776588498000
1776588500.125,200.125,0.53,0.54,0.46,0.47,0.01,0.01,75256.97,1776588498000
1776588500.466,200.466,0.53,0.54,0.46,0.47,0.01,0.01,75259.63,1776588499000
1776588500.828,200.828,0.52,0.53,0.46,0.48,0.01,0.02,75259.63,1776588499000
1776588501.385,201.385,0.52,0.53,0.47,0.48,0.01,0.01,75258.22,1776588500000
1776588501.741,201.741,0.52,0.53,0.47,0.48,0.01,0.01,75258.22,1776588500000
1776588502.102,202.102,0.53,0.54,0.46,0.47,0.01,0.01,75258.22,1776588500000
1776588502.619,202.619,0.55,0.56,0.45,0.46,0.01,0.01,75258.22,1776588501000
1776588503.026,203.026,0.56,0.57,0.44,0.45,0.01,0.01,75258.22,1776588501000
1776588503.37,203.37,0.56,0.57,0.43,0.44,0.01,0.01,75258.22,1776588501000
1776588503.907,203.907,0.56,0.57,0.43,0.44,0.01,0.01,75258.67,1776588502000
1776588504.366,204.366,0.56,0.57,0.43,0.44,0.01,0.01,75258.67,1776588503000
1776588504.714,204.714,0.56,0.57,0.43,0.44,0.01,0.01,75258.67,1776588503000
1776588505.059,205.059,0.56,0.57,0.43,0.44,0.01,0.01,75258.67,1776588503000
1776588505.412,205.412,0.56,0.57,0.43,0.44,0.01,0.01,75259.63,1776588504000
1776588506.15,206.15,0.56,0.57,0.43,0.44,0.01,0.01,75259.63,1776588504000
1776588506.506,206.506,0.56,0.57,0.43,0.44,0.01,0.01,75259.61,1776588505000
1776588506.984,206.984,0.56,0.57,0.43,0.44,0.01,0.01,75259.61,1776588505000
1776588507.819,207.819,0.56,0.58,0.43,0.44,0.02,0.01,75259.61,1776588506000
1776588508.231,208.231,0.57,0.58,0.42,0.44,0.01,0.02,75259.61,1776588506000
1776588508.58,208.58,0.57,0.58,0.42,0.43,0.01,0.01,75259.62,1776588507000
1776588509.233,209.233,0.57,0.58,0.42,0.43,0.01,0.01,75259.63,1776588508000
1776588509.973,209.973,0.57,0.58,0.42,0.43,0.01,0.01,75259.63,1776588508000
1776588510.32,210.32,0.57,0.58,0.42,0.43,0.01,0.01,75259.59,1776588509000
1776588510.819,210.819,0.57,0.58,0.42,0.43,0.01,0.01,75259.59,1776588509000
1776588511.985,211.985,0.57,0.58,0.42,0.43,0.01,0.01,75259.6,1776588511000
1776588512.488,212.488,0.63,0.65,0.35,0.37,0.02,0.02,75259.6,1776588511000
1776588512.91,212.91,0.63,0.69,0.31,0.37,0.06,0.06,75259.6,1776588511000
1776588513.244,213.244,0.66,0.67,0.33,0.34,0.01,0.01,75259.94,1776588512000
1776588513.594,213.594,0.67,0.68,0.32,0.33,0.01,0.01,75259.94,1776588512000
1776588513.937,213.937,0.67,0.68,0.32,0.33,0.01,0.01,75261.98,1776588513000
1776588514.285,214.285,0.67,0.68,0.32,0.33,0.01,0.01,75261.98,1776588513000
1776588514.636,214.636,0.67,0.68,0.32,0.33,0.01,0.01,75261.98,1776588513000
1776588515.015,215.015,0.67,0.68,0.32,0.33,0.01,0.01,75263.33,1776588514000
1776588515.488,215.488,0.67,0.68,0.32,0.33,0.01,0.01,75263.33,1776588514000
1776588515.826,215.826,0.67,0.68,0.32,0.33,0.01,0.01,75263.33,1776588514000
1776588516.412,216.412,0.67,0.68,0.32,0.33,0.01,0.01,75263.33,1776588515000
1776588516.772,216.772,0.67,0.68,0.32,0.33,0.01,0.01,75263.33,1776588515000
1776588517.485,217.485,0.67,0.68,0.32,0.33,0.01,0.01,75263.34,1776588516000
1776588517.92,217.92,0.69,0.7,0.3,0.31,0.01,0.01,75263.34,1776588516000
1776588518.454,218.454,0.69,0.7,0.3,0.31,0.01,0.01,75263.63,1776588517000
1776588518.821,218.821,0.69,0.7,0.3,0.31,0.01,0.01,75263.63,1776588517000
1776588519.169,219.169,0.69,0.7,0.3,0.31,0.01,0.01,75263.63,1776588518000
1776588519.509,219.509,0.69,0.7,0.3,0.31,0.01,0.01,75263.63,1776588518000
1776588519.866,219.866,0.69,0.7,0.3,0.31,0.01,0.01,75264.1,1776588519000
1776588520.218,220.218,0.69,0.7,0.3,0.31,0.01,0.01,75264.1,1776588519000
1776588520.878,220.878,0.69,0.7,0.3,0.31,0.01,0.01,75265.81,1776588520000
1776588521.566,221.566,0.69,0.7,0.29,0.31,0.01,0.02,75265.81,1776588520000
1776588522.075,222.075,0.69,0.7,0.3,0.31,0.01,0.01,75265.98,1776588521000
1776588522.468,222.468,0.69,0.7,0.3,0.31,0.01,0.01,75265.98,1776588521000
1776588522.874,222.874,0.69,0.71,0.3,0.31,0.02,0.01,75265.98,1776588521000
1776588523.214,223.214,0.7,0.71,0.29,0.31,0.01,0.02,75265.96,1776588522000
1776588523.556,223.556,0.7,0.71,0.29,0.3,0.01,0.01,75265.96,1776588522000
1776588523.897,223.897,0.7,0.71,0.29,0.3,0.01,0.01,75265.97,1776588523000
1776588524.244,224.244,0.7,0.71,0.29,0.3,0.01,0.01,75265.97,1776588523000
1776588525.535,225.535,0.71,0.72,0.28,0.3,0.01,0.02,75265.97,1776588523000
1776588526.319,226.319,0.71,0.72,0.28,0.29,0.01,0.01,75266.03,1776588525000
1776588527.457,227.457,0.71,0.72,0.28,0.29,0.01,0.01,75266.07,1776588526000
1776588527.845,227.845,0.71,0.78,0.22,0.29,0.07,0.07,75266.07,1776588526000
1776588528.184,228.184,0.71,0.78,0.22,0.28,0.07,0.06,75266.08,1776588527000
1776588528.851,228.851,0.72,0.73,0.27,0.28,0.01,0.01,75266.08,1776588527000
1776588529.265,229.265,0.74,0.78,0.25,0.27,0.04,0.02,75268.69,1776588528000
1776588529.961,229.961,0.74,0.75,0.25,0.26,0.01,0.01,75268.69,1776588528000
1776588530.426,230.426,0.74,0.75,0.25,0.26,0.01,0.01,75267.06,1776588529000
1776588531.007,231.007,0.74,0.76,0.25,0.26,0.02,0.01,75267.06,1776588529000
1776588531.82,231.82,0.75,0.76,0.24,0.25,0.01,0.01,75267.06,1776588530000
1776588532.164,232.164,0.75,0.76,0.24,0.25,0.01,0.01,75267.05,1776588531000
1776588532.559,232.559,0.75,0.76,0.24,0.25,0.01,0.01,75267.05,1776588531000
1776588532.98,232.98,0.74,0.75,0.25,0.26,0.01,0.01,75267.05,1776588531000
1776588533.827,233.827,0.74,0.75,0.25,0.26,0.01,0.01,75267.05,1776588532000
1776588534.257,234.257,0.74,0.75,0.25,0.26,0.01,0.01,75267.05,1776588532000
1776588534.683,234.683,0.73,0.75,0.25,0.26,0.02,0.01,75267.05,1776588533000
1776588535.414,235.414,0.74,0.75,0.25,0.27,0.01,0.02,75266.58,1776588534000
1776588535.86,235.86,0.72,0.74,0.26,0.3,0.02,0.04,75266.58,1776588534000
1776588536.553,236.553,0.71,0.72,0.28,0.29,0.01,0.01,75266.58,1776588535000
1776588537.169,237.169,0.7,0.72,0.28,0.3,0.02,0.02,75266.53,1776588536000
1776588537.773,237.773,0.7,0.71,0.29,0.3,0.01,0.01,75266.53,1776588536000
1776588538.15,238.15,0.7,0.71,0.29,0.3,0.01,0.01,75266.52,1776588537000
1776588538.558,238.558,0.7,0.71,0.29,0.3,0.01,0.01,75266.52,1776588537000
1776588539.028,239.028,0.7,0.71,0.29,0.3,0.01,0.01,75266.52,1776588537000
1776588539.403,239.403,0.7,0.71,0.29,0.3,0.01,0.01,75266.52,1776588538000
1776588539.745,239.745,0.7,0.71,0.29,0.3,0.01,0.01,75266.52,1776588538000
1776588540.162,240.162,0.7,0.71,0.29,0.3,0.01,0.01,75266.52,1776588539000
1776588540.545,240.545,0.71,0.72,0.28,0.29,0.01,0.01,75266.52,1776588539000
1776588540.901,240.901,0.73,0.74,0.22,0.27,0.01,0.05,75266.52,1776588539000
1776588541.881,241.881,0.77,0.78,0.22,0.26,0.01,0.04,75266.53,1776588540000
1776588542.28,242.28,0.77,0.8,0.2,0.23,0.03,0.03,75266.53,1776588540000
1776588542.618,242.618,0.77,0.78,0.19,0.23,0.01,0.04,75266.55,1776588541000
1776588542.962,242.962,0.78,0.8,0.2,0.22,0.02,0.02,75266.56,1776588542000
1776588543.317,243.317,0.78,0.79,0.2,0.22,0.01,0.02,75266.56,1776588542000
1776588544.064,244.064,0.77,0.79,0.21,0.23,0.02,0.02,75268.17,1776588543000
1776588544.426,244.426,0.78,0.79,0.21,0.22,0.01,0.01,75268.17,1776588543000
1776588545.194,245.194,0.78,0.79,0.21,0.22,0.01,0.01,75268.17,1776588543000
1776588545.905,245.905,0.78,0.79,0.21,0.22,0.01,0.01,75268.27,1776588544000
1776588546.242,246.242,0.78,0.79,0.21,0.22,0.01,0.01,75268.27,1776588544000
1776588546.591,246.591,0.78,0.79,0.21,0.22,0.01,0.01,75268.28,1776588545000
1776588547.056,247.056,0.78,0.79,0.21,0.22,0.01,0.01,75268.28,1776588546000
1776588548.219,248.219,0.78,0.79,0.21,0.22,0.01,0.01,75268.28,1776588547000
1776588548.759,248.759,0.78,0.79,0.21,0.22,0.01,0.01,75268.28,1776588547000
1776588549.301,249.301,0.78,0.79,0.21,0.22,0.01,0.01,75268.29,1776588548000
1776588549.921,249.921,0.78,0.79,0.21,0.22,0.01,0.01,75268.29,1776588549000
1776588550.611,250.611,0.78,0.8,0.21,0.22,0.02,0.01,75268.29,1776588549000
1776588551.168,251.168,0.79,0.8,0.2,0.21,0.01,0.01,75268.29,1776588549000
1776588552.032,252.032,0.79,0.8,0.2,0.21,0.01,0.01,75268.12,1776588550000
1776588552.712,252.712,0.79,0.8,0.2,0.21,0.01,0.01,75268.1,1776588551000
1776588553.209,253.209,0.8,0.81,0.19,0.21,0.01,0.02,75268.1,1776588551000
1776588553.557,253.557,0.8,0.81,0.19,0.2,0.01,0.01,75268.17,1776588552000
1776588554.054,254.054,0.8,0.81,0.19,0.2,0.01,0.01,75268.17,1776588552000
1776588554.537,254.537,0.81,0.82,0.18,0.19,0.01,0.01,75268.17,1776588552000
1776588555.18,255.18,0.81,0.82,0.18,0.19,0.01,0.01,75268.17,1776588553000
1776588555.516,255.516,0.81,0.82,0.18,0.19,0.01,0.01,75268.17,1776588554000
1776588555.896,255.896,0.81,0.82,0.18,0.19,0.01,0.01,75268.17,1776588554000
1776588556.326,256.326,0.81,0.82,0.18,0.19,0.01,0.01,75268.16,1776588555000
1776588556.993,256.993,0.81,0.82,0.18,0.19,0.01,0.01,75268.16,1776588555000
1776588557.454,257.454,0.81,0.82,0.18,0.19,0.01,0.01,75268.17,1776588556000
1776588557.809,257.809,0.76,0.78,0.21,0.25,0.02,0.04,75268.17,1776588556000
1776588558.183,258.183,0.75,0.76,0.24,0.25,0.01,0.01,75268.17,1776588557000
1776588558.536,258.536,0.74,0.75,0.25,0.26,0.01,0.01,75268.17,1776588557000
1776588558.893,258.893,0.74,0.75,0.25,0.26,0.01,0.01,75268.17,1776588557000
1776588559.306,259.306,0.74,0.75,0.25,0.26,0.01,0.01,75268.0,1776588558000
1776588559.957,259.957,0.74,0.75,0.25,0.26,0.01,0.01,75268.0,1776588558000
1776588560.476,260.476,0.74,0.75,0.25,0.26,0.01,0.01,75266.97,1776588559000
1776588560.837,260.837,0.74,0.75,0.25,0.26,0.01,0.01,75266.97,1776588559000
1776588561.214,261.214,0.74,0.75,0.25,0.26,0.01,0.01,75266.97,1776588560000
1776588561.548,261.548,0.74,0.75,0.25,0.26,0.01,0.01,75266.97,1776588560000
1776588561.883,261.883,0.74,0.75,0.25,0.26,0.01,0.01,75266.97,1776588560000
1776588562.335,262.335,0.74,0.75,0.25,0.26,0.01,0.01,75266.66,1776588561000
1776588562.925,262.925,0.74,0.75,0.25,0.26,0.01,0.01,75266.66,1776588561000
1776588563.383,263.383,0.71,0.75,0.25,0.29,0.04,0.04,75266.57,1776588562000
1776588563.732,263.732,0.71,0.72,0.28,0.29,0.01,0.01,75266.57,1776588562000
1776588564.174,264.174,0.71,0.72,0.28,0.29,0.01,0.01,75266.57,1776588562000
1776588564.603,264.603,0.71,0.72,0.28,0.29,0.01,0.01,75266.57,1776588563000
1776588564.974,264.974,0.77,0.78,0.22,0.25,0.01,0.03,75266.57,1776588563000
1776588565.454,265.454,0.77,0.78,0.22,0.23,0.01,0.01,75266.57,1776588563000
1776588565.952,265.952,0.77,0.78,0.22,0.23,0.01,0.01,75264.64,1776588564000
1776588566.426,266.426,0.78,0.79,0.22,0.23,0.01,0.01,75264.62,1776588565000
1776588567.013,267.013,0.78,0.79,0.21,0.22,0.01,0.01,75264.62,1776588565000
1776588567.431,267.431,0.78,0.8,0.21,0.22,0.02,0.01,75266.07,1776588566000
1776588567.838,267.838,0.8,0.81,0.19,0.2,0.01,0.01,75266.07,1776588566000
1776588568.307,268.307,0.8,0.81,0.19,0.2,0.01,0.01,75266.07,1776588567000
1776588568.836,268.836,0.8,0.81,0.19,0.2,0.01,0.01,75266.07,1776588567000
1776588569.352,269.352,0.8,0.81,0.19,0.2,0.01,0.01,75264.56,1776588568000
1776588569.826,269.826,0.8,0.81,0.19,0.2,0.01,0.01,75264.6,1776588569000
1776588570.461,270.461,0.8,0.81,0.19,0.2,0.01,0.01,75264.6,1776588569000
1776588570.905,270.905,0.8,0.81,0.19,0.2,0.01,0.01,75264.72,1776588570000
1776588571.354,271.354,0.81,0.82,0.18,0.19,0.01,0.01,75264.72,1776588570000
1776588571.866,271.866,0.81,0.82,0.18,0.19,0.01,0.01,75265.52,1776588571000
1776588572.241,272.241,0.81,0.82,0.18,0.19,0.01,0.01,75265.52,1776588571000
1776588572.582,272.582,0.81,0.82,0.18,0.19,0.01,0.01,75265.52,1776588571000
1776588572.987,272.987,0.81,0.82,0.18,0.19,0.01,0.01,75265.53,1776588572000
1776588573.377,273.377,0.81,0.82,0.18,0.19,0.01,0.01,75265.53,1776588572000
1776588573.856,273.856,0.81,0.82,0.18,0.19,0.01,0.01,75265.49,1776588573000
1776588574.553,274.553,0.81,0.83,0.18,0.19,0.02,0.01,75265.49,1776588573000
1776588575.211,275.211,0.82,0.83,0.17,0.18,0.01,0.01,75265.49,1776588574000
1776588575.606,275.606,0.84,0.85,0.15,0.16,0.01,0.01,75265.49,1776588574000
1776588575.974,275.974,0.84,0.85,0.15,0.16,0.01,0.01,75265.51,1776588575000
1776588576.971,276.971,0.84,0.85,0.15,0.16,0.01,0.01,75265.52,1776588576000
1776588577.318,277.318,0.85,0.86,0.15,0.16,0.01,0.01,75265.52,1776588576000
1776588577.721,277.721,0.85,0.87,0.14,0.15,0.02,0.01,75265.52,1776588576000
1776588578.061,278.061,0.86,0.87,0.13,0.14,0.01,0.01,75265.51,1776588577000
1776588578.569,278.569,0.86,0.87,0.13,0.14,0.01,0.01,75265.51,1776588577000
1776588579.051,279.051,0.86,0.87,0.13,0.14,0.01,0.01,75265.51,1776588578000
1776588579.412,279.412,0.86,0.87,0.13,0.14,0.01,0.01,75265.51,1776588578000
1776588579.8,279.8,0.87,0.88,0.12,0.13,0.01,0.01,75265.51,1776588578000
1776588580.325,280.325,0.88,0.89,0.11,0.12,0.01,0.01,75265.51,1776588579000
1776588580.827,280.827,0.88,0.89,0.11,0.12,0.01,0.01,75265.51,1776588579000
1776588581.236,281.236,0.88,0.89,0.11,0.12,0.01,0.01,75265.51,1776588579000
1776588581.647,281.647,0.89,0.9,0.1,0.12,0.01,0.02,75265.5,1776588580000
1776588582.172,282.172,0.89,0.9,0.1,0.11,0.01,0.01,75265.5,1776588580000
1776588582.534,282.534,0.91,0.92,0.08,0.09,0.01,0.01,75265.5,1776588580000
1776588583.278,283.278,0.91,0.92,0.08,0.09,0.01,0.01,75265.41,1776588582000
1776588583.812,283.812,0.91,0.92,0.08,0.09,0.01,0.01,75265.41,1776588582000
1776588584.149,284.149,0.91,0.93,0.07,0.09,0.02,0.02,75265.41,1776588583000
1776588584.513,284.513,0.91,0.93,0.07,0.09,0.02,0.02,75265.41,1776588583000
1776588584.851,284.851,0.91,0.95,0.06,0.09,0.04,0.03,75265.41,1776588583000
1776588585.221,285.221,0.92,0.95,0.05,0.08,0.03,0.03,75265.48,1776588584000
1776588585.845,285.845,0.92,0.93,0.05,0.08,0.01,0.03,75265.48,1776588584000
1776588586.2,286.2,0.91,0.92,0.08,0.09,0.01,0.01,75265.48,1776588584000
1776588586.576,286.576,0.91,0.92,0.08,0.09,0.01,0.01,75265.94,1776588585000
1776588586.968,286.968,0.93,0.94,0.06,0.08,0.01,0.02,75265.94,1776588585000
1776588587.313,287.313,0.93,0.94,0.06,0.07,0.01,0.01,75271.95,1776588586000
1776588587.659,287.659,0.92,0.94,0.06,0.08,0.02,0.02,75271.95,1776588586000
1776588588.023,288.023,0.8,0.81,0.16,0.21,0.01,0.05,75271.95,1776588586000
1776588588.357,288.357,0.8,0.81,0.19,0.2,0.01,0.01,75271.95,1776588587000
1776588588.694,288.694,0.78,0.81,0.19,0.22,0.03,0.03,75271.95,1776588587000
1776588589.05,289.05,0.79,0.8,0.2,0.21,0.01,0.01,75271.95,1776588587000
1776588589.385,289.385,0.81,0.82,0.18,0.19,0.01,0.01,75267.06,1776588588000
1776588589.723,289.723,0.84,0.85,0.15,0.16,0.01,0.01,75267.06,1776588588000
1776588590.33,290.33,0.84,0.85,0.15,0.16,0.01,0.01,75266.32,1776588589000
1776588590.69,290.69,0.84,0.85,0.15,0.16,0.01,0.01,75266.32,1776588589000
1776588591.168,291.168,0.88,0.89,0.12,0.15,0.01,0.03,75266.32,1776588589000
1776588591.52,291.52,0.88,0.89,0.08,0.11,0.01,0.03,75266.31,1776588590000
1776588591.875,291.875,0.88,0.89,0.11,0.15,0.01,0.04,75266.31,1776588590000
1776588592.415,292.415,0.91,0.92,0.1,0.11,0.01,0.01,75266.31,1776588590000
1776588592.749,292.749,0.95,0.97,0.03,0.05,0.02,0.02,75266.3,1776588591000
1776588593.083,293.083,0.96,0.97,0.03,0.04,0.01,0.01,75266.3,1776588591000
1776588593.46,293.46,0.96,0.98,0.02,0.04,0.02,0.02,75266.3,1776588592000
1776588593.808,293.808,0.97,0.98,0.02,0.03,0.01,0.01,75266.3,1776588592000
1776588594.158,294.158,0.97,0.98,0.02,0.03,0.01,0.01,75266.3,1776588592000
1776588594.521,294.521,0.97,0.98,0.02,0.03,0.01,0.01,75266.3,1776588592000
1776588594.948,294.948,0.97,0.98,0.02,0.03,0.01,0.01,75266.32,1776588593000
1776588595.297,295.297,0.97,0.98,0.02,0.03,0.01,0.01,75266.32,1776588593000
1776588595.659,295.659,0.98,0.99,0.01,0.02,0.01,0.01,75266.32,1776588593000
1776588596.045,296.045,0.98,0.99,0.01,0.02,0.01,0.01,75274.98,1776588594000
1776588596.378,296.378,0.98,0.99,0.01,0.02,0.01,0.01,75274.98,1776588594000
1776588596.732,296.732,0.98,0.99,0.01,0.02,0.01,0.01,75274.97,1776588595000
1776588597.096,297.096,0.98,0.99,0.01,0.02,0.01,0.01,75274.97,1776588595000
1776588597.523,297.523,0.99,0.99,0.01,0.01,0.0,0.0,75274.97,1776588595000
1776588597.87,297.87,0.99,0.99,0.01,0.01,0.0,0.0,75274.97,1776588596000
1776588598.234,298.234,0.99,0.99,0.01,0.01,0.0,0.0,75275.04,1776588597000
1776588598.592,298.592,0.99,0.99,0.01,0.01,0.0,0.0,75275.04,1776588597000
1776588598.926,298.926,0.99,0.99,0.01,0.01,0.0,0.0,75275.04,1776588597000
1776588599.276,299.276,0.99,0.99,0.01,0.01,0.0,0.0,75275.03,1776588598000
1776588599.684,299.684,0.99,0.99,0.01,0.01,0.0,0.0,75275.03,1776588598000
1776588600.043,300.043,0.99,0.99,0.01,0.01,0.0,0.0,75275.03,1776588598000
1776588600.379,300.379,0.99,0.99,0.01,0.01,0.0,0.0,75274.97,1776588599000
1776588600.803,300.803,0.99,0.99,0.01,0.01,0.0,0.0,75274.97,1776588599000

# RESULT,winner=Up,slug=btc-updown-5m-1776588300,ticks=643
