timestamp,elapsed_sec,up_bid,up_ask,down_bid,down_ask,up_spread,down_spread,btc_price,btc_oracle_ts
1776628200.507,0.507,0.51,0.52,0.47,0.48,0.01,0.01,75006.56,1776628199000
1776628200.858,0.858,0.51,0.52,0.48,0.49,0.01,0.01,75006.56,1776628199000
1776628201.306,1.306,0.51,0.53,0.47,0.49,0.02,0.02,75006.48,1776628200000
1776628201.806,1.806,0.51,0.52,0.48,0.49,0.01,0.01,75006.48,1776628200000
1776628202.143,2.143,0.51,0.52,0.48,0.49,0.01,0.01,75006.48,1776628200000
1776628202.583,2.583,0.51,0.52,0.48,0.49,0.01,0.01,75006.48,1776628200000
1776628202.983,2.983,0.51,0.52,0.48,0.49,0.01,0.01,75006.31,1776628201000
1776628203.482,3.482,0.51,0.52,0.48,0.49,0.01,0.01,75006.31,1776628201000
1776628203.884,3.884,0.51,0.52,0.48,0.49,0.01,0.01,75007.51,1776628202000
1776628204.287,4.287,0.55,0.56,0.44,0.45,0.01,0.01,75007.51,1776628202000
1776628204.698,4.698,0.55,0.56,0.44,0.45,0.01,0.01,75007.53,1776628203000
1776628205.289,5.289,0.55,0.56,0.44,0.45,0.01,0.01,75007.53,1776628203000
1776628205.714,5.714,0.55,0.56,0.44,0.45,0.01,0.01,75007.78,1776628204000
1776628206.064,6.064,0.56,0.57,0.43,0.44,0.01,0.01,75007.78,1776628204000
1776628206.546,6.546,0.56,0.57,0.43,0.44,0.01,0.01,75008.92,1776628205000
1776628206.91,6.91,0.56,0.57,0.43,0.44,0.01,0.01,75008.92,1776628205000
1776628207.25,7.25,0.56,0.57,0.43,0.44,0.01,0.01,75008.92,1776628205000
1776628207.584,7.584,0.56,0.57,0.43,0.44,0.01,0.01,75010.74,1776628206000
1776628208.163,8.163,0.56,0.57,0.43,0.44,0.01,0.01,75010.74,1776628206000
1776628208.719,8.719,0.56,0.57,0.43,0.44,0.01,0.01,75010.74,1776628207000
1776628209.161,9.161,0.56,0.57,0.43,0.44,0.01,0.01,75010.74,1776628207000
1776628209.71,9.71,0.56,0.57,0.43,0.44,0.01,0.01,75010.73,1776628208000
1776628210.149,10.149,0.56,0.57,0.43,0.44,0.01,0.01,75010.73,1776628208000
1776628210.514,10.514,0.56,0.57,0.43,0.44,0.01,0.01,75010.73,1776628209000
1776628211.12,11.12,0.56,0.57,0.43,0.44,0.01,0.01,75010.73,1776628209000
1776628211.459,11.459,0.56,0.57,0.43,0.44,0.01,0.01,75010.73,1776628209000
1776628211.991,11.991,0.56,0.57,0.43,0.44,0.01,0.01,75010.75,1776628210000
1776628212.432,12.432,0.56,0.57,0.43,0.44,0.01,0.01,75010.75,1776628210000
1776628212.85,12.85,0.57,0.58,0.42,0.43,0.01,0.01,75010.72,1776628211000
1776628213.353,13.353,0.57,0.58,0.42,0.43,0.01,0.01,75010.72,1776628212000
1776628213.751,13.751,0.57,0.58,0.42,0.43,0.01,0.01,75010.72,1776628212000
1776628214.174,14.174,0.57,0.58,0.42,0.43,0.01,0.01,75010.73,1776628213000
1776628214.68,14.68,0.57,0.58,0.42,0.43,0.01,0.01,75010.73,1776628213000
1776628215.04,15.04,0.57,0.58,0.42,0.43,0.01,0.01,75010.73,1776628213000
1776628215.658,15.658,0.57,0.58,0.42,0.43,0.01,0.01,75010.76,1776628214000
1776628216.028,16.028,0.61,0.65,0.37,0.39,0.04,0.02,75010.76,1776628214000
1776628216.373,16.373,0.6,0.65,0.35,0.4,0.05,0.05,75010.75,1776628215000
1776628216.824,16.824,0.62,0.63,0.37,0.38,0.01,0.01,75010.75,1776628215000
1776628217.239,17.239,0.63,0.64,0.35,0.38,0.01,0.03,75010.9,1776628216000
1776628217.574,17.574,0.64,0.66,0.34,0.36,0.02,0.02,75010.9,1776628216000
1776628217.908,17.908,0.64,0.65,0.35,0.36,0.01,0.01,75010.9,1776628216000
1776628218.254,18.254,0.64,0.65,0.35,0.36,0.01,0.01,75021.22,1776628217000
1776628218.613,18.613,0.65,0.66,0.34,0.35,0.01,0.01,75021.22,1776628217000
1776628219.17,19.17,0.65,0.66,0.34,0.35,0.01,0.01,75021.22,1776628217000
1776628219.655,19.655,0.65,0.66,0.34,0.35,0.01,0.01,75026.78,1776628218000
1776628220.067,20.067,0.64,0.66,0.34,0.36,0.02,0.02,75026.78,1776628218000
1776628220.4,20.4,0.6,0.62,0.38,0.4,0.02,0.02,75026.78,1776628218000
1776628220.758,20.758,0.58,0.6,0.4,0.43,0.02,0.03,75026.79,1776628219000
1776628221.202,21.202,0.57,0.59,0.41,0.42,0.02,0.01,75026.79,1776628219000
1776628221.625,21.625,0.56,0.58,0.41,0.43,0.02,0.02,75016.3,1776628220000
1776628222.009,22.009,0.56,0.57,0.43,0.44,0.01,0.01,75016.3,1776628220000
1776628222.664,22.664,0.56,0.57,0.43,0.44,0.01,0.01,75016.3,1776628221000
1776628223.099,23.099,0.56,0.57,0.43,0.44,0.01,0.01,75016.3,1776628221000
1776628223.45,23.45,0.56,0.57,0.43,0.44,0.01,0.01,75016.29,1776628222000
1776628223.956,23.956,0.56,0.57,0.43,0.44,0.01,0.01,75016.29,1776628222000
1776628224.451,24.451,0.56,0.57,0.43,0.44,0.01,0.01,75016.29,1776628222000
1776628224.812,24.812,0.57,0.58,0.42,0.43,0.01,0.01,75016.25,1776628223000
1776628225.216,25.216,0.57,0.58,0.42,0.43,0.01,0.01,75016.25,1776628223000
1776628225.884,25.884,0.57,0.58,0.42,0.43,0.01,0.01,75016.26,1776628224000
1776628226.229,26.229,0.57,0.58,0.42,0.43,0.01,0.01,75016.26,1776628224000
1776628226.68,26.68,0.57,0.58,0.42,0.43,0.01,0.01,75016.26,1776628224000
1776628227.056,27.056,0.58,0.59,0.41,0.42,0.01,0.01,75016.53,1776628225000
1776628227.461,27.461,0.58,0.59,0.41,0.42,0.01,0.01,75016.54,1776628226000
1776628227.899,27.899,0.58,0.59,0.41,0.42,0.01,0.01,75016.54,1776628226000
1776628228.496,28.496,0.58,0.59,0.41,0.42,0.01,0.01,75016.54,1776628226000
1776628229.404,29.404,0.58,0.59,0.41,0.42,0.01,0.01,75016.54,1776628227000
1776628229.876,29.876,0.58,0.59,0.41,0.42,0.01,0.01,75016.54,1776628228000
1776628230.217,30.217,0.58,0.59,0.41,0.42,0.01,0.01,75012.21,1776628229000
1776628230.553,30.553,0.58,0.59,0.41,0.42,0.01,0.01,75012.21,1776628229000
1776628230.913,30.913,0.58,0.59,0.41,0.42,0.01,0.01,75012.21,1776628229000
1776628231.313,31.313,0.58,0.59,0.41,0.42,0.01,0.01,75016.54,1776628230000
1776628232.126,32.126,0.58,0.59,0.41,0.42,0.01,0.01,75016.54,1776628230000
1776628232.568,32.568,0.58,0.59,0.41,0.42,0.01,0.01,75016.53,1776628231000
1776628233.001,33.001,0.58,0.59,0.41,0.42,0.01,0.01,75016.53,1776628231000
1776628233.713,33.713,0.58,0.59,0.41,0.42,0.01,0.01,75016.49,1776628232000
1776628234.067,34.067,0.58,0.59,0.41,0.42,0.01,0.01,75016.49,1776628232000
1776628234.888,34.888,0.58,0.59,0.41,0.42,0.01,0.01,75016.48,1776628233000
1776628235.459,35.459,0.58,0.59,0.41,0.42,0.01,0.01,75016.48,1776628234000
1776628236.0,36.0,0.58,0.59,0.41,0.42,0.01,0.01,75016.48,1776628234000
1776628236.919,36.919,0.58,0.59,0.41,0.42,0.01,0.01,75016.49,1776628235000
1776628237.4,37.4,0.58,0.59,0.41,0.42,0.01,0.01,75016.45,1776628236000
1776628237.865,37.865,0.58,0.59,0.41,0.42,0.01,0.01,75016.45,1776628236000
1776628238.465,38.465,0.58,0.59,0.41,0.42,0.01,0.01,75016.47,1776628237000
1776628238.806,38.806,0.57,0.59,0.41,0.42,0.02,0.01,75016.47,1776628237000
1776628239.231,39.231,0.55,0.56,0.43,0.45,0.01,0.02,75016.47,1776628237000
1776628239.587,39.587,0.55,0.56,0.44,0.45,0.01,0.01,75016.47,1776628237000
1776628240.02,40.02,0.55,0.56,0.44,0.45,0.01,0.01,75016.49,1776628238000
1776628240.404,40.404,0.55,0.56,0.44,0.45,0.01,0.01,75016.52,1776628239000
1776628240.812,40.812,0.56,0.57,0.43,0.45,0.01,0.02,75016.52,1776628239000
1776628241.157,41.157,0.56,0.57,0.43,0.44,0.01,0.01,75016.14,1776628240000
1776628241.553,41.553,0.57,0.58,0.42,0.43,0.01,0.01,75016.14,1776628240000
1776628242.139,42.139,0.58,0.59,0.42,0.43,0.01,0.01,75016.14,1776628240000
1776628242.887,42.887,0.58,0.59,0.41,0.42,0.01,0.01,75015.1,1776628241000
1776628243.302,43.302,0.6,0.62,0.39,0.4,0.02,0.01,75015.1,1776628241000
1776628243.7,43.7,0.61,0.62,0.38,0.39,0.01,0.01,75015.28,1776628242000
1776628244.063,44.063,0.61,0.62,0.38,0.39,0.01,0.01,75015.28,1776628242000
1776628244.584,44.584,0.61,0.62,0.38,0.39,0.01,0.01,75015.28,1776628243000
1776628244.928,44.928,0.61,0.62,0.38,0.39,0.01,0.01,75015.28,1776628243000
1776628245.459,45.459,0.61,0.62,0.38,0.39,0.01,0.01,75018.49,1776628244000
1776628245.893,45.893,0.64,0.65,0.35,0.36,0.01,0.01,75018.49,1776628244000
1776628246.226,46.226,0.64,0.65,0.35,0.36,0.01,0.01,75018.49,1776628244000
1776628246.585,46.585,0.64,0.65,0.35,0.36,0.01,0.01,75018.71,1776628245000
1776628246.928,46.928,0.64,0.65,0.35,0.36,0.01,0.01,75018.71,1776628245000
1776628247.367,47.367,0.64,0.65,0.35,0.36,0.01,0.01,75018.72,1776628246000
1776628247.897,47.897,0.64,0.65,0.35,0.36,0.01,0.01,75018.72,1776628246000
1776628248.358,48.358,0.64,0.65,0.35,0.36,0.01,0.01,75022.82,1776628247000
1776628248.943,48.943,0.64,0.65,0.35,0.36,0.01,0.01,75022.82,1776628247000
1776628249.333,49.333,0.64,0.65,0.35,0.36,0.01,0.01,75022.82,1776628247000
1776628249.905,49.905,0.64,0.65,0.35,0.36,0.01,0.01,75023.08,1776628248000
1776628250.29,50.29,0.65,0.66,0.34,0.35,0.01,0.01,75023.08,1776628249000
1776628250.635,50.635,0.65,0.66,0.34,0.35,0.01,0.01,75023.08,1776628249000
1776628251.216,51.216,0.65,0.66,0.34,0.35,0.01,0.01,75023.08,1776628249000
1776628251.591,51.591,0.65,0.66,0.34,0.35,0.01,0.01,75023.11,1776628250000
1776628251.998,51.998,0.65,0.66,0.34,0.35,0.01,0.01,75023.11,1776628250000
1776628252.417,52.417,0.65,0.67,0.33,0.35,0.02,0.02,75025.01,1776628251000
1776628252.764,52.764,0.66,0.67,0.33,0.34,0.01,0.01,75025.01,1776628251000
1776628253.122,53.122,0.65,0.67,0.33,0.34,0.02,0.01,75025.03,1776628252000
1776628253.479,53.479,0.65,0.66,0.34,0.35,0.01,0.01,75025.03,1776628252000
1776628253.826,53.826,0.64,0.65,0.35,0.36,0.01,0.01,75025.03,1776628252000
1776628254.193,54.193,0.64,0.65,0.35,0.36,0.01,0.01,75025.03,1776628252000
1776628254.538,54.538,0.64,0.65,0.35,0.36,0.01,0.01,75025.03,1776628252000
1776628254.973,54.973,0.64,0.65,0.35,0.36,0.01,0.01,75024.95,1776628253000
1776628255.39,55.39,0.64,0.65,0.35,0.36,0.01,0.01,75024.95,1776628253000
1776628255.936,55.936,0.64,0.65,0.35,0.36,0.01,0.01,75024.97,1776628254000
1776628256.342,56.342,0.62,0.63,0.37,0.38,0.01,0.01,75024.97,1776628254000
1776628256.678,56.678,0.61,0.62,0.38,0.39,0.01,0.01,75022.12,1776628255000
1776628257.099,57.099,0.61,0.62,0.38,0.39,0.01,0.01,75024.98,1776628256000
1776628257.685,57.685,0.61,0.62,0.38,0.39,0.01,0.01,75024.98,1776628256000
1776628258.079,58.079,0.61,0.62,0.38,0.39,0.01,0.01,75024.98,1776628256000
1776628258.5,58.5,0.61,0.62,0.38,0.39,0.01,0.01,75024.37,1776628257000
1776628259.103,59.103,0.61,0.62,0.38,0.39,0.01,0.01,75024.32,1776628258000
1776628259.879,59.879,0.61,0.62,0.38,0.39,0.01,0.01,75024.32,1776628258000
1776628260.31,60.31,0.61,0.62,0.38,0.39,0.01,0.01,75024.32,1776628258000
1776628260.649,60.649,0.61,0.62,0.38,0.39,0.01,0.01,75024.07,1776628259000
1776628261.079,61.079,0.61,0.62,0.38,0.39,0.01,0.01,75024.07,1776628259000
1776628261.421,61.421,0.61,0.62,0.38,0.39,0.01,0.01,75024.07,1776628260000
1776628261.928,61.928,0.61,0.62,0.38,0.39,0.01,0.01,75024.07,1776628260000
1776628262.287,62.287,0.61,0.62,0.38,0.39,0.01,0.01,75024.07,1776628260000
1776628263.212,63.212,0.61,0.62,0.38,0.39,0.01,0.01,75024.03,1776628261000
1776628263.546,63.546,0.61,0.62,0.38,0.39,0.01,0.01,75024.06,1776628262000
1776628263.899,63.899,0.61,0.62,0.38,0.39,0.01,0.01,75024.06,1776628262000
1776628264.241,64.241,0.61,0.62,0.38,0.39,0.01,0.01,75024.06,1776628262000
1776628264.588,64.588,0.61,0.62,0.38,0.39,0.01,0.01,75024.06,1776628262000
1776628265.208,65.208,0.61,0.62,0.38,0.39,0.01,0.01,75024.09,1776628263000
1776628265.677,65.677,0.61,0.62,0.38,0.39,0.01,0.01,75024.04,1776628264000
1776628266.289,66.289,0.61,0.62,0.38,0.39,0.01,0.01,75024.04,1776628264000
1776628266.63,66.63,0.56,0.59,0.41,0.43,0.03,0.02,75024.07,1776628265000
1776628266.966,66.966,0.49,0.55,0.45,0.51,0.06,0.06,75024.07,1776628265000
1776628267.33,67.33,0.49,0.5,0.5,0.51,0.01,0.01,75024.07,1776628265000
1776628267.745,67.745,0.45,0.49,0.51,0.55,0.04,0.04,75024.07,1776628265000
1776628268.09,68.09,0.46,0.48,0.5,0.55,0.02,0.05,75021.5,1776628266000
1776628268.494,68.494,0.46,0.47,0.53,0.54,0.01,0.01,75013.3,1776628267000
1776628268.835,68.835,0.45,0.46,0.54,0.55,0.01,0.01,75013.3,1776628267000
1776628269.195,69.195,0.45,0.46,0.54,0.55,0.01,0.01,75007.14,1776628268000
1776628269.599,69.599,0.45,0.46,0.54,0.55,0.01,0.01,75007.14,1776628268000
1776628269.978,69.978,0.44,0.45,0.55,0.56,0.01,0.01,75007.14,1776628268000
1776628270.468,70.468,0.44,0.45,0.55,0.56,0.01,0.01,75007.14,1776628268000
1776628270.844,70.844,0.44,0.45,0.55,0.56,0.01,0.01,75003.36,1776628269000
1776628271.488,71.488,0.44,0.45,0.55,0.56,0.01,0.01,75003.36,1776628269000
1776628271.882,71.882,0.44,0.45,0.55,0.56,0.01,0.01,75003.36,1776628270000
1776628272.301,72.301,0.44,0.45,0.55,0.56,0.01,0.01,75003.36,1776628270000
1776628272.728,72.728,0.44,0.45,0.55,0.56,0.01,0.01,75003.36,1776628270000
1776628273.087,73.087,0.44,0.45,0.55,0.56,0.01,0.01,75003.36,1776628270000
1776628273.457,73.457,0.44,0.45,0.55,0.56,0.01,0.01,75003.36,1776628270000
1776628273.872,73.872,0.44,0.45,0.55,0.56,0.01,0.01,75002.67,1776628271000
1776628274.221,74.221,0.44,0.45,0.55,0.56,0.01,0.01,75002.67,1776628271000
1776628274.557,74.557,0.44,0.45,0.55,0.56,0.01,0.01,75002.3,1776628272000
1776628274.971,74.971,0.44,0.45,0.55,0.56,0.01,0.01,75002.3,1776628272000
1776628275.308,75.308,0.44,0.45,0.55,0.56,0.01,0.01,75002.3,1776628273000
1776628275.994,75.994,0.44,0.45,0.55,0.56,0.01,0.01,75002.39,1776628274000
1776628276.337,76.337,0.36,0.42,0.58,0.61,0.06,0.03,75002.39,1776628274000
1776628276.689,76.689,0.34,0.36,0.62,0.66,0.02,0.04,75002.39,1776628274000
1776628277.026,77.026,0.34,0.36,0.64,0.66,0.02,0.02,75002.48,1776628275000
1776628277.366,77.366,0.33,0.35,0.65,0.67,0.02,0.02,75002.48,1776628275000
1776628277.722,77.722,0.33,0.35,0.65,0.68,0.02,0.03,75002.48,1776628275000
1776628278.102,78.102,0.33,0.34,0.66,0.67,0.01,0.01,75002.48,1776628275000
1776628278.468,78.468,0.33,0.34,0.66,0.67,0.01,0.01,74998.97,1776628276000
1776628278.833,78.833,0.33,0.34,0.66,0.67,0.01,0.01,74998.97,1776628276000
1776628279.393,79.393,0.33,0.34,0.66,0.67,0.01,0.01,74991.07,1776628277000
1776628279.796,79.796,0.33,0.34,0.66,0.67,0.01,0.01,74991.07,1776628277000
1776628280.143,80.143,0.33,0.34,0.66,0.67,0.01,0.01,74989.92,1776628278000
1776628280.535,80.535,0.33,0.34,0.66,0.67,0.01,0.01,74989.92,1776628278000
1776628280.872,80.872,0.33,0.34,0.66,0.67,0.01,0.01,74989.92,1776628278000
1776628281.245,81.245,0.33,0.34,0.66,0.67,0.01,0.01,74989.92,1776628278000
1776628281.605,81.605,0.33,0.34,0.66,0.67,0.01,0.01,74989.92,1776628278000
1776628281.985,81.985,0.33,0.34,0.66,0.67,0.01,0.01,74988.4,1776628279000
1776628282.367,82.367,0.33,0.34,0.66,0.67,0.01,0.01,74988.4,1776628279000
1776628282.723,82.723,0.33,0.34,0.66,0.67,0.01,0.01,74988.89,1776628280000
1776628283.092,83.092,0.33,0.34,0.66,0.67,0.01,0.01,74988.89,1776628281000
1776628283.47,83.47,0.33,0.34,0.66,0.67,0.01,0.01,74988.89,1776628281000
1776628283.884,83.884,0.32,0.33,0.67,0.68,0.01,0.01,74988.89,1776628281000
1776628284.219,84.219,0.32,0.33,0.67,0.68,0.01,0.01,74988.89,1776628281000
1776628284.617,84.617,0.32,0.33,0.67,0.68,0.01,0.01,74988.76,1776628282000
1776628284.96,84.96,0.32,0.33,0.67,0.68,0.01,0.01,74988.76,1776628282000
1776628285.314,85.314,0.32,0.33,0.67,0.68,0.01,0.01,74988.76,1776628282000
1776628285.732,85.732,0.32,0.33,0.67,0.68,0.01,0.01,74987.95,1776628283000
1776628286.124,86.124,0.32,0.33,0.67,0.68,0.01,0.01,74987.95,1776628283000
1776628286.473,86.473,0.32,0.33,0.67,0.68,0.01,0.01,74987.95,1776628283000
1776628286.959,86.959,0.32,0.33,0.67,0.68,0.01,0.01,74987.9,1776628284000
1776628287.299,87.299,0.32,0.33,0.67,0.68,0.01,0.01,74987.9,1776628285000
1776628287.709,87.709,0.31,0.32,0.67,0.68,0.01,0.01,74987.9,1776628285000
1776628288.116,88.116,0.26,0.3,0.7,0.74,0.04,0.04,74987.9,1776628285000
1776628288.45,88.45,0.25,0.26,0.74,0.75,0.01,0.01,74987.9,1776628285000
1776628288.792,88.792,0.25,0.26,0.74,0.75,0.01,0.01,74987.9,1776628285000
1776628289.216,89.216,0.25,0.26,0.74,0.75,0.01,0.01,74987.9,1776628285000
1776628289.565,89.565,0.25,0.26,0.74,0.75,0.01,0.01,74986.67,1776628287000
1776628289.927,89.927,0.25,0.26,0.74,0.75,0.01,0.01,74986.67,1776628287000
1776628290.297,90.297,0.25,0.26,0.74,0.75,0.01,0.01,74986.67,1776628287000
1776628290.63,90.63,0.25,0.26,0.74,0.75,0.01,0.01,74986.67,1776628287000
1776628290.972,90.972,0.25,0.26,0.74,0.75,0.01,0.01,74982.94,1776628288000
1776628291.384,91.384,0.26,0.27,0.73,0.74,0.01,0.01,74982.94,1776628288000
1776628291.801,91.801,0.26,0.27,0.73,0.74,0.01,0.01,74978.91,1776628289000
1776628292.14,92.14,0.26,0.27,0.73,0.74,0.01,0.01,74978.91,1776628290000
1776628292.642,92.642,0.26,0.27,0.73,0.74,0.01,0.01,74978.91,1776628290000
1776628293.104,93.104,0.26,0.27,0.73,0.74,0.01,0.01,74978.91,1776628290000
1776628293.454,93.454,0.26,0.27,0.73,0.74,0.01,0.01,74976.81,1776628291000
1776628293.814,93.814,0.26,0.27,0.73,0.74,0.01,0.01,74976.81,1776628291000
1776628294.357,94.357,0.26,0.27,0.73,0.74,0.01,0.01,74980.12,1776628292000
1776628294.767,94.767,0.26,0.27,0.73,0.74,0.01,0.01,74980.12,1776628292000
1776628295.16,95.16,0.26,0.27,0.73,0.74,0.01,0.01,74980.12,1776628293000
1776628295.594,95.594,0.26,0.27,0.73,0.74,0.01,0.01,74980.03,1776628294000
1776628296.035,96.035,0.26,0.27,0.73,0.74,0.01,0.01,74980.03,1776628294000
1776628296.572,96.572,0.26,0.28,0.72,0.74,0.02,0.02,74979.59,1776628295000
1776628296.921,96.921,0.26,0.27,0.73,0.74,0.01,0.01,74979.59,1776628295000
1776628297.278,97.278,0.24,0.25,0.75,0.76,0.01,0.01,74979.59,1776628295000
1776628297.704,97.704,0.24,0.25,0.75,0.76,0.01,0.01,74979.27,1776628296000
1776628298.164,98.164,0.24,0.25,0.75,0.76,0.01,0.01,74979.27,1776628296000
1776628298.619,98.619,0.24,0.25,0.75,0.76,0.01,0.01,74979.56,1776628297000
1776628298.999,98.999,0.24,0.25,0.75,0.76,0.01,0.01,74979.56,1776628297000
1776628299.387,99.387,0.24,0.25,0.75,0.76,0.01,0.01,74975.21,1776628298000
1776628299.971,99.971,0.24,0.25,0.75,0.76,0.01,0.01,74975.21,1776628298000
1776628300.576,100.576,0.24,0.25,0.75,0.76,0.01,0.01,74975.2,1776628299000
1776628301.011,101.011,0.24,0.25,0.75,0.76,0.01,0.01,74975.2,1776628299000
1776628301.477,101.477,0.24,0.25,0.75,0.76,0.01,0.01,74975.2,1776628300000
1776628301.903,101.903,0.25,0.26,0.74,0.75,0.01,0.01,74975.2,1776628300000
1776628302.298,102.298,0.25,0.26,0.74,0.75,0.01,0.01,74975.21,1776628301000
1776628302.881,102.881,0.25,0.27,0.74,0.75,0.02,0.01,74975.21,1776628301000
1776628303.216,103.216,0.29,0.3,0.7,0.71,0.01,0.01,74975.21,1776628301000
1776628303.551,103.551,0.29,0.3,0.7,0.71,0.01,0.01,74975.2,1776628302000
1776628303.921,103.921,0.29,0.3,0.7,0.71,0.01,0.01,74975.2,1776628302000
1776628304.307,104.307,0.29,0.3,0.7,0.71,0.01,0.01,74975.2,1776628302000
1776628304.681,104.681,0.29,0.3,0.7,0.71,0.01,0.01,74976.73,1776628303000
1776628305.055,105.055,0.29,0.3,0.7,0.71,0.01,0.01,74976.73,1776628303000
1776628305.456,105.456,0.29,0.3,0.7,0.71,0.01,0.01,74978.48,1776628304000
1776628305.89,105.89,0.27,0.28,0.72,0.73,0.01,0.01,74978.48,1776628304000
1776628306.398,106.398,0.27,0.28,0.72,0.73,0.01,0.01,74982.34,1776628305000
1776628306.794,106.794,0.27,0.28,0.72,0.73,0.01,0.01,74982.34,1776628305000
1776628307.228,107.228,0.27,0.28,0.72,0.73,0.01,0.01,74982.32,1776628306000
1776628307.57,107.57,0.27,0.28,0.72,0.73,0.01,0.01,74982.32,1776628306000
1776628307.952,107.952,0.27,0.28,0.72,0.73,0.01,0.01,74982.32,1776628306000
1776628308.376,108.376,0.27,0.28,0.72,0.73,0.01,0.01,74982.32,1776628306000
1776628308.878,108.878,0.27,0.28,0.72,0.73,0.01,0.01,74977.24,1776628307000
1776628309.396,109.396,0.27,0.28,0.72,0.73,0.01,0.01,74977.24,1776628307000
1776628309.946,109.946,0.27,0.28,0.72,0.73,0.01,0.01,74977.25,1776628308000
1776628310.481,110.481,0.27,0.28,0.72,0.73,0.01,0.01,74977.2,1776628309000
1776628310.818,110.818,0.27,0.28,0.72,0.73,0.01,0.01,74977.2,1776628309000
1776628311.772,111.772,0.27,0.28,0.72,0.73,0.01,0.01,74977.2,1776628310000
1776628312.242,112.242,0.27,0.28,0.72,0.73,0.01,0.01,74977.2,1776628310000
1776628312.695,112.695,0.25,0.26,0.74,0.75,0.01,0.01,74976.99,1776628311000
1776628313.034,113.034,0.25,0.26,0.74,0.75,0.01,0.01,74976.99,1776628311000
1776628313.384,113.384,0.25,0.26,0.74,0.75,0.01,0.01,74976.99,1776628311000
1776628313.931,113.931,0.25,0.26,0.74,0.75,0.01,0.01,74977.21,1776628312000
1776628314.265,114.265,0.25,0.26,0.74,0.75,0.01,0.01,74977.11,1776628313000
1776628315.118,115.118,0.25,0.27,0.73,0.75,0.02,0.02,74977.1,1776628314000
1776628315.454,115.454,0.29,0.3,0.68,0.71,0.01,0.03,74977.1,1776628314000
1776628316.159,116.159,0.29,0.31,0.69,0.71,0.02,0.02,74977.29,1776628315000
1776628316.542,116.542,0.29,0.3,0.7,0.71,0.01,0.01,74977.29,1776628315000
1776628316.876,116.876,0.29,0.3,0.7,0.71,0.01,0.01,74977.29,1776628315000
1776628317.223,117.223,0.29,0.3,0.7,0.71,0.01,0.01,74978.77,1776628316000
1776628317.86,117.86,0.29,0.3,0.7,0.71,0.01,0.01,74978.77,1776628316000
1776628318.373,118.373,0.29,0.3,0.7,0.71,0.01,0.01,74978.77,1776628316000
1776628318.775,118.775,0.29,0.3,0.7,0.71,0.01,0.01,74982.13,1776628317000
1776628319.129,119.129,0.29,0.3,0.7,0.71,0.01,0.01,74981.49,1776628318000
1776628319.542,119.542,0.29,0.3,0.7,0.71,0.01,0.01,74981.49,1776628318000
1776628319.904,119.904,0.29,0.3,0.7,0.71,0.01,0.01,74981.49,1776628318000
1776628320.584,120.584,0.29,0.3,0.7,0.71,0.01,0.01,74981.49,1776628319000
1776628321.019,121.019,0.29,0.3,0.7,0.71,0.01,0.01,74981.49,1776628319000
1776628321.355,121.355,0.29,0.3,0.7,0.71,0.01,0.01,74981.49,1776628319000
1776628321.712,121.712,0.27,0.29,0.72,0.73,0.02,0.01,74981.49,1776628319000
1776628322.126,122.126,0.27,0.28,0.72,0.73,0.01,0.01,74982.27,1776628320000
1776628322.541,122.541,0.27,0.28,0.72,0.73,0.01,0.01,74982.27,1776628320000
1776628322.942,122.942,0.27,0.28,0.72,0.73,0.01,0.01,74982.27,1776628320000
1776628323.448,123.448,0.27,0.28,0.72,0.73,0.01,0.01,74982.71,1776628321000
1776628323.821,123.821,0.27,0.28,0.72,0.73,0.01,0.01,74982.04,1776628322000
1776628324.38,124.38,0.27,0.28,0.72,0.73,0.01,0.01,74982.04,1776628322000
1776628324.935,124.935,0.27,0.28,0.72,0.73,0.01,0.01,74981.73,1776628323000
1776628325.274,125.274,0.29,0.33,0.67,0.71,0.04,0.04,74981.73,1776628323000
1776628325.611,125.611,0.33,0.35,0.65,0.67,0.02,0.02,74981.73,1776628324000
1776628325.964,125.964,0.34,0.35,0.65,0.66,0.01,0.01,74981.73,1776628324000
1776628326.303,126.303,0.35,0.36,0.64,0.65,0.01,0.01,74981.73,1776628324000
1776628326.7,126.7,0.35,0.36,0.64,0.65,0.01,0.01,74981.73,1776628324000
1776628327.077,127.077,0.35,0.36,0.64,0.65,0.01,0.01,74980.76,1776628325000
1776628327.413,127.413,0.35,0.36,0.64,0.65,0.01,0.01,74980.76,1776628325000
1776628327.756,127.756,0.35,0.36,0.64,0.65,0.01,0.01,74983.98,1776628326000
1776628328.228,128.228,0.35,0.36,0.64,0.65,0.01,0.01,74983.98,1776628326000
1776628328.712,128.712,0.36,0.37,0.63,0.65,0.01,0.02,74986.06,1776628327000
1776628329.114,129.114,0.36,0.37,0.63,0.64,0.01,0.01,74986.06,1776628327000
1776628329.526,129.526,0.36,0.37,0.62,0.64,0.01,0.02,74986.08,1776628328000
1776628329.875,129.875,0.41,0.43,0.57,0.59,0.02,0.02,74986.08,1776628328000
1776628330.273,130.273,0.44,0.45,0.55,0.58,0.01,0.03,74986.08,1776628328000
1776628330.624,130.624,0.44,0.45,0.55,0.56,0.01,0.01,74986.08,1776628328000
1776628331.016,131.016,0.44,0.45,0.55,0.56,0.01,0.01,74987.55,1776628329000
1776628331.488,131.488,0.45,0.46,0.54,0.56,0.01,0.02,74987.55,1776628329000
1776628331.833,131.833,0.45,0.47,0.53,0.55,0.02,0.02,74990.1,1776628330000
1776628332.3,132.3,0.47,0.48,0.52,0.53,0.01,0.01,74993.88,1776628331000
1776628332.653,132.653,0.47,0.48,0.52,0.53,0.01,0.01,74993.88,1776628331000
1776628332.994,132.994,0.47,0.48,0.52,0.54,0.01,0.02,74993.88,1776628331000
1776628333.433,133.433,0.43,0.45,0.55,0.56,0.02,0.01,74993.88,1776628331000
1776628333.766,133.766,0.41,0.44,0.56,0.59,0.03,0.03,74993.88,1776628331000
1776628334.142,134.142,0.36,0.37,0.63,0.64,0.01,0.01,74994.73,1776628332000
1776628334.506,134.506,0.35,0.36,0.64,0.68,0.01,0.04,74994.73,1776628332000
1776628334.841,134.841,0.35,0.36,0.64,0.65,0.01,0.01,74998.11,1776628333000
1776628335.19,135.19,0.34,0.35,0.65,0.66,0.01,0.01,74998.11,1776628333000
1776628335.577,135.577,0.34,0.35,0.65,0.66,0.01,0.01,74990.04,1776628334000
1776628336.112,136.112,0.34,0.35,0.65,0.66,0.01,0.01,74990.04,1776628334000
1776628336.458,136.458,0.34,0.35,0.65,0.66,0.01,0.01,74989.67,1776628335000
1776628336.794,136.794,0.34,0.35,0.65,0.66,0.01,0.01,74989.67,1776628335000
1776628337.197,137.197,0.34,0.35,0.65,0.66,0.01,0.01,74987.83,1776628336000
1776628337.672,137.672,0.34,0.35,0.65,0.66,0.01,0.01,74987.83,1776628336000
1776628338.461,138.461,0.34,0.35,0.65,0.66,0.01,0.01,74987.83,1776628336000
1776628339.31,139.31,0.34,0.35,0.65,0.66,0.01,0.01,74987.66,1776628337000
1776628339.89,139.89,0.34,0.35,0.65,0.66,0.01,0.01,74985.69,1776628338000
1776628340.243,140.243,0.34,0.35,0.65,0.66,0.01,0.01,74985.69,1776628338000
1776628340.713,140.713,0.34,0.35,0.65,0.66,0.01,0.01,74987.93,1776628339000
1776628341.316,141.316,0.34,0.35,0.65,0.66,0.01,0.01,74987.93,1776628339000
1776628341.736,141.736,0.34,0.35,0.65,0.66,0.01,0.01,74988.14,1776628340000
1776628342.14,142.14,0.34,0.35,0.65,0.66,0.01,0.01,74988.14,1776628340000
1776628342.622,142.622,0.34,0.35,0.65,0.66,0.01,0.01,74988.14,1776628340000
1776628342.962,142.962,0.34,0.35,0.65,0.66,0.01,0.01,74988.17,1776628341000
1776628343.297,143.297,0.34,0.36,0.65,0.66,0.02,0.01,74988.17,1776628341000
1776628343.738,143.738,0.35,0.36,0.64,0.65,0.01,0.01,74988.18,1776628342000
1776628344.559,144.559,0.35,0.36,0.64,0.65,0.01,0.01,74988.18,1776628342000
1776628345.202,145.202,0.35,0.36,0.64,0.65,0.01,0.01,74988.19,1776628343000
1776628345.684,145.684,0.34,0.36,0.64,0.65,0.02,0.01,74988.19,1776628344000
1776628346.044,146.044,0.34,0.35,0.65,0.66,0.01,0.01,74988.19,1776628344000
1776628346.408,146.408,0.34,0.35,0.65,0.66,0.01,0.01,74988.19,1776628344000
1776628346.981,146.981,0.34,0.35,0.65,0.66,0.01,0.01,74988.18,1776628345000
1776628347.334,147.334,0.34,0.35,0.65,0.66,0.01,0.01,74988.18,1776628346000
1776628347.734,147.734,0.34,0.35,0.65,0.66,0.01,0.01,74988.18,1776628346000
1776628348.09,148.09,0.34,0.35,0.65,0.66,0.01,0.01,74988.18,1776628346000
1776628348.517,148.517,0.32,0.33,0.65,0.66,0.01,0.01,74988.18,1776628346000
1776628348.9,148.9,0.31,0.32,0.68,0.69,0.01,0.01,74988.18,1776628347000
1776628349.233,149.233,0.31,0.32,0.68,0.69,0.01,0.01,74988.18,1776628348000
1776628349.625,149.625,0.31,0.32,0.68,0.69,0.01,0.01,74988.18,1776628348000
1776628350.008,150.008,0.31,0.32,0.68,0.69,0.01,0.01,74988.18,1776628348000
1776628350.498,150.498,0.32,0.33,0.67,0.68,0.01,0.01,74988.18,1776628348000
1776628351.04,151.04,0.32,0.33,0.67,0.68,0.01,0.01,74988.22,1776628349000
1776628351.397,151.397,0.32,0.33,0.67,0.68,0.01,0.01,74988.22,1776628350000
1776628351.782,151.782,0.32,0.33,0.67,0.68,0.01,0.01,74988.22,1776628350000
1776628352.124,152.124,0.32,0.33,0.67,0.68,0.01,0.01,74988.22,1776628350000
1776628352.797,152.797,0.32,0.33,0.67,0.68,0.01,0.01,74988.21,1776628351000
1776628353.272,153.272,0.33,0.34,0.66,0.68,0.01,0.02,74988.22,1776628352000
1776628353.895,153.895,0.34,0.35,0.66,0.67,0.01,0.01,74988.22,1776628352000
1776628354.241,154.241,0.34,0.35,0.65,0.66,0.01,0.01,74988.22,1776628352000
1776628354.894,154.894,0.34,0.35,0.65,0.66,0.01,0.01,74988.23,1776628353000
1776628355.461,155.461,0.34,0.35,0.65,0.66,0.01,0.01,74988.23,1776628353000
1776628355.845,155.845,0.34,0.35,0.65,0.66,0.01,0.01,74988.22,1776628354000
1776628356.227,156.227,0.34,0.35,0.65,0.66,0.01,0.01,74988.22,1776628354000
1776628356.611,156.611,0.34,0.35,0.65,0.66,0.01,0.01,74988.24,1776628355000
1776628357.358,157.358,0.34,0.35,0.65,0.66,0.01,0.01,74988.24,1776628355000
1776628358.047,158.047,0.34,0.35,0.65,0.66,0.01,0.01,74988.24,1776628357000
1776628358.412,158.412,0.34,0.35,0.65,0.66,0.01,0.01,74988.24,1776628357000
1776628358.811,158.811,0.34,0.35,0.65,0.66,0.01,0.01,74988.24,1776628357000
1776628359.314,159.314,0.34,0.35,0.65,0.66,0.01,0.01,74988.24,1776628357000
1776628359.711,159.711,0.34,0.35,0.65,0.66,0.01,0.01,74988.27,1776628358000
1776628360.101,160.101,0.34,0.35,0.65,0.66,0.01,0.01,74988.27,1776628358000
1776628360.75,160.75,0.34,0.35,0.65,0.66,0.01,0.01,74988.26,1776628359000
1776628361.361,161.361,0.34,0.35,0.65,0.66,0.01,0.01,74988.26,1776628360000
1776628361.995,161.995,0.34,0.35,0.65,0.66,0.01,0.01,74988.26,1776628360000
1776628362.496,162.496,0.34,0.35,0.65,0.66,0.01,0.01,74988.26,1776628361000
1776628362.861,162.861,0.34,0.35,0.65,0.66,0.01,0.01,74988.26,1776628361000
1776628363.486,163.486,0.34,0.35,0.65,0.66,0.01,0.01,74988.25,1776628362000
1776628364.146,164.146,0.34,0.35,0.65,0.66,0.01,0.01,74988.22,1776628363000
1776628364.622,164.622,0.33,0.35,0.65,0.66,0.02,0.01,74988.22,1776628363000
1776628365.234,165.234,0.31,0.32,0.68,0.69,0.01,0.01,74988.22,1776628364000
1776628365.631,165.631,0.3,0.31,0.68,0.7,0.01,0.02,74988.22,1776628364000
1776628365.983,165.983,0.3,0.31,0.69,0.7,0.01,0.01,74988.22,1776628364000
1776628366.448,166.448,0.3,0.31,0.69,0.7,0.01,0.01,74988.24,1776628365000
1776628366.835,166.835,0.3,0.31,0.69,0.7,0.01,0.01,74988.24,1776628365000
1776628367.291,167.291,0.29,0.3,0.69,0.71,0.01,0.02,74988.24,1776628365000
1776628367.728,167.728,0.29,0.3,0.7,0.71,0.01,0.01,74988.19,1776628366000
1776628368.444,168.444,0.28,0.3,0.7,0.71,0.02,0.01,74988.19,1776628366000
1776628368.793,168.793,0.28,0.29,0.71,0.73,0.01,0.02,74987.76,1776628367000
1776628369.444,169.444,0.26,0.27,0.73,0.74,0.01,0.01,74987.76,1776628368000
1776628369.855,169.855,0.22,0.23,0.77,0.78,0.01,0.01,74987.76,1776628368000
1776628370.31,170.31,0.22,0.23,0.77,0.78,0.01,0.01,74986.05,1776628369000
1776628370.662,170.662,0.22,0.23,0.77,0.78,0.01,0.01,74986.05,1776628369000
1776628371.071,171.071,0.23,0.24,0.76,0.77,0.01,0.01,74986.05,1776628369000
1776628371.613,171.613,0.23,0.24,0.76,0.77,0.01,0.01,74981.7,1776628370000
1776628372.179,172.179,0.23,0.24,0.76,0.77,0.01,0.01,74977.25,1776628371000
1776628372.699,172.699,0.23,0.24,0.76,0.77,0.01,0.01,74977.25,1776628371000
1776628373.466,173.466,0.23,0.24,0.76,0.77,0.01,0.01,74977.37,1776628372000
1776628373.915,173.915,0.23,0.24,0.76,0.77,0.01,0.01,74977.37,1776628372000
1776628374.327,174.327,0.23,0.24,0.76,0.77,0.01,0.01,74977.8,1776628373000
1776628374.694,174.694,0.23,0.24,0.76,0.77,0.01,0.01,74977.8,1776628373000
1776628375.067,175.067,0.23,0.24,0.76,0.77,0.01,0.01,74977.8,1776628373000
1776628375.453,175.453,0.23,0.24,0.76,0.77,0.01,0.01,74978.14,1776628374000
1776628375.786,175.786,0.23,0.24,0.76,0.77,0.01,0.01,74978.14,1776628374000
1776628376.252,176.252,0.23,0.24,0.76,0.77,0.01,0.01,74979.47,1776628375000
1776628377.385,177.385,0.23,0.24,0.76,0.77,0.01,0.01,74979.47,1776628375000
1776628377.731,177.731,0.23,0.24,0.76,0.77,0.01,0.01,74978.8,1776628376000
1776628378.37,178.37,0.23,0.24,0.76,0.77,0.01,0.01,74978.8,1776628376000
1776628379.122,179.122,0.23,0.24,0.76,0.77,0.01,0.01,74979.03,1776628378000
1776628379.602,179.602,0.23,0.24,0.76,0.77,0.01,0.01,74979.03,1776628378000
1776628380.131,180.131,0.23,0.24,0.76,0.77,0.01,0.01,74979.03,1776628378000
1776628380.513,180.513,0.23,0.24,0.76,0.77,0.01,0.01,74979.03,1776628379000
1776628380.854,180.854,0.23,0.24,0.76,0.77,0.01,0.01,74979.03,1776628379000
1776628381.517,181.517,0.23,0.24,0.76,0.77,0.01,0.01,74978.9,1776628380000
1776628381.88,181.88,0.23,0.24,0.76,0.77,0.01,0.01,74978.9,1776628380000
1776628382.307,182.307,0.32,0.33,0.65,0.71,0.01,0.06,74978.9,1776628381000
1776628382.649,182.649,0.35,0.36,0.64,0.65,0.01,0.01,74978.9,1776628381000
1776628382.996,182.996,0.35,0.36,0.64,0.65,0.01,0.01,74978.9,1776628381000
1776628383.485,183.485,0.35,0.36,0.64,0.65,0.01,0.01,74978.85,1776628382000
1776628383.843,183.843,0.35,0.36,0.64,0.65,0.01,0.01,74978.85,1776628382000
1776628384.18,184.18,0.34,0.35,0.65,0.66,0.01,0.01,74978.85,1776628382000
1776628384.513,184.513,0.34,0.35,0.65,0.66,0.01,0.01,74986.59,1776628383000
1776628384.982,184.982,0.34,0.35,0.65,0.66,0.01,0.01,74986.64,1776628384000
1776628385.315,185.315,0.34,0.35,0.65,0.66,0.01,0.01,74986.64,1776628384000
1776628385.679,185.679,0.34,0.35,0.65,0.66,0.01,0.01,74986.64,1776628384000
1776628386.089,186.089,0.34,0.35,0.65,0.66,0.01,0.01,74986.64,1776628384000
1776628386.442,186.442,0.34,0.35,0.65,0.66,0.01,0.01,74988.28,1776628385000
1776628386.832,186.832,0.34,0.35,0.65,0.66,0.01,0.01,74988.28,1776628385000
1776628387.213,187.213,0.34,0.35,0.65,0.66,0.01,0.01,74988.28,1776628385000
1776628387.603,187.603,0.34,0.35,0.65,0.66,0.01,0.01,74988.28,1776628385000
1776628387.939,187.939,0.34,0.35,0.65,0.66,0.01,0.01,74988.28,1776628385000
1776628388.349,188.349,0.34,0.35,0.65,0.66,0.01,0.01,74988.53,1776628386000
1776628388.93,188.93,0.34,0.35,0.65,0.66,0.01,0.01,74988.53,1776628387000
1776628389.313,189.313,0.34,0.35,0.65,0.66,0.01,0.01,74988.54,1776628388000
1776628389.663,189.663,0.35,0.36,0.64,0.65,0.01,0.01,74988.54,1776628388000
1776628390.058,190.058,0.35,0.36,0.64,0.65,0.01,0.01,74988.54,1776628388000
1776628390.445,190.445,0.35,0.36,0.64,0.65,0.01,0.01,74988.52,1776628389000
1776628390.987,190.987,0.35,0.36,0.64,0.65,0.01,0.01,74988.52,1776628389000
1776628391.458,191.458,0.35,0.36,0.64,0.65,0.01,0.01,74990.05,1776628390000
1776628391.806,191.806,0.35,0.36,0.64,0.65,0.01,0.01,74990.05,1776628390000
1776628392.37,192.37,0.35,0.36,0.64,0.65,0.01,0.01,74990.7,1776628391000
1776628392.866,192.866,0.35,0.36,0.64,0.65,0.01,0.01,74990.7,1776628391000
1776628393.21,193.21,0.35,0.36,0.64,0.65,0.01,0.01,74990.82,1776628392000
1776628393.599,193.599,0.35,0.36,0.64,0.65,0.01,0.01,74990.82,1776628392000
1776628394.026,194.026,0.35,0.36,0.64,0.65,0.01,0.01,74990.82,1776628392000
1776628394.542,194.542,0.35,0.36,0.64,0.65,0.01,0.01,74990.83,1776628393000
1776628395.008,195.008,0.35,0.36,0.64,0.65,0.01,0.01,74990.83,1776628393000
1776628395.357,195.357,0.35,0.36,0.64,0.65,0.01,0.01,74990.83,1776628393000
1776628396.352,196.352,0.35,0.36,0.64,0.65,0.01,0.01,74990.81,1776628394000
1776628396.909,196.909,0.35,0.36,0.64,0.65,0.01,0.01,74990.81,1776628395000
1776628397.448,197.448,0.35,0.36,0.64,0.65,0.01,0.01,74990.81,1776628396000
1776628398.199,198.199,0.35,0.36,0.64,0.65,0.01,0.01,74990.89,1776628397000
1776628398.613,198.613,0.34,0.36,0.64,0.66,0.02,0.02,74990.89,1776628397000
1776628399.237,199.237,0.34,0.36,0.64,0.66,0.02,0.02,74990.14,1776628398000
1776628399.934,199.934,0.34,0.36,0.64,0.66,0.02,0.02,74990.14,1776628398000
1776628400.271,200.271,0.33,0.36,0.64,0.66,0.03,0.02,74990.14,1776628398000
1776628401.408,201.408,0.33,0.34,0.64,0.67,0.01,0.03,74988.9,1776628399000
1776628401.837,201.837,0.3,0.31,0.69,0.7,0.01,0.01,74988.68,1776628400000
1776628402.281,202.281,0.3,0.31,0.69,0.71,0.01,0.02,74988.68,1776628400000
1776628402.695,202.695,0.26,0.3,0.7,0.74,0.04,0.04,74988.68,1776628401000
1776628403.181,203.181,0.26,0.28,0.71,0.74,0.02,0.03,74988.68,1776628401000
1776628403.84,203.84,0.26,0.27,0.72,0.74,0.01,0.02,74988.7,1776628402000
1776628404.18,204.18,0.26,0.27,0.73,0.74,0.01,0.01,74988.7,1776628402000
1776628404.572,204.572,0.26,0.27,0.73,0.74,0.01,0.01,74988.7,1776628402000
1776628405.884,205.884,0.25,0.26,0.73,0.75,0.01,0.02,74987.65,1776628403000
1776628406.884,206.884,0.25,0.26,0.74,0.75,0.01,0.01,74987.87,1776628405000
1776628407.611,207.611,0.25,0.26,0.74,0.75,0.01,0.01,74987.87,1776628405000
1776628407.959,207.959,0.25,0.26,0.74,0.75,0.01,0.01,74988.05,1776628406000
1776628408.471,208.471,0.25,0.26,0.74,0.75,0.01,0.01,74988.05,1776628406000
1776628409.199,209.199,0.25,0.26,0.74,0.75,0.01,0.01,74988.15,1776628407000
1776628409.888,209.888,0.25,0.26,0.74,0.75,0.01,0.01,74988.05,1776628408000
1776628410.27,210.27,0.25,0.26,0.74,0.75,0.01,0.01,74987.51,1776628409000
1776628410.618,210.618,0.25,0.26,0.74,0.75,0.01,0.01,74987.51,1776628409000
1776628411.165,211.165,0.24,0.25,0.75,0.76,0.01,0.01,74987.51,1776628409000
1776628411.5,211.5,0.24,0.25,0.75,0.76,0.01,0.01,74987.82,1776628410000
1776628411.865,211.865,0.24,0.25,0.75,0.76,0.01,0.01,74987.82,1776628410000
1776628412.219,212.219,0.24,0.25,0.75,0.76,0.01,0.01,74987.82,1776628410000
1776628412.693,212.693,0.24,0.25,0.75,0.76,0.01,0.01,74987.82,1776628410000
1776628413.466,213.466,0.24,0.25,0.75,0.76,0.01,0.01,74987.4,1776628412000
1776628414.081,214.081,0.24,0.25,0.75,0.76,0.01,0.01,74987.45,1776628413000
1776628414.429,214.429,0.24,0.25,0.75,0.76,0.01,0.01,74987.45,1776628413000
1776628415.584,215.584,0.24,0.25,0.75,0.76,0.01,0.01,74987.45,1776628414000
1776628415.922,215.922,0.24,0.25,0.75,0.76,0.01,0.01,74987.45,1776628414000
1776628416.591,216.591,0.23,0.25,0.75,0.76,0.02,0.01,74987.57,1776628415000
1776628417.735,217.735,0.23,0.25,0.75,0.77,0.02,0.02,74987.57,1776628416000
1776628418.224,218.224,0.23,0.24,0.75,0.77,0.01,0.02,74987.57,1776628416000
1776628418.837,218.837,0.23,0.25,0.76,0.77,0.02,0.01,74993.32,1776628417000
1776628419.221,219.221,0.26,0.29,0.73,0.74,0.03,0.01,74996.91,1776628418000
1776628419.6,219.6,0.32,0.35,0.66,0.68,0.03,0.02,74996.91,1776628418000
1776628419.962,219.962,0.31,0.32,0.68,0.75,0.01,0.07,74996.91,1776628418000
1776628420.338,220.338,0.27,0.29,0.71,0.73,0.02,0.02,74996.91,1776628418000
1776628420.691,220.691,0.26,0.3,0.7,0.72,0.04,0.02,74993.99,1776628419000
1776628421.038,221.038,0.28,0.3,0.7,0.71,0.02,0.01,74993.99,1776628419000
1776628421.384,221.384,0.29,0.3,0.7,0.71,0.01,0.01,74993.99,1776628419000
1776628421.783,221.783,0.29,0.3,0.7,0.71,0.01,0.01,74989.09,1776628420000
1776628422.178,222.178,0.29,0.3,0.7,0.71,0.01,0.01,74988.37,1776628421000
1776628422.526,222.526,0.29,0.3,0.7,0.71,0.01,0.01,74988.37,1776628421000
1776628422.969,222.969,0.29,0.3,0.7,0.71,0.01,0.01,74988.37,1776628421000
1776628423.513,223.513,0.28,0.3,0.7,0.72,0.02,0.02,74988.31,1776628422000
1776628424.104,224.104,0.28,0.3,0.7,0.72,0.02,0.02,74988.62,1776628423000
1776628424.752,224.752,0.28,0.3,0.7,0.71,0.02,0.01,74988.62,1776628423000
1776628425.106,225.106,0.28,0.3,0.7,0.71,0.02,0.01,74988.62,1776628423000
1776628425.458,225.458,0.28,0.3,0.7,0.72,0.02,0.02,74988.16,1776628424000
1776628425.835,225.835,0.28,0.29,0.71,0.72,0.01,0.01,74988.16,1776628424000
1776628426.25,226.25,0.26,0.29,0.71,0.74,0.03,0.03,74988.15,1776628425000
1776628426.649,226.649,0.26,0.29,0.71,0.74,0.03,0.03,74988.15,1776628425000
1776628427.012,227.012,0.28,0.29,0.71,0.72,0.01,0.01,74988.15,1776628425000
1776628427.576,227.576,0.28,0.29,0.71,0.72,0.01,0.01,74988.15,1776628426000
1776628427.918,227.918,0.28,0.29,0.7,0.72,0.01,0.02,74988.15,1776628426000
1776628428.264,228.264,0.28,0.29,0.71,0.72,0.01,0.01,74988.15,1776628427000
1776628428.629,228.629,0.28,0.29,0.7,0.72,0.01,0.02,74988.15,1776628427000
1776628428.99,228.99,0.29,0.3,0.7,0.71,0.01,0.01,74988.15,1776628427000
1776628429.35,229.35,0.3,0.31,0.69,0.7,0.01,0.01,74988.81,1776628428000
1776628429.685,229.685,0.3,0.31,0.69,0.7,0.01,0.01,74988.81,1776628428000
1776628430.149,230.149,0.31,0.32,0.68,0.7,0.01,0.02,74988.81,1776628428000
1776628430.899,230.899,0.32,0.35,0.65,0.68,0.03,0.03,74989.63,1776628429000
1776628431.303,231.303,0.32,0.35,0.65,0.68,0.03,0.03,74989.63,1776628430000
1776628431.642,231.642,0.36,0.37,0.64,0.67,0.01,0.03,74989.63,1776628430000
1776628432.403,232.403,0.36,0.37,0.63,0.64,0.01,0.01,74989.63,1776628430000
1776628433.247,233.247,0.36,0.37,0.63,0.64,0.01,0.01,74993.43,1776628431000
1776628433.583,233.583,0.36,0.37,0.63,0.64,0.01,0.01,74993.43,1776628431000
1776628433.946,233.946,0.34,0.37,0.63,0.66,0.03,0.03,74993.46,1776628432000
1776628434.345,234.345,0.36,0.38,0.62,0.64,0.02,0.02,74993.48,1776628433000
1776628435.077,235.077,0.33,0.37,0.63,0.67,0.04,0.04,74993.48,1776628433000
1776628435.423,235.423,0.33,0.37,0.63,0.67,0.04,0.04,74993.48,1776628434000
1776628436.429,236.429,0.36,0.37,0.63,0.67,0.01,0.04,74993.48,1776628434000
1776628436.838,236.838,0.36,0.37,0.63,0.64,0.01,0.01,74993.46,1776628435000
1776628437.204,237.204,0.36,0.37,0.63,0.64,0.01,0.01,74993.46,1776628435000
1776628437.537,237.537,0.32,0.34,0.66,0.67,0.02,0.01,74993.46,1776628436000
1776628437.888,237.888,0.32,0.33,0.67,0.68,0.01,0.01,74993.46,1776628436000
1776628438.326,238.326,0.32,0.33,0.67,0.68,0.01,0.01,74992.92,1776628437000
1776628438.791,238.791,0.31,0.32,0.67,0.69,0.01,0.02,74992.92,1776628437000
1776628439.125,239.125,0.31,0.32,0.68,0.69,0.01,0.01,74992.93,1776628438000
1776628440.33,240.33,0.31,0.32,0.68,0.69,0.01,0.01,74992.94,1776628439000
1776628440.806,240.806,0.31,0.32,0.68,0.69,0.01,0.01,74992.94,1776628439000
1776628441.222,241.222,0.31,0.32,0.68,0.69,0.01,0.01,74992.94,1776628439000
1776628441.887,241.887,0.31,0.32,0.68,0.69,0.01,0.01,74993.33,1776628440000
1776628442.501,242.501,0.3,0.32,0.68,0.7,0.02,0.02,74993.31,1776628441000
1776628443.222,243.222,0.3,0.32,0.68,0.7,0.02,0.02,74993.31,1776628442000
1776628443.85,243.85,0.3,0.31,0.68,0.7,0.01,0.02,74993.31,1776628442000
1776628444.338,244.338,0.3,0.31,0.69,0.7,0.01,0.01,74993.31,1776628443000
1776628445.394,245.394,0.3,0.31,0.69,0.7,0.01,0.01,74993.3,1776628444000
1776628445.926,245.926,0.28,0.29,0.69,0.7,0.01,0.01,74993.3,1776628444000
1776628446.46,246.46,0.28,0.29,0.71,0.72,0.01,0.01,74993.3,1776628445000
1776628446.8,246.8,0.28,0.29,0.71,0.72,0.01,0.01,74993.3,1776628445000
1776628447.205,247.205,0.27,0.29,0.71,0.72,0.02,0.01,74993.31,1776628446000
1776628447.717,247.717,0.26,0.27,0.72,0.74,0.01,0.02,74993.31,1776628446000
1776628448.131,248.131,0.26,0.27,0.73,0.74,0.01,0.01,74993.31,1776628446000
1776628448.512,248.512,0.25,0.26,0.74,0.75,0.01,0.01,74993.32,1776628447000
1776628448.979,248.979,0.25,0.26,0.74,0.75,0.01,0.01,74993.32,1776628447000
1776628449.336,249.336,0.25,0.26,0.74,0.75,0.01,0.01,74993.32,1776628447000
1776628449.75,249.75,0.25,0.26,0.74,0.75,0.01,0.01,74993.33,1776628448000
1776628450.16,250.16,0.25,0.26,0.74,0.75,0.01,0.01,74993.33,1776628448000
1776628450.554,250.554,0.25,0.26,0.74,0.75,0.01,0.01,74993.33,1776628449000
1776628450.895,250.895,0.25,0.26,0.74,0.75,0.01,0.01,74993.33,1776628449000
1776628451.331,251.331,0.25,0.26,0.74,0.75,0.01,0.01,74993.33,1776628450000
1776628452.281,252.281,0.25,0.26,0.74,0.75,0.01,0.01,74993.33,1776628450000
1776628452.909,252.909,0.25,0.26,0.74,0.75,0.01,0.01,74993.36,1776628451000
1776628453.335,253.335,0.25,0.26,0.74,0.75,0.01,0.01,74993.36,1776628451000
1776628453.738,253.738,0.25,0.26,0.74,0.75,0.01,0.01,74993.36,1776628452000
1776628454.201,254.201,0.25,0.26,0.74,0.75,0.01,0.01,74993.36,1776628452000
1776628454.608,254.608,0.25,0.26,0.74,0.75,0.01,0.01,74993.36,1776628453000
1776628455.07,255.07,0.25,0.26,0.74,0.75,0.01,0.01,74993.36,1776628453000
1776628455.441,255.441,0.25,0.26,0.74,0.75,0.01,0.01,74993.37,1776628454000
1776628455.778,255.778,0.25,0.26,0.74,0.75,0.01,0.01,74993.37,1776628454000
1776628456.145,256.145,0.25,0.26,0.74,0.75,0.01,0.01,74993.38,1776628455000
1776628456.603,256.603,0.25,0.26,0.74,0.75,0.01,0.01,74993.38,1776628455000
1776628457.092,257.092,0.25,0.26,0.74,0.75,0.01,0.01,74993.45,1776628456000
1776628457.659,257.659,0.25,0.26,0.74,0.75,0.01,0.01,74993.45,1776628456000
1776628458.195,258.195,0.25,0.26,0.74,0.75,0.01,0.01,74993.47,1776628457000
1776628458.611,258.611,0.25,0.26,0.74,0.75,0.01,0.01,74993.47,1776628457000
1776628458.967,258.967,0.25,0.26,0.74,0.75,0.01,0.01,74993.47,1776628457000
1776628459.382,259.382,0.25,0.26,0.74,0.75,0.01,0.01,74993.47,1776628458000
1776628460.149,260.149,0.25,0.26,0.74,0.75,0.01,0.01,74993.47,1776628459000
1776628460.587,260.587,0.25,0.26,0.74,0.75,0.01,0.01,74993.47,1776628459000
1776628461.024,261.024,0.25,0.26,0.74,0.75,0.01,0.01,74993.48,1776628460000
1776628461.55,261.55,0.25,0.26,0.74,0.75,0.01,0.01,74993.48,1776628460000
1776628461.945,261.945,0.25,0.26,0.74,0.75,0.01,0.01,74993.48,1776628460000
1776628462.514,262.514,0.25,0.26,0.74,0.75,0.01,0.01,74993.48,1776628460000
1776628462.861,262.861,0.25,0.26,0.74,0.75,0.01,0.01,74993.48,1776628461000
1776628463.374,263.374,0.25,0.26,0.74,0.75,0.01,0.01,74993.51,1776628462000
1776628463.727,263.727,0.25,0.26,0.74,0.75,0.01,0.01,74993.51,1776628462000
1776628464.505,264.505,0.24,0.26,0.74,0.75,0.02,0.01,74993.52,1776628463000
1776628464.896,264.896,0.23,0.25,0.75,0.77,0.02,0.02,74993.51,1776628464000
1776628465.251,265.251,0.23,0.24,0.76,0.77,0.01,0.01,74993.51,1776628464000
1776628465.895,265.895,0.21,0.22,0.76,0.78,0.01,0.02,74993.51,1776628464000
1776628466.253,266.253,0.21,0.22,0.78,0.79,0.01,0.01,74993.69,1776628465000
1776628466.762,266.762,0.2,0.21,0.78,0.8,0.01,0.02,74993.69,1776628465000
1776628467.1,267.1,0.17,0.19,0.8,0.82,0.02,0.02,74993.64,1776628466000
1776628467.444,267.444,0.12,0.16,0.84,0.87,0.04,0.03,74993.64,1776628466000
1776628467.819,267.819,0.1,0.11,0.89,0.9,0.01,0.01,74993.64,1776628466000
1776628468.162,268.162,0.1,0.11,0.89,0.9,0.01,0.01,74989.71,1776628467000
1776628468.512,268.512,0.1,0.11,0.89,0.9,0.01,0.01,74989.71,1776628467000
1776628468.905,268.905,0.1,0.11,0.89,0.9,0.01,0.01,74989.71,1776628467000
1776628469.244,269.244,0.1,0.11,0.89,0.9,0.01,0.01,74982.02,1776628468000
1776628469.577,269.577,0.1,0.11,0.89,0.9,0.01,0.01,74982.02,1776628468000
1776628469.911,269.911,0.1,0.11,0.89,0.9,0.01,0.01,74982.02,1776628468000
1776628470.304,270.304,0.1,0.11,0.89,0.9,0.01,0.01,74976.59,1776628469000
1776628470.656,270.656,0.1,0.11,0.89,0.9,0.01,0.01,74976.59,1776628469000
1776628470.989,270.989,0.1,0.11,0.89,0.9,0.01,0.01,74976.59,1776628469000
1776628471.342,271.342,0.1,0.11,0.89,0.9,0.01,0.01,74976.47,1776628470000
1776628471.701,271.701,0.1,0.11,0.89,0.9,0.01,0.01,74976.47,1776628470000
1776628472.062,272.062,0.1,0.11,0.89,0.9,0.01,0.01,74976.47,1776628470000
1776628472.397,272.397,0.1,0.11,0.89,0.9,0.01,0.01,74974.94,1776628471000
1776628472.753,272.753,0.1,0.11,0.89,0.9,0.01,0.01,74974.94,1776628471000
1776628473.096,273.096,0.1,0.11,0.89,0.9,0.01,0.01,74975.74,1776628472000
1776628473.554,273.554,0.09,0.1,0.89,0.9,0.01,0.01,74975.74,1776628472000
1776628473.901,273.901,0.08,0.09,0.91,0.92,0.01,0.01,74975.74,1776628472000
1776628474.235,274.235,0.08,0.09,0.91,0.92,0.01,0.01,74975.74,1776628472000
1776628474.748,274.748,0.08,0.09,0.91,0.92,0.01,0.01,74975.74,1776628473000
1776628475.225,275.225,0.07,0.08,0.92,0.93,0.01,0.01,74975.74,1776628473000
1776628475.595,275.595,0.06,0.07,0.92,0.94,0.01,0.02,74975.74,1776628473000
1776628475.999,275.999,0.05,0.07,0.93,0.95,0.02,0.02,74975.63,1776628474000
1776628476.366,276.366,0.05,0.06,0.94,0.95,0.01,0.01,74974.01,1776628475000
1776628476.723,276.723,0.05,0.06,0.94,0.95,0.01,0.01,74974.01,1776628475000
1776628477.06,277.06,0.05,0.06,0.94,0.95,0.01,0.01,74974.01,1776628475000
1776628477.406,277.406,0.05,0.06,0.94,0.95,0.01,0.01,74974.01,1776628475000
1776628477.744,277.744,0.05,0.06,0.94,0.95,0.01,0.01,74974.01,1776628475000
1776628478.162,278.162,0.05,0.06,0.94,0.95,0.01,0.01,74974.9,1776628476000
1776628478.636,278.636,0.05,0.06,0.94,0.95,0.01,0.01,74974.9,1776628476000
1776628478.995,278.995,0.05,0.06,0.94,0.95,0.01,0.01,74977.13,1776628477000
1776628479.498,279.498,0.05,0.06,0.94,0.95,0.01,0.01,74977.13,1776628477000
1776628479.914,279.914,0.05,0.06,0.94,0.95,0.01,0.01,74976.79,1776628478000
1776628480.303,280.303,0.05,0.06,0.94,0.95,0.01,0.01,74976.79,1776628478000
1776628480.667,280.667,0.05,0.06,0.94,0.95,0.01,0.01,74976.79,1776628479000
1776628481.1,281.1,0.05,0.06,0.94,0.95,0.01,0.01,74976.57,1776628480000
1776628481.459,281.459,0.05,0.06,0.94,0.95,0.01,0.01,74976.57,1776628480000
1776628481.798,281.798,0.05,0.06,0.94,0.95,0.01,0.01,74976.57,1776628480000
1776628482.171,282.171,0.05,0.06,0.94,0.95,0.01,0.01,74976.57,1776628480000
1776628482.507,282.507,0.05,0.06,0.94,0.95,0.01,0.01,74976.65,1776628481000
1776628482.991,282.991,0.05,0.06,0.94,0.95,0.01,0.01,74976.65,1776628481000
1776628483.388,283.388,0.05,0.06,0.94,0.95,0.01,0.01,74976.65,1776628481000
1776628483.756,283.756,0.05,0.06,0.94,0.95,0.01,0.01,74976.65,1776628481000
1776628484.109,284.109,0.05,0.06,0.94,0.95,0.01,0.01,74972.49,1776628482000
1776628484.453,284.453,0.05,0.06,0.94,0.95,0.01,0.01,74969.76,1776628483000
1776628484.788,284.788,0.05,0.06,0.94,0.95,0.01,0.01,74969.76,1776628483000
1776628485.202,285.202,0.05,0.06,0.94,0.95,0.01,0.01,74969.76,1776628483000
1776628485.563,285.563,0.05,0.06,0.94,0.95,0.01,0.01,74967.86,1776628484000
1776628486.188,286.188,0.05,0.06,0.94,0.95,0.01,0.01,74967.86,1776628484000
1776628486.533,286.533,0.05,0.06,0.94,0.95,0.01,0.01,74967.86,1776628484000
1776628486.868,286.868,0.05,0.06,0.94,0.95,0.01,0.01,74959.95,1776628485000
1776628487.221,287.221,0.05,0.06,0.94,0.95,0.01,0.01,74959.95,1776628486000
1776628487.67,287.67,0.05,0.06,0.94,0.95,0.01,0.01,74959.95,1776628486000
1776628488.122,288.122,0.05,0.06,0.94,0.95,0.01,0.01,74959.95,1776628486000
1776628488.473,288.473,0.05,0.06,0.94,0.95,0.01,0.01,74959.95,1776628486000
1776628489.002,289.002,0.04,0.05,0.94,0.96,0.01,0.02,74963.71,1776628487000
1776628489.395,289.395,0.04,0.05,0.95,0.96,0.01,0.01,74963.71,1776628488000
1776628489.742,289.742,0.03,0.05,0.95,0.96,0.02,0.01,74963.71,1776628488000
1776628490.329,290.329,0.03,0.04,0.96,0.97,0.01,0.01,74963.71,1776628488000
1776628490.703,290.703,0.03,0.04,0.96,0.97,0.01,0.01,74964.49,1776628489000
1776628491.099,291.099,0.03,0.04,0.96,0.97,0.01,0.01,74964.49,1776628489000
1776628491.469,291.469,0.03,0.04,0.96,0.97,0.01,0.01,74964.33,1776628490000
1776628491.816,291.816,0.03,0.04,0.96,0.97,0.01,0.01,74964.33,1776628490000
1776628492.166,292.166,0.03,0.04,0.96,0.97,0.01,0.01,74964.33,1776628490000
1776628492.504,292.504,0.02,0.03,0.97,0.98,0.01,0.01,74964.33,1776628490000
1776628492.838,292.838,0.02,0.03,0.97,0.98,0.01,0.01,74963.01,1776628491000
1776628493.186,293.186,0.02,0.03,0.97,0.98,0.01,0.01,74963.01,1776628491000
1776628493.519,293.519,0.02,0.03,0.97,0.98,0.01,0.01,74962.76,1776628492000
1776628493.869,293.869,0.02,0.03,0.97,0.98,0.01,0.01,74962.76,1776628492000
1776628494.22,294.22,0.02,0.03,0.97,0.98,0.01,0.01,74962.76,1776628492000
1776628494.619,294.619,0.01,0.03,0.97,0.98,0.02,0.01,74963.82,1776628493000
1776628494.964,294.964,0.01,0.02,0.98,0.99,0.01,0.01,74963.79,1776628494000
1776628495.32,295.32,0.01,0.02,0.98,0.99,0.01,0.01,74963.79,1776628494000
1776628495.684,295.684,0.01,0.02,0.98,0.99,0.01,0.01,74963.79,1776628494000
1776628496.026,296.026,0.01,0.01,0.99,0.99,0.0,0.0,74963.79,1776628494000
1776628496.395,296.395,0.01,0.01,0.99,0.99,0.0,0.0,74963.78,1776628495000
1776628496.739,296.739,0.01,0.01,0.99,0.99,0.0,0.0,74963.78,1776628495000
1776628497.214,297.214,0.01,0.01,0.99,0.99,0.0,0.0,74963.78,1776628495000
1776628497.591,297.591,0.01,0.01,0.99,0.99,0.0,0.0,74962.34,1776628496000
1776628498.4,298.4,0.01,0.01,0.99,0.99,0.0,0.0,74962.34,1776628496000
1776628499.075,299.075,0.01,0.01,0.99,0.99,0.0,0.0,74962.34,1776628498000
1776628499.773,299.773,0.01,0.01,0.99,0.99,0.0,0.0,74962.34,1776628498000
1776628500.395,300.395,0.01,0.01,0.99,0.99,0.0,0.0,74962.34,1776628499000
1776628500.889,300.889,0.01,0.01,0.99,0.99,0.0,0.0,74958.28,1776628500000
1776628502.186,302.186,0.01,0.01,0.99,0.99,0.0,0.0,74956.4,1776628501000
1776628502.941,302.941,0.01,0.01,0.99,0.99,0.0,0.0,74956.38,1776628502000

# RESULT,winner=Down,slug=btc-updown-5m-1776628200,ticks=670
