timestamp,elapsed_sec,up_bid,up_ask,down_bid,down_ask,up_spread,down_spread,btc_price,btc_oracle_ts
1777256100.514,0.514,0.5,0.51,0.49,0.5,0.01,0.01,79196.75,1777256099000
1777256100.847,0.847,0.5,0.51,0.49,0.5,0.01,0.01,79196.75,1777256099000
1777256101.19,1.19,0.5,0.51,0.49,0.5,0.01,0.01,79196.75,1777256099000
1777256101.706,1.706,0.5,0.51,0.49,0.5,0.01,0.01,79196.75,1777256099000
1777256102.104,2.104,0.5,0.51,0.49,0.5,0.01,0.01,79196.42,1777256100000
1777256102.471,2.471,0.5,0.51,0.49,0.5,0.01,0.01,79193.26,1777256101000
1777256102.844,2.844,0.49,0.51,0.49,0.5,0.02,0.01,79193.26,1777256101000
1777256103.187,3.187,0.47,0.48,0.52,0.53,0.01,0.01,79190.41,1777256102000
1777256103.523,3.523,0.46,0.48,0.52,0.53,0.02,0.01,79190.41,1777256102000
1777256103.861,3.861,0.49,0.5,0.5,0.51,0.01,0.01,79190.41,1777256102000
1777256104.307,4.307,0.48,0.49,0.51,0.52,0.01,0.01,79189.84,1777256103000
1777256104.661,4.661,0.47,0.48,0.52,0.53,0.01,0.01,79189.84,1777256103000
1777256105.038,5.038,0.47,0.48,0.52,0.53,0.01,0.01,79189.84,1777256103000
1777256105.378,5.378,0.47,0.48,0.52,0.53,0.01,0.01,79189.77,1777256104000
1777256105.877,5.877,0.46,0.47,0.52,0.54,0.01,0.02,79189.77,1777256104000
1777256106.225,6.225,0.46,0.47,0.53,0.54,0.01,0.01,79189.77,1777256104000
1777256106.607,6.607,0.46,0.47,0.53,0.54,0.01,0.01,79186.31,1777256105000
1777256107.013,7.013,0.46,0.47,0.52,0.54,0.01,0.02,79186.31,1777256105000
1777256107.575,7.575,0.47,0.48,0.51,0.54,0.01,0.03,79186.11,1777256106000
1777256108.142,8.142,0.47,0.48,0.52,0.53,0.01,0.01,79186.11,1777256106000
1777256108.482,8.482,0.47,0.48,0.52,0.53,0.01,0.01,79187.48,1777256107000
1777256108.834,8.834,0.47,0.48,0.52,0.53,0.01,0.01,79187.48,1777256108000
1777256109.185,9.185,0.46,0.48,0.52,0.53,0.02,0.01,79187.48,1777256108000
1777256109.541,9.541,0.44,0.48,0.52,0.55,0.04,0.03,79187.48,1777256108000
1777256110.084,10.084,0.45,0.47,0.53,0.55,0.02,0.02,79186.13,1777256109000
1777256110.818,10.818,0.43,0.44,0.55,0.56,0.01,0.01,79186.13,1777256109000
1777256111.187,11.187,0.43,0.44,0.56,0.57,0.01,0.01,79186.13,1777256109000
1777256111.95,11.95,0.43,0.44,0.56,0.57,0.01,0.01,79184.34,1777256110000
1777256112.374,12.374,0.43,0.44,0.56,0.57,0.01,0.01,79184.34,1777256110000
1777256112.771,12.771,0.44,0.45,0.56,0.57,0.01,0.01,79183.03,1777256111000
1777256113.296,13.296,0.45,0.46,0.54,0.56,0.01,0.02,79182.87,1777256112000
1777256113.937,13.937,0.45,0.46,0.54,0.55,0.01,0.01,79182.87,1777256112000
1777256114.289,14.289,0.47,0.48,0.52,0.53,0.01,0.01,79183.51,1777256113000
1777256114.772,14.772,0.47,0.48,0.52,0.53,0.01,0.01,79183.51,1777256113000
1777256115.475,15.475,0.47,0.48,0.52,0.53,0.01,0.01,79186.25,1777256114000
1777256115.84,15.84,0.47,0.48,0.52,0.53,0.01,0.01,79186.25,1777256114000
1777256116.814,16.814,0.47,0.48,0.52,0.53,0.01,0.01,79187.18,1777256115000
1777256117.304,17.304,0.49,0.5,0.49,0.51,0.01,0.02,79189.32,1777256116000
1777256118.026,18.026,0.49,0.5,0.5,0.51,0.01,0.01,79189.32,1777256116000
1777256118.372,18.372,0.54,0.55,0.45,0.46,0.01,0.01,79190.15,1777256117000
1777256118.835,18.835,0.54,0.55,0.45,0.46,0.01,0.01,79190.15,1777256117000
1777256119.174,19.174,0.59,0.6,0.42,0.46,0.01,0.04,79190.15,1777256117000
1777256119.563,19.563,0.59,0.6,0.4,0.41,0.01,0.01,79193.81,1777256118000
1777256119.977,19.977,0.59,0.6,0.4,0.41,0.01,0.01,79194.09,1777256119000
1777256120.326,20.326,0.59,0.6,0.4,0.41,0.01,0.01,79194.09,1777256119000
1777256120.808,20.808,0.59,0.6,0.4,0.41,0.01,0.01,79194.09,1777256119000
1777256121.162,21.162,0.59,0.6,0.4,0.41,0.01,0.01,79194.09,1777256119000
1777256121.495,21.495,0.59,0.6,0.4,0.41,0.01,0.01,79206.26,1777256120000
1777256121.831,21.831,0.57,0.58,0.4,0.43,0.01,0.03,79206.26,1777256120000
1777256122.201,22.201,0.58,0.59,0.41,0.43,0.01,0.02,79206.26,1777256120000
1777256122.629,22.629,0.58,0.59,0.41,0.42,0.01,0.01,79206.38,1777256121000
1777256123.142,23.142,0.58,0.59,0.41,0.42,0.01,0.01,79206.38,1777256121000
1777256123.53,23.53,0.58,0.59,0.41,0.42,0.01,0.01,79206.57,1777256122000
1777256123.971,23.971,0.58,0.59,0.41,0.42,0.01,0.01,79206.57,1777256122000
1777256124.444,24.444,0.58,0.59,0.41,0.42,0.01,0.01,79207.14,1777256123000
1777256124.916,24.916,0.57,0.58,0.42,0.43,0.01,0.01,79207.14,1777256123000
1777256125.269,25.269,0.57,0.59,0.41,0.43,0.02,0.02,79208.62,1777256124000
1777256125.689,25.689,0.55,0.56,0.42,0.45,0.01,0.03,79208.62,1777256124000
1777256126.044,26.044,0.55,0.56,0.44,0.45,0.01,0.01,79208.62,1777256124000
1777256126.399,26.399,0.55,0.56,0.44,0.45,0.01,0.01,79207.28,1777256125000
1777256127.095,27.095,0.55,0.56,0.44,0.45,0.01,0.01,79207.28,1777256125000
1777256127.468,27.468,0.59,0.6,0.42,0.44,0.01,0.02,79207.24,1777256126000
1777256127.995,27.995,0.59,0.6,0.4,0.41,0.01,0.01,79207.24,1777256126000
1777256128.347,28.347,0.59,0.6,0.4,0.41,0.01,0.01,79206.1,1777256127000
1777256128.715,28.715,0.57,0.58,0.42,0.43,0.01,0.01,79206.1,1777256127000
1777256129.254,29.254,0.57,0.58,0.42,0.43,0.01,0.01,79206.1,1777256127000
1777256129.743,29.743,0.53,0.54,0.45,0.47,0.01,0.02,79207.12,1777256128000
1777256130.078,30.078,0.53,0.54,0.46,0.47,0.01,0.01,79207.12,1777256128000
1777256130.599,30.599,0.53,0.54,0.46,0.47,0.01,0.01,79207.6,1777256129000
1777256131.244,31.244,0.53,0.54,0.46,0.47,0.01,0.01,79207.6,1777256129000
1777256131.946,31.946,0.53,0.54,0.46,0.47,0.01,0.01,79207.78,1777256130000
1777256132.37,32.37,0.53,0.54,0.46,0.47,0.01,0.01,79205.16,1777256131000
1777256132.733,32.733,0.53,0.54,0.46,0.47,0.01,0.01,79205.16,1777256131000
1777256133.249,33.249,0.53,0.54,0.46,0.47,0.01,0.01,79203.65,1777256132000
1777256133.979,33.979,0.53,0.54,0.46,0.47,0.01,0.01,79203.65,1777256132000
1777256134.394,34.394,0.53,0.54,0.46,0.49,0.01,0.03,79203.2,1777256133000
1777256134.984,34.984,0.51,0.53,0.46,0.47,0.02,0.01,79203.2,1777256133000
1777256135.369,35.369,0.51,0.52,0.48,0.49,0.01,0.01,79203.31,1777256134000
1777256136.106,36.106,0.5,0.51,0.48,0.5,0.01,0.02,79203.31,1777256134000
1777256136.463,36.463,0.5,0.51,0.49,0.5,0.01,0.01,79204.5,1777256135000
1777256137.297,37.297,0.5,0.51,0.49,0.5,0.01,0.01,79202.26,1777256136000
1777256137.713,37.713,0.5,0.51,0.49,0.5,0.01,0.01,79202.26,1777256136000
1777256138.271,38.271,0.5,0.51,0.49,0.5,0.01,0.01,79202.26,1777256136000
1777256138.618,38.618,0.5,0.51,0.49,0.5,0.01,0.01,79203.89,1777256137000
1777256139.191,39.191,0.5,0.51,0.49,0.5,0.01,0.01,79203.88,1777256138000
1777256139.643,39.643,0.5,0.51,0.49,0.5,0.01,0.01,79203.88,1777256138000
1777256140.022,40.022,0.5,0.51,0.49,0.5,0.01,0.01,79203.89,1777256139000
1777256140.363,40.363,0.5,0.51,0.49,0.5,0.01,0.01,79203.89,1777256139000
1777256140.812,40.812,0.48,0.49,0.51,0.52,0.01,0.01,79203.89,1777256139000
1777256141.212,41.212,0.47,0.49,0.51,0.53,0.02,0.02,79203.89,1777256140000
1777256141.552,41.552,0.48,0.49,0.51,0.53,0.01,0.02,79203.89,1777256140000
1777256142.02,42.02,0.4,0.41,0.58,0.6,0.01,0.02,79203.89,1777256140000
1777256142.459,42.459,0.43,0.44,0.56,0.57,0.01,0.01,79201.52,1777256141000
1777256142.8,42.8,0.44,0.51,0.55,0.56,0.07,0.01,79201.52,1777256141000
1777256143.262,43.262,0.46,0.47,0.53,0.54,0.01,0.01,79193.81,1777256142000
1777256143.612,43.612,0.52,0.53,0.47,0.48,0.01,0.01,79193.81,1777256142000
1777256144.103,44.103,0.52,0.53,0.47,0.48,0.01,0.01,79193.81,1777256142000
1777256144.958,44.958,0.52,0.53,0.47,0.48,0.01,0.01,79197.89,1777256144000
1777256145.867,45.867,0.52,0.53,0.47,0.48,0.01,0.01,79197.89,1777256144000
1777256146.394,46.394,0.53,0.54,0.46,0.47,0.01,0.01,79197.89,1777256144000
1777256146.801,46.801,0.53,0.54,0.46,0.47,0.01,0.01,79197.89,1777256144000
1777256147.3,47.3,0.53,0.54,0.46,0.47,0.01,0.01,79197.89,1777256144000
1777256147.795,47.795,0.53,0.54,0.46,0.47,0.01,0.01,79197.89,1777256144000
1777256148.972,48.972,0.53,0.54,0.46,0.47,0.01,0.01,79199.94,1777256147000
1777256149.364,49.364,0.53,0.55,0.45,0.47,0.02,0.02,79199.94,1777256147000
1777256149.714,49.714,0.54,0.56,0.45,0.46,0.02,0.01,79199.2,1777256148000
1777256150.209,50.209,0.55,0.56,0.44,0.45,0.01,0.01,79199.5,1777256149000
1777256150.572,50.572,0.55,0.56,0.44,0.45,0.01,0.01,79199.5,1777256149000
1777256151.12,51.12,0.55,0.56,0.44,0.45,0.01,0.01,79199.5,1777256149000
1777256151.753,51.753,0.55,0.56,0.44,0.45,0.01,0.01,79203.31,1777256150000
1777256152.315,52.315,0.55,0.56,0.44,0.45,0.01,0.01,79203.85,1777256151000
1777256152.714,52.714,0.55,0.56,0.44,0.45,0.01,0.01,79203.85,1777256151000
1777256153.147,53.147,0.55,0.58,0.44,0.45,0.03,0.01,79204.77,1777256152000
1777256153.783,53.783,0.56,0.57,0.43,0.44,0.01,0.01,79204.77,1777256152000
1777256154.186,54.186,0.6,0.61,0.39,0.42,0.01,0.03,79204.77,1777256152000
1777256154.564,54.564,0.59,0.6,0.4,0.41,0.01,0.01,79204.66,1777256153000
1777256154.927,54.927,0.59,0.6,0.4,0.41,0.01,0.01,79204.66,1777256153000
1777256155.291,55.291,0.59,0.6,0.4,0.41,0.01,0.01,79204.66,1777256153000
1777256155.688,55.688,0.59,0.6,0.4,0.41,0.01,0.01,79207,1777256154000
1777256156.083,56.083,0.61,0.62,0.39,0.4,0.01,0.01,79207,1777256154000
1777256156.421,56.421,0.62,0.63,0.37,0.38,0.01,0.01,79209.53,1777256155000
1777256156.879,56.879,0.63,0.64,0.36,0.37,0.01,0.01,79209.53,1777256155000
1777256157.313,57.313,0.63,0.64,0.36,0.37,0.01,0.01,79210.48,1777256156000
1777256157.655,57.655,0.65,0.66,0.34,0.35,0.01,0.01,79210.48,1777256156000
1777256158.119,58.119,0.65,0.66,0.34,0.35,0.01,0.01,79210.48,1777256156000
1777256158.475,58.475,0.66,0.67,0.33,0.34,0.01,0.01,79216.89,1777256157000
1777256158.874,58.874,0.66,0.67,0.33,0.34,0.01,0.01,79216.89,1777256157000
1777256159.233,59.233,0.66,0.67,0.33,0.34,0.01,0.01,79220.62,1777256158000
1777256159.574,59.574,0.62,0.66,0.33,0.38,0.04,0.05,79220.62,1777256158000
1777256160.468,60.468,0.62,0.63,0.37,0.38,0.01,0.01,79221.54,1777256159000
1777256160.829,60.829,0.61,0.62,0.38,0.39,0.01,0.01,79221.54,1777256159000
1777256161.163,61.163,0.61,0.62,0.38,0.39,0.01,0.01,79221.12,1777256160000
1777256161.516,61.516,0.6,0.62,0.38,0.39,0.02,0.01,79221.12,1777256160000
1777256161.956,61.956,0.6,0.61,0.39,0.4,0.01,0.01,79221.12,1777256160000
1777256162.459,62.459,0.63,0.64,0.39,0.4,0.01,0.01,79218.82,1777256161000
1777256163.069,63.069,0.66,0.67,0.33,0.36,0.01,0.03,79218.82,1777256161000
1777256163.455,63.455,0.66,0.67,0.33,0.34,0.01,0.01,79218.82,1777256161000
1777256163.866,63.866,0.66,0.67,0.33,0.34,0.01,0.01,79218.25,1777256162000
1777256164.261,64.261,0.67,0.68,0.32,0.33,0.01,0.01,79218.76,1777256163000
1777256164.72,64.72,0.67,0.68,0.32,0.33,0.01,0.01,79218.76,1777256163000
1777256165.173,65.173,0.67,0.68,0.32,0.33,0.01,0.01,79218.76,1777256163000
1777256165.526,65.526,0.67,0.68,0.32,0.33,0.01,0.01,79220.61,1777256164000
1777256165.86,65.86,0.67,0.68,0.32,0.33,0.01,0.01,79220.61,1777256164000
1777256166.224,66.224,0.68,0.69,0.31,0.32,0.01,0.01,79221.09,1777256165000
1777256166.629,66.629,0.68,0.69,0.31,0.32,0.01,0.01,79221.09,1777256165000
1777256167.246,67.246,0.68,0.69,0.31,0.32,0.01,0.01,79222.67,1777256166000
1777256167.672,67.672,0.68,0.69,0.31,0.32,0.01,0.01,79222.67,1777256166000
1777256168.048,68.048,0.68,0.69,0.31,0.32,0.01,0.01,79222.67,1777256166000
1777256168.395,68.395,0.68,0.69,0.31,0.32,0.01,0.01,79222.67,1777256166000
1777256168.777,68.777,0.68,0.69,0.31,0.32,0.01,0.01,79225.14,1777256167000
1777256169.22,69.22,0.69,0.7,0.3,0.31,0.01,0.01,79225.14,1777256167000
1777256169.63,69.63,0.7,0.71,0.29,0.31,0.01,0.02,79223.49,1777256168000
1777256170.437,70.437,0.7,0.71,0.29,0.3,0.01,0.01,79224.9,1777256169000
1777256170.871,70.871,0.7,0.71,0.29,0.3,0.01,0.01,79223.92,1777256170000
1777256171.235,71.235,0.7,0.71,0.29,0.3,0.01,0.01,79223.92,1777256170000
1777256171.583,71.583,0.7,0.71,0.29,0.3,0.01,0.01,79223.92,1777256170000
1777256171.938,71.938,0.7,0.71,0.29,0.3,0.01,0.01,79229.84,1777256171000
1777256172.304,72.304,0.7,0.71,0.29,0.3,0.01,0.01,79229.84,1777256171000
1777256172.814,72.814,0.7,0.71,0.29,0.3,0.01,0.01,79229.84,1777256171000
1777256173.216,73.216,0.7,0.71,0.29,0.3,0.01,0.01,79229.87,1777256172000
1777256173.917,73.917,0.7,0.71,0.29,0.3,0.01,0.01,79229.87,1777256172000
1777256174.303,74.303,0.7,0.71,0.29,0.3,0.01,0.01,79233.47,1777256173000
1777256174.789,74.789,0.7,0.71,0.29,0.3,0.01,0.01,79233.47,1777256173000
1777256175.161,75.161,0.71,0.72,0.29,0.3,0.01,0.01,79233.47,1777256173000
1777256175.61,75.61,0.71,0.72,0.28,0.29,0.01,0.01,79234.23,1777256174000
1777256175.98,75.98,0.71,0.74,0.28,0.29,0.03,0.01,79234.23,1777256174000
1777256176.378,76.378,0.71,0.72,0.28,0.29,0.01,0.01,79234.23,1777256174000
1777256176.723,76.723,0.71,0.72,0.28,0.29,0.01,0.01,79234.23,1777256174000
1777256177.105,77.105,0.71,0.72,0.28,0.29,0.01,0.01,79235.01,1777256175000
1777256177.593,77.593,0.71,0.72,0.28,0.29,0.01,0.01,79235.77,1777256176000
1777256177.951,77.951,0.71,0.72,0.28,0.29,0.01,0.01,79235.77,1777256176000
1777256178.354,78.354,0.71,0.72,0.28,0.29,0.01,0.01,79236.05,1777256177000
1777256178.742,78.742,0.71,0.72,0.28,0.29,0.01,0.01,79236.05,1777256177000
1777256179.412,79.412,0.71,0.72,0.28,0.29,0.01,0.01,79235.75,1777256178000
1777256179.753,79.753,0.71,0.72,0.28,0.29,0.01,0.01,79235.75,1777256178000
1777256180.132,80.132,0.71,0.72,0.28,0.29,0.01,0.01,79235.75,1777256178000
1777256180.526,80.526,0.71,0.72,0.28,0.29,0.01,0.01,79235.06,1777256179000
1777256181.107,81.107,0.71,0.73,0.28,0.29,0.02,0.01,79235.06,1777256179000
1777256181.441,81.441,0.72,0.73,0.27,0.28,0.01,0.01,79235.06,1777256179000
1777256181.924,81.924,0.72,0.73,0.27,0.28,0.01,0.01,79234.23,1777256180000
1777256182.388,82.388,0.72,0.73,0.27,0.28,0.01,0.01,79235.19,1777256181000
1777256182.767,82.767,0.72,0.73,0.27,0.28,0.01,0.01,79235.19,1777256181000
1777256183.279,83.279,0.72,0.73,0.27,0.28,0.01,0.01,79234.25,1777256182000
1777256183.728,83.728,0.72,0.73,0.27,0.28,0.01,0.01,79234.25,1777256182000
1777256184.067,84.067,0.69,0.71,0.28,0.31,0.02,0.03,79234.25,1777256182000
1777256184.463,84.463,0.69,0.7,0.3,0.31,0.01,0.01,79233.58,1777256183000
1777256184.839,84.839,0.69,0.7,0.3,0.31,0.01,0.01,79233.58,1777256183000
1777256185.973,85.973,0.67,0.68,0.32,0.33,0.01,0.01,79229.88,1777256185000
1777256186.463,86.463,0.67,0.68,0.32,0.33,0.01,0.01,79229.88,1777256185000
1777256186.915,86.915,0.67,0.68,0.32,0.33,0.01,0.01,79229.88,1777256185000
1777256187.647,87.647,0.67,0.68,0.32,0.33,0.01,0.01,79230.56,1777256186000
1777256188.016,88.016,0.67,0.68,0.32,0.33,0.01,0.01,79230.56,1777256186000
1777256188.418,88.418,0.67,0.68,0.32,0.33,0.01,0.01,79229.73,1777256187000
1777256188.824,88.824,0.67,0.68,0.32,0.33,0.01,0.01,79229.73,1777256187000
1777256189.225,89.225,0.67,0.68,0.32,0.33,0.01,0.01,79229.73,1777256187000
1777256189.764,89.764,0.67,0.68,0.32,0.33,0.01,0.01,79231.08,1777256188000
1777256190.307,90.307,0.67,0.68,0.32,0.33,0.01,0.01,79231.08,1777256188000
1777256191.071,91.071,0.67,0.68,0.32,0.33,0.01,0.01,79230.56,1777256189000
1777256191.45,91.45,0.67,0.68,0.32,0.33,0.01,0.01,79230.56,1777256189000
1777256192.025,92.025,0.67,0.68,0.32,0.33,0.01,0.01,79230.56,1777256190000
1777256192.458,92.458,0.67,0.68,0.32,0.33,0.01,0.01,79229.98,1777256191000
1777256193.005,93.005,0.67,0.68,0.32,0.33,0.01,0.01,79229.98,1777256191000
1777256193.433,93.433,0.67,0.68,0.32,0.33,0.01,0.01,79229.98,1777256191000
1777256194.324,94.324,0.67,0.69,0.32,0.33,0.02,0.01,79230.52,1777256192000
1777256194.728,94.728,0.68,0.69,0.31,0.32,0.01,0.01,79228.93,1777256193000
1777256195.072,95.072,0.68,0.69,0.31,0.32,0.01,0.01,79228.56,1777256194000
1777256195.653,95.653,0.68,0.69,0.31,0.32,0.01,0.01,79228.56,1777256194000
1777256196.088,96.088,0.68,0.69,0.31,0.32,0.01,0.01,79228.56,1777256194000
1777256196.434,96.434,0.68,0.69,0.31,0.32,0.01,0.01,79228.59,1777256195000
1777256196.882,96.882,0.69,0.7,0.3,0.31,0.01,0.01,79228.59,1777256195000
1777256197.255,97.255,0.69,0.7,0.3,0.31,0.01,0.01,79227.23,1777256196000
1777256197.936,97.936,0.69,0.72,0.3,0.31,0.03,0.01,79227.23,1777256196000
1777256198.348,98.348,0.71,0.72,0.28,0.29,0.01,0.01,79227.23,1777256196000
1777256198.683,98.683,0.71,0.72,0.28,0.29,0.01,0.01,79229.26,1777256197000
1777256199.089,99.089,0.72,0.73,0.28,0.29,0.01,0.01,79229.26,1777256197000
1777256199.449,99.449,0.72,0.73,0.27,0.28,0.01,0.01,79229.36,1777256198000
1777256199.902,99.902,0.72,0.73,0.27,0.28,0.01,0.01,79229.36,1777256198000
1777256200.264,100.264,0.71,0.73,0.27,0.29,0.02,0.02,79229.65,1777256199000
1777256200.745,100.745,0.72,0.73,0.27,0.28,0.01,0.01,79229.65,1777256199000
1777256201.081,101.081,0.73,0.75,0.25,0.27,0.02,0.02,79229.65,1777256199000
1777256201.427,101.427,0.74,0.75,0.25,0.26,0.01,0.01,79229.65,1777256199000
1777256201.796,101.796,0.74,0.75,0.25,0.26,0.01,0.01,79229.68,1777256200000
1777256202.277,102.277,0.76,0.77,0.23,0.24,0.01,0.01,79229.68,1777256200000
1777256202.839,102.839,0.75,0.77,0.23,0.24,0.02,0.01,79231.46,1777256201000
1777256203.195,103.195,0.75,0.76,0.24,0.25,0.01,0.01,79232.1,1777256202000
1777256203.782,103.782,0.74,0.75,0.25,0.26,0.01,0.01,79232.1,1777256202000
1777256204.303,104.303,0.74,0.75,0.25,0.26,0.01,0.01,79232.1,1777256202000
1777256204.715,104.715,0.74,0.75,0.25,0.26,0.01,0.01,79235.06,1777256203000
1777256205.094,105.094,0.74,0.75,0.25,0.26,0.01,0.01,79235.23,1777256204000
1777256205.98,105.98,0.75,0.76,0.24,0.26,0.01,0.02,79235.23,1777256204000
1777256206.572,106.572,0.75,0.76,0.24,0.25,0.01,0.01,79234.99,1777256205000
1777256206.918,106.918,0.74,0.75,0.25,0.26,0.01,0.01,79234.99,1777256205000
1777256207.312,107.312,0.74,0.75,0.25,0.26,0.01,0.01,79235.18,1777256206000
1777256207.895,107.895,0.73,0.74,0.26,0.27,0.01,0.01,79235.18,1777256206000
1777256208.294,108.294,0.73,0.74,0.26,0.27,0.01,0.01,79235.18,1777256206000
1777256208.629,108.629,0.73,0.74,0.26,0.27,0.01,0.01,79235.58,1777256207000
1777256209.115,109.115,0.73,0.74,0.26,0.27,0.01,0.01,79235.58,1777256207000
1777256209.459,109.459,0.73,0.74,0.26,0.27,0.01,0.01,79235.12,1777256208000
1777256209.937,109.937,0.72,0.74,0.26,0.27,0.02,0.01,79235.12,1777256208000
1777256210.402,110.402,0.7,0.72,0.28,0.3,0.02,0.02,79234.82,1777256209000
1777256210.996,110.996,0.7,0.71,0.29,0.3,0.01,0.01,79234.82,1777256210000
1777256211.52,111.52,0.7,0.71,0.29,0.3,0.01,0.01,79234.82,1777256210000
1777256211.879,111.879,0.7,0.71,0.29,0.3,0.01,0.01,79234.82,1777256210000
1777256212.277,112.277,0.7,0.71,0.29,0.3,0.01,0.01,79231.76,1777256211000
1777256212.85,112.85,0.69,0.71,0.29,0.3,0.02,0.01,79231.76,1777256211000
1777256213.312,113.312,0.69,0.71,0.29,0.31,0.02,0.02,79231.77,1777256212000
1777256213.874,113.874,0.69,0.7,0.3,0.31,0.01,0.01,79231.77,1777256212000
1777256214.59,114.59,0.69,0.7,0.3,0.31,0.01,0.01,79229.51,1777256213000
1777256215.175,115.175,0.69,0.7,0.3,0.31,0.01,0.01,79231.95,1777256214000
1777256215.644,115.644,0.69,0.7,0.3,0.31,0.01,0.01,79231.95,1777256214000
1777256216.102,116.102,0.69,0.7,0.3,0.31,0.01,0.01,79231.95,1777256214000
1777256216.67,116.67,0.69,0.7,0.3,0.31,0.01,0.01,79232.19,1777256215000
1777256217.396,117.396,0.7,0.71,0.3,0.31,0.01,0.01,79232.19,1777256215000
1777256217.757,117.757,0.7,0.71,0.29,0.3,0.01,0.01,79232.64,1777256216000
1777256218.15,118.15,0.7,0.71,0.29,0.3,0.01,0.01,79233.93,1777256217000
1777256219.365,119.365,0.7,0.71,0.29,0.3,0.01,0.01,79233.63,1777256218000
1777256219.749,119.749,0.7,0.71,0.29,0.3,0.01,0.01,79233.63,1777256218000
1777256220.127,120.127,0.7,0.71,0.29,0.3,0.01,0.01,79233.63,1777256218000
1777256220.533,120.533,0.7,0.71,0.29,0.3,0.01,0.01,79233.63,1777256218000
1777256220.944,120.944,0.7,0.71,0.29,0.3,0.01,0.01,79232.7,1777256219000
1777256221.34,121.34,0.7,0.71,0.29,0.3,0.01,0.01,79232.65,1777256220000
1777256221.778,121.778,0.72,0.73,0.27,0.28,0.01,0.01,79232.65,1777256220000
1777256222.116,122.116,0.72,0.73,0.27,0.28,0.01,0.01,79231.72,1777256221000
1777256222.49,122.49,0.72,0.73,0.27,0.28,0.01,0.01,79231.72,1777256221000
1777256222.944,122.944,0.73,0.74,0.26,0.27,0.01,0.01,79232.53,1777256222000
1777256223.301,123.301,0.73,0.74,0.26,0.27,0.01,0.01,79232.53,1777256222000
1777256223.9,123.9,0.73,0.74,0.26,0.27,0.01,0.01,79232.53,1777256222000
1777256224.547,124.547,0.73,0.74,0.26,0.27,0.01,0.01,79230.87,1777256223000
1777256225.408,125.408,0.74,0.75,0.25,0.26,0.01,0.01,79230.87,1777256223000
1777256225.823,125.823,0.74,0.75,0.25,0.26,0.01,0.01,79233.99,1777256224000
1777256226.224,126.224,0.74,0.75,0.25,0.26,0.01,0.01,79233.99,1777256224000
1777256226.558,126.558,0.74,0.75,0.25,0.26,0.01,0.01,79234.35,1777256225000
1777256227.377,127.377,0.74,0.75,0.25,0.26,0.01,0.01,79234.12,1777256226000
1777256227.921,127.921,0.74,0.75,0.25,0.26,0.01,0.01,79233.82,1777256227000
1777256228.597,128.597,0.74,0.75,0.25,0.26,0.01,0.01,79233.82,1777256227000
1777256228.946,128.946,0.74,0.75,0.25,0.26,0.01,0.01,79233.82,1777256227000
1777256229.506,129.506,0.74,0.75,0.25,0.26,0.01,0.01,79233.3,1777256228000
1777256229.922,129.922,0.72,0.74,0.26,0.27,0.02,0.01,79233.3,1777256228000
1777256230.263,130.263,0.72,0.73,0.26,0.28,0.01,0.02,79233.16,1777256229000
1777256230.68,130.68,0.72,0.73,0.27,0.28,0.01,0.01,79233.16,1777256229000
1777256231.042,131.042,0.72,0.73,0.27,0.28,0.01,0.01,79233.16,1777256229000
1777256231.702,131.702,0.71,0.72,0.27,0.29,0.01,0.02,79233.14,1777256230000
1777256232.146,132.146,0.71,0.72,0.28,0.29,0.01,0.01,79232.19,1777256231000
1777256232.581,132.581,0.71,0.72,0.28,0.29,0.01,0.01,79232.19,1777256231000
1777256232.96,132.96,0.7,0.71,0.28,0.29,0.01,0.01,79232.19,1777256231000
1777256233.345,133.345,0.7,0.71,0.29,0.3,0.01,0.01,79230.18,1777256232000
1777256233.725,133.725,0.65,0.66,0.34,0.35,0.01,0.01,79230.18,1777256232000
1777256234.059,134.059,0.64,0.65,0.35,0.36,0.01,0.01,79230.18,1777256232000
1777256234.432,134.432,0.64,0.65,0.35,0.36,0.01,0.01,79230.06,1777256233000
1777256234.99,134.99,0.64,0.65,0.35,0.36,0.01,0.01,79230.06,1777256233000
1777256235.337,135.337,0.64,0.65,0.35,0.36,0.01,0.01,79227.07,1777256234000
1777256235.812,135.812,0.64,0.65,0.35,0.36,0.01,0.01,79227.07,1777256234000
1777256236.262,136.262,0.64,0.65,0.35,0.36,0.01,0.01,79227.07,1777256234000
1777256236.677,136.677,0.57,0.59,0.41,0.42,0.02,0.01,79224.64,1777256235000
1777256237.09,137.09,0.55,0.56,0.44,0.45,0.01,0.01,79224.64,1777256235000
1777256237.424,137.424,0.55,0.56,0.44,0.45,0.01,0.01,79222.77,1777256236000
1777256237.764,137.764,0.55,0.56,0.44,0.45,0.01,0.01,79222.77,1777256236000
1777256238.202,138.202,0.55,0.56,0.44,0.45,0.01,0.01,79222.77,1777256236000
1777256238.542,138.542,0.55,0.56,0.44,0.45,0.01,0.01,79215.62,1777256237000
1777256239.0,139.0,0.55,0.56,0.44,0.45,0.01,0.01,79215.62,1777256237000
1777256239.333,139.333,0.52,0.53,0.47,0.48,0.01,0.01,79215.62,1777256237000
1777256239.685,139.685,0.47,0.52,0.46,0.55,0.05,0.09,79214.72,1777256238000
1777256240.127,140.127,0.43,0.44,0.55,0.57,0.01,0.02,79211.1,1777256239000
1777256240.5,140.5,0.43,0.44,0.56,0.57,0.01,0.01,79211.1,1777256239000
1777256240.862,140.862,0.43,0.44,0.56,0.57,0.01,0.01,79211.1,1777256239000
1777256241.215,141.215,0.43,0.44,0.56,0.57,0.01,0.01,79211.1,1777256239000
1777256241.593,141.593,0.48,0.53,0.47,0.52,0.05,0.05,79203.64,1777256240000
1777256242.121,142.121,0.48,0.49,0.51,0.52,0.01,0.01,79196.55,1777256241000
1777256242.554,142.554,0.48,0.49,0.51,0.52,0.01,0.01,79196.55,1777256241000
1777256242.916,142.916,0.48,0.49,0.51,0.52,0.01,0.01,79196.55,1777256241000
1777256243.356,143.356,0.49,0.5,0.49,0.51,0.01,0.02,79196.43,1777256242000
1777256243.717,143.717,0.5,0.52,0.48,0.5,0.02,0.02,79196.43,1777256242000
1777256244.119,144.119,0.51,0.52,0.48,0.49,0.01,0.01,79196.43,1777256242000
1777256244.555,144.555,0.5,0.51,0.49,0.5,0.01,0.01,79196.42,1777256243000
1777256244.984,144.984,0.49,0.5,0.49,0.52,0.01,0.03,79196.42,1777256243000
1777256245.381,145.381,0.49,0.5,0.5,0.51,0.01,0.01,79196.42,1777256243000
1777256246.086,146.086,0.48,0.49,0.51,0.52,0.01,0.01,79195.89,1777256244000
1777256246.455,146.455,0.47,0.48,0.52,0.53,0.01,0.01,79195.89,1777256244000
1777256246.878,146.878,0.47,0.48,0.52,0.53,0.01,0.01,79194.22,1777256245000
1777256247.257,147.257,0.47,0.49,0.51,0.53,0.02,0.02,79194.22,1777256245000
1777256247.601,147.601,0.48,0.49,0.51,0.52,0.01,0.01,79194.32,1777256246000
1777256247.953,147.953,0.49,0.5,0.51,0.52,0.01,0.01,79194.32,1777256246000
1777256248.331,148.331,0.49,0.51,0.5,0.51,0.02,0.01,79194.32,1777256247000
1777256248.754,148.754,0.52,0.53,0.47,0.48,0.01,0.01,79194.32,1777256247000
1777256249.12,149.12,0.53,0.54,0.46,0.48,0.01,0.02,79194.32,1777256247000
1777256249.488,149.488,0.53,0.54,0.46,0.47,0.01,0.01,79197.38,1777256248000
1777256249.98,149.98,0.53,0.54,0.46,0.47,0.01,0.01,79197.38,1777256248000
1777256250.528,150.528,0.53,0.54,0.46,0.47,0.01,0.01,79199.1,1777256249000
1777256250.989,150.989,0.53,0.54,0.46,0.47,0.01,0.01,79199.1,1777256249000
1777256251.496,151.496,0.53,0.55,0.46,0.47,0.02,0.01,79199.9,1777256250000
1777256251.944,151.944,0.54,0.55,0.45,0.46,0.01,0.01,79199.9,1777256250000
1777256252.309,152.309,0.54,0.55,0.45,0.46,0.01,0.01,79199.9,1777256250000
1777256252.957,152.957,0.54,0.55,0.45,0.46,0.01,0.01,79200.16,1777256252000
1777256253.622,153.622,0.54,0.58,0.45,0.46,0.04,0.01,79200.16,1777256252000
1777256253.959,153.959,0.61,0.62,0.38,0.4,0.01,0.02,79200.16,1777256252000
1777256254.293,154.293,0.64,0.65,0.35,0.36,0.01,0.01,79200.26,1777256253000
1777256254.636,154.636,0.66,0.67,0.32,0.33,0.01,0.01,79200.26,1777256253000
1777256255.001,155.001,0.66,0.67,0.33,0.34,0.01,0.01,79200.26,1777256253000
1777256255.409,155.409,0.66,0.67,0.33,0.34,0.01,0.01,79200.26,1777256253000
1777256255.878,155.878,0.66,0.67,0.33,0.34,0.01,0.01,79204.46,1777256254000
1777256256.215,156.215,0.66,0.68,0.33,0.34,0.02,0.01,79204.46,1777256254000
1777256256.569,156.569,0.67,0.68,0.32,0.33,0.01,0.01,79210.84,1777256255000
1777256256.909,156.909,0.67,0.68,0.32,0.33,0.01,0.01,79210.84,1777256255000
1777256257.242,157.242,0.67,0.68,0.32,0.33,0.01,0.01,79210.84,1777256255000
1777256257.597,157.597,0.67,0.68,0.32,0.33,0.01,0.01,79212.18,1777256256000
1777256258.074,158.074,0.67,0.68,0.32,0.33,0.01,0.01,79213.48,1777256257000
1777256258.484,158.484,0.66,0.67,0.33,0.34,0.01,0.01,79213.48,1777256257000
1777256258.83,158.83,0.64,0.65,0.35,0.36,0.01,0.01,79213.48,1777256257000
1777256259.221,159.221,0.64,0.65,0.35,0.36,0.01,0.01,79216.1,1777256258000
1777256259.821,159.821,0.64,0.65,0.35,0.36,0.01,0.01,79216.1,1777256258000
1777256260.202,160.202,0.63,0.65,0.35,0.36,0.02,0.01,79216.1,1777256258000
1777256260.888,160.888,0.6,0.61,0.39,0.4,0.01,0.01,79214.56,1777256259000
1777256261.229,161.229,0.6,0.61,0.39,0.4,0.01,0.01,79214.56,1777256259000
1777256262.103,162.103,0.6,0.61,0.39,0.4,0.01,0.01,79212.42,1777256261000
1777256262.516,162.516,0.6,0.61,0.39,0.4,0.01,0.01,79212.42,1777256261000
1777256262.962,162.962,0.6,0.61,0.39,0.4,0.01,0.01,79212.42,1777256261000
1777256263.531,163.531,0.6,0.61,0.39,0.4,0.01,0.01,79212.87,1777256262000
1777256264.193,164.193,0.6,0.61,0.39,0.4,0.01,0.01,79212.87,1777256262000
1777256264.794,164.794,0.6,0.61,0.39,0.4,0.01,0.01,79212.26,1777256263000
1777256265.304,165.304,0.6,0.61,0.39,0.4,0.01,0.01,79211.5,1777256264000
1777256265.653,165.653,0.6,0.61,0.39,0.4,0.01,0.01,79211.5,1777256264000
1777256266.095,166.095,0.68,0.69,0.3,0.35,0.01,0.05,79211.5,1777256264000
1777256266.475,166.475,0.68,0.69,0.31,0.32,0.01,0.01,79212.37,1777256265000
1777256266.835,166.835,0.69,0.71,0.31,0.32,0.02,0.01,79212.37,1777256265000
1777256267.222,167.222,0.72,0.73,0.27,0.28,0.01,0.01,79212.37,1777256265000
1777256267.654,167.654,0.72,0.73,0.27,0.28,0.01,0.01,79214.56,1777256266000
1777256268.005,168.005,0.72,0.73,0.27,0.28,0.01,0.01,79214.56,1777256266000
1777256268.362,168.362,0.72,0.73,0.27,0.28,0.01,0.01,79215.25,1777256267000
1777256268.821,168.821,0.65,0.66,0.34,0.36,0.01,0.02,79215.25,1777256267000
1777256269.196,169.196,0.65,0.66,0.34,0.35,0.01,0.01,79215.25,1777256267000
1777256269.82,169.82,0.65,0.66,0.34,0.35,0.01,0.01,79219.21,1777256268000
1777256270.234,170.234,0.66,0.67,0.33,0.34,0.01,0.01,79219.21,1777256268000
1777256270.694,170.694,0.66,0.67,0.33,0.34,0.01,0.01,79218.7,1777256269000
1777256271.084,171.084,0.66,0.67,0.33,0.34,0.01,0.01,79218.7,1777256270000
1777256271.742,171.742,0.66,0.7,0.33,0.34,0.04,0.01,79218.7,1777256270000
1777256272.157,172.157,0.74,0.75,0.25,0.26,0.01,0.01,79218.7,1777256270000
1777256272.491,172.491,0.74,0.76,0.24,0.26,0.02,0.02,79218.22,1777256271000
1777256272.89,172.89,0.76,0.77,0.23,0.24,0.01,0.01,79218.22,1777256271000
1777256273.282,173.282,0.76,0.77,0.23,0.24,0.01,0.01,79218.22,1777256271000
1777256273.667,173.667,0.76,0.77,0.23,0.24,0.01,0.01,79218.22,1777256271000
1777256274.089,174.089,0.77,0.78,0.22,0.23,0.01,0.01,79219.58,1777256272000
1777256274.553,174.553,0.77,0.78,0.22,0.23,0.01,0.01,79223.96,1777256273000
1777256274.891,174.891,0.77,0.78,0.22,0.23,0.01,0.01,79225.68,1777256274000
1777256275.308,175.308,0.76,0.78,0.22,0.23,0.02,0.01,79225.68,1777256274000
1777256275.694,175.694,0.76,0.77,0.23,0.24,0.01,0.01,79225.68,1777256274000
1777256276.042,176.042,0.79,0.81,0.19,0.21,0.02,0.02,79225.68,1777256274000
1777256276.383,176.383,0.81,0.82,0.18,0.19,0.01,0.01,79227.77,1777256275000
1777256276.88,176.88,0.82,0.83,0.17,0.18,0.01,0.01,79227.77,1777256275000
1777256277.24,177.24,0.82,0.83,0.17,0.18,0.01,0.01,79229.94,1777256276000
1777256277.598,177.598,0.82,0.83,0.17,0.18,0.01,0.01,79229.94,1777256276000
1777256277.974,177.974,0.83,0.84,0.16,0.17,0.01,0.01,79229.94,1777256276000
1777256278.346,178.346,0.83,0.84,0.16,0.17,0.01,0.01,79229.94,1777256276000
1777256278.685,178.685,0.83,0.84,0.16,0.17,0.01,0.01,79234.55,1777256277000
1777256279.053,179.053,0.83,0.84,0.16,0.17,0.01,0.01,79234.58,1777256278000
1777256279.463,179.463,0.83,0.84,0.16,0.17,0.01,0.01,79234.58,1777256278000
1777256279.834,179.834,0.84,0.85,0.15,0.18,0.01,0.03,79234.58,1777256278000
1777256280.258,180.258,0.82,0.85,0.15,0.18,0.03,0.03,79234.49,1777256279000
1777256280.615,180.615,0.83,0.84,0.16,0.18,0.01,0.02,79234.49,1777256279000
1777256281.265,181.265,0.83,0.84,0.16,0.17,0.01,0.01,79234.49,1777256279000
1777256281.664,181.664,0.83,0.84,0.16,0.17,0.01,0.01,79234.64,1777256280000
1777256282.022,182.022,0.84,0.85,0.15,0.16,0.01,0.01,79234.64,1777256281000
1777256282.361,182.361,0.85,0.86,0.14,0.16,0.01,0.02,79234.64,1777256281000
1777256282.75,182.75,0.86,0.87,0.14,0.15,0.01,0.01,79234.64,1777256281000
1777256283.164,183.164,0.87,0.88,0.12,0.13,0.01,0.01,79235.15,1777256282000
1777256283.543,183.543,0.87,0.88,0.12,0.13,0.01,0.01,79235.15,1777256282000
1777256283.882,183.882,0.87,0.88,0.12,0.13,0.01,0.01,79235.15,1777256282000
1777256284.226,184.226,0.87,0.88,0.12,0.13,0.01,0.01,79239.08,1777256283000
1777256284.634,184.634,0.86,0.87,0.13,0.14,0.01,0.01,79239.08,1777256283000
1777256285.079,185.079,0.86,0.87,0.13,0.14,0.01,0.01,79239.08,1777256283000
1777256285.48,185.48,0.86,0.87,0.13,0.14,0.01,0.01,79242.97,1777256284000
1777256285.913,185.913,0.89,0.9,0.1,0.11,0.01,0.01,79242.97,1777256284000
1777256286.248,186.248,0.89,0.9,0.1,0.11,0.01,0.01,79243.19,1777256285000
1777256286.595,186.595,0.89,0.92,0.08,0.11,0.03,0.03,79243.19,1777256285000
1777256286.98,186.98,0.88,0.89,0.11,0.12,0.01,0.01,79243.19,1777256285000
1777256287.465,187.465,0.87,0.88,0.12,0.13,0.01,0.01,79243.19,1777256285000
1777256287.803,187.803,0.87,0.89,0.11,0.13,0.02,0.02,79246.23,1777256286000
1777256288.304,188.304,0.92,0.94,0.06,0.1,0.02,0.04,79255.14,1777256287000
1777256288.725,188.725,0.93,0.94,0.06,0.07,0.01,0.01,79255.14,1777256287000
1777256289.071,189.071,0.93,0.94,0.06,0.07,0.01,0.01,79255.14,1777256287000
1777256289.411,189.411,0.93,0.94,0.06,0.07,0.01,0.01,79256.19,1777256288000
1777256289.772,189.772,0.93,0.94,0.06,0.07,0.01,0.01,79256.19,1777256288000
1777256290.113,190.113,0.9,0.92,0.09,0.1,0.02,0.01,79256.19,1777256288000
1777256290.501,190.501,0.91,0.92,0.08,0.09,0.01,0.01,79264.65,1777256289000
1777256290.882,190.882,0.92,0.93,0.07,0.08,0.01,0.01,79264.65,1777256289000
1777256291.236,191.236,0.92,0.93,0.07,0.08,0.01,0.01,79264.65,1777256289000
1777256291.577,191.577,0.92,0.93,0.07,0.08,0.01,0.01,79264.65,1777256289000
1777256291.918,191.918,0.92,0.93,0.07,0.08,0.01,0.01,79263.9,1777256290000
1777256292.564,192.564,0.93,0.94,0.06,0.08,0.01,0.02,79265.13,1777256291000
1777256292.933,192.933,0.93,0.94,0.06,0.07,0.01,0.01,79265.13,1777256291000
1777256293.379,193.379,0.93,0.94,0.06,0.07,0.01,0.01,79266.71,1777256292000
1777256293.968,193.968,0.93,0.94,0.06,0.07,0.01,0.01,79266.71,1777256292000
1777256294.304,194.304,0.93,0.94,0.06,0.07,0.01,0.01,79269.45,1777256293000
1777256294.728,194.728,0.93,0.94,0.06,0.07,0.01,0.01,79269.45,1777256293000
1777256295.12,195.12,0.93,0.94,0.06,0.07,0.01,0.01,79269.45,1777256293000
1777256295.811,195.811,0.93,0.94,0.06,0.07,0.01,0.01,79271.9,1777256295000
1777256296.173,196.173,0.92,0.93,0.07,0.08,0.01,0.01,79271.9,1777256295000
1777256296.691,196.691,0.92,0.93,0.07,0.08,0.01,0.01,79271.9,1777256295000
1777256297.035,197.035,0.92,0.93,0.07,0.08,0.01,0.01,79269.21,1777256296000
1777256297.757,197.757,0.91,0.92,0.08,0.09,0.01,0.01,79269.21,1777256296000
1777256298.29,198.29,0.91,0.92,0.08,0.09,0.01,0.01,79268.1,1777256297000
1777256298.672,198.672,0.91,0.92,0.08,0.09,0.01,0.01,79268.1,1777256297000
1777256299.077,199.077,0.91,0.92,0.08,0.09,0.01,0.01,79268.1,1777256297000
1777256299.54,199.54,0.91,0.92,0.08,0.09,0.01,0.01,79266.11,1777256298000
1777256299.952,199.952,0.91,0.92,0.08,0.09,0.01,0.01,79266.11,1777256298000
1777256300.285,200.285,0.91,0.92,0.08,0.09,0.01,0.01,79266.47,1777256299000
1777256300.914,200.914,0.91,0.92,0.08,0.09,0.01,0.01,79266.47,1777256299000
1777256301.315,201.315,0.91,0.92,0.08,0.09,0.01,0.01,79266.47,1777256299000
1777256301.666,201.666,0.91,0.92,0.08,0.09,0.01,0.01,79266.17,1777256300000
1777256302.031,202.031,0.89,0.9,0.1,0.11,0.01,0.01,79266.12,1777256301000
1777256302.385,202.385,0.91,0.92,0.08,0.09,0.01,0.01,79266.12,1777256301000
1777256302.735,202.735,0.91,0.93,0.08,0.09,0.02,0.01,79266.12,1777256301000
1777256303.096,203.096,0.92,0.93,0.07,0.08,0.01,0.01,79266.12,1777256301000
1777256303.46,203.46,0.93,0.94,0.06,0.07,0.01,0.01,79266.12,1777256301000
1777256303.866,203.866,0.94,0.95,0.05,0.06,0.01,0.01,79262.21,1777256302000
1777256304.219,204.219,0.94,0.95,0.05,0.06,0.01,0.01,79262.74,1777256303000
1777256304.598,204.598,0.94,0.95,0.05,0.06,0.01,0.01,79262.74,1777256303000
1777256304.975,204.975,0.94,0.95,0.05,0.06,0.01,0.01,79262.74,1777256303000
1777256305.357,205.357,0.94,0.95,0.05,0.06,0.01,0.01,79262.74,1777256303000
1777256305.722,205.722,0.93,0.95,0.05,0.06,0.02,0.01,79268.43,1777256304000
1777256306.099,206.099,0.93,0.94,0.06,0.07,0.01,0.01,79269.42,1777256305000
1777256306.572,206.572,0.92,0.93,0.07,0.08,0.01,0.01,79269.42,1777256305000
1777256306.935,206.935,0.92,0.93,0.07,0.08,0.01,0.01,79269.42,1777256305000
1777256307.375,207.375,0.92,0.93,0.07,0.08,0.01,0.01,79269.88,1777256306000
1777256307.856,207.856,0.92,0.93,0.07,0.08,0.01,0.01,79269.88,1777256306000
1777256308.238,208.238,0.92,0.93,0.07,0.08,0.01,0.01,79269.88,1777256306000
1777256308.625,208.625,0.91,0.92,0.08,0.09,0.01,0.01,79264.56,1777256307000
1777256308.963,208.963,0.91,0.92,0.08,0.09,0.01,0.01,79264.56,1777256307000
1777256309.306,209.306,0.91,0.92,0.08,0.09,0.01,0.01,79264.72,1777256308000
1777256310.116,210.116,0.88,0.91,0.08,0.09,0.03,0.01,79264.72,1777256308000
1777256310.498,210.498,0.88,0.89,0.11,0.12,0.01,0.01,79264.72,1777256308000
1777256310.896,210.896,0.88,0.89,0.11,0.12,0.01,0.01,79261.2,1777256309000
1777256311.241,211.241,0.88,0.89,0.11,0.12,0.01,0.01,79260.79,1777256310000
1777256311.615,211.615,0.89,0.91,0.1,0.11,0.02,0.01,79260.79,1777256310000
1777256312.094,212.094,0.9,0.91,0.09,0.1,0.01,0.01,79260.79,1777256310000
1777256312.52,212.52,0.92,0.93,0.07,0.08,0.01,0.01,79255.07,1777256311000
1777256312.853,212.853,0.92,0.93,0.07,0.08,0.01,0.01,79255.07,1777256311000
1777256313.466,213.466,0.92,0.93,0.07,0.08,0.01,0.01,79255.33,1777256312000
1777256314.051,214.051,0.92,0.93,0.07,0.08,0.01,0.01,79255.33,1777256312000
1777256314.473,214.473,0.91,0.92,0.07,0.09,0.01,0.02,79256.16,1777256313000
1777256314.843,214.843,0.91,0.92,0.08,0.09,0.01,0.01,79256.16,1777256313000
1777256315.324,215.324,0.89,0.92,0.08,0.09,0.03,0.01,79256.16,1777256313000
1777256315.669,215.669,0.89,0.91,0.09,0.11,0.02,0.02,79256.15,1777256314000
1777256316.076,216.076,0.89,0.91,0.09,0.11,0.02,0.02,79256.01,1777256315000
1777256316.456,216.456,0.89,0.91,0.09,0.11,0.02,0.02,79256.01,1777256315000
1777256316.907,216.907,0.89,0.91,0.09,0.11,0.02,0.02,79256.01,1777256315000
1777256317.306,217.306,0.89,0.9,0.1,0.11,0.01,0.01,79255.22,1777256316000
1777256317.764,217.764,0.89,0.9,0.1,0.11,0.01,0.01,79255.22,1777256316000
1777256318.307,218.307,0.89,0.9,0.1,0.11,0.01,0.01,79253.79,1777256317000
1777256319.287,219.287,0.89,0.9,0.1,0.11,0.01,0.01,79253.79,1777256317000
1777256319.653,219.653,0.9,0.91,0.09,0.1,0.01,0.01,79251.82,1777256318000
1777256320.207,220.207,0.9,0.92,0.08,0.1,0.02,0.02,79251.9,1777256319000
1777256320.555,220.555,0.91,0.92,0.08,0.09,0.01,0.01,79251.9,1777256319000
1777256321.01,221.01,0.91,0.92,0.08,0.09,0.01,0.01,79251.9,1777256319000
1777256321.406,221.406,0.91,0.92,0.08,0.09,0.01,0.01,79251.61,1777256320000
1777256321.8,221.8,0.91,0.92,0.08,0.09,0.01,0.01,79251.61,1777256320000
1777256322.321,222.321,0.91,0.92,0.08,0.09,0.01,0.01,79251.61,1777256321000
1777256323.205,223.205,0.91,0.92,0.08,0.09,0.01,0.01,79252.63,1777256322000
1777256323.853,223.853,0.91,0.92,0.08,0.09,0.01,0.01,79252.63,1777256322000
1777256324.309,224.309,0.91,0.92,0.08,0.09,0.01,0.01,79252.56,1777256323000
1777256324.892,224.892,0.91,0.92,0.08,0.09,0.01,0.01,79252.56,1777256323000
1777256325.357,225.357,0.92,0.94,0.08,0.09,0.02,0.01,79252.56,1777256323000
1777256325.936,225.936,0.93,0.94,0.06,0.08,0.01,0.02,79252.84,1777256324000
1777256326.336,226.336,0.91,0.94,0.06,0.09,0.03,0.03,79253.96,1777256325000
1777256326.922,226.922,0.93,0.94,0.06,0.07,0.01,0.01,79253.92,1777256326000
1777256327.266,227.266,0.89,0.91,0.09,0.13,0.02,0.04,79253.92,1777256326000
1777256327.656,227.656,0.86,0.87,0.13,0.14,0.01,0.01,79253.92,1777256326000
1777256328.038,228.038,0.86,0.87,0.13,0.14,0.01,0.01,79253.98,1777256327000
1777256328.75,228.75,0.87,0.88,0.12,0.14,0.01,0.02,79253.98,1777256327000
1777256329.165,229.165,0.86,0.87,0.13,0.14,0.01,0.01,79253.98,1777256327000
1777256329.527,229.527,0.87,0.88,0.12,0.15,0.01,0.03,79248.27,1777256328000
1777256329.949,229.949,0.89,0.9,0.1,0.12,0.01,0.02,79248.27,1777256328000
1777256330.556,230.556,0.89,0.91,0.1,0.11,0.02,0.01,79245.07,1777256329000
1777256331.017,231.017,0.9,0.91,0.09,0.11,0.01,0.02,79245.07,1777256329000
1777256331.357,231.357,0.9,0.91,0.09,0.1,0.01,0.01,79245.07,1777256330000
1777256331.913,231.913,0.9,0.91,0.09,0.1,0.01,0.01,79245.07,1777256330000
1777256332.485,232.485,0.9,0.91,0.09,0.1,0.01,0.01,79246.76,1777256331000
1777256333.177,233.177,0.9,0.91,0.09,0.1,0.01,0.01,79246.76,1777256331000
1777256333.539,233.539,0.89,0.91,0.09,0.1,0.02,0.01,79246.77,1777256332000
1777256333.9,233.9,0.89,0.9,0.1,0.11,0.01,0.01,79245.87,1777256333000
1777256334.594,234.594,0.89,0.9,0.1,0.11,0.01,0.01,79245.87,1777256333000
1777256334.97,234.97,0.9,0.91,0.1,0.11,0.01,0.01,79245.87,1777256333000
1777256335.933,235.933,0.9,0.91,0.09,0.1,0.01,0.01,79246.29,1777256334000
1777256336.327,236.327,0.89,0.91,0.09,0.1,0.02,0.01,79246.29,1777256334000
1777256337.228,237.228,0.89,0.9,0.1,0.11,0.01,0.01,79246.29,1777256336000
1777256337.711,237.711,0.89,0.9,0.1,0.11,0.01,0.01,79246.29,1777256336000
1777256338.113,238.113,0.89,0.9,0.1,0.11,0.01,0.01,79246.29,1777256336000
1777256338.781,238.781,0.89,0.9,0.1,0.11,0.01,0.01,79244.63,1777256337000
1777256339.236,239.236,0.89,0.9,0.1,0.11,0.01,0.01,79244.63,1777256337000
1777256339.65,239.65,0.89,0.9,0.1,0.11,0.01,0.01,79243.16,1777256338000
1777256340.031,240.031,0.87,0.88,0.12,0.13,0.01,0.01,79243.16,1777256338000
1777256340.419,240.419,0.87,0.88,0.12,0.13,0.01,0.01,79243.01,1777256339000
1777256340.775,240.775,0.81,0.82,0.18,0.19,0.01,0.01,79243.01,1777256339000
1777256341.117,241.117,0.8,0.81,0.19,0.2,0.01,0.01,79241.38,1777256340000
1777256341.473,241.473,0.79,0.81,0.2,0.21,0.02,0.01,79241.38,1777256340000
1777256341.85,241.85,0.8,0.82,0.19,0.2,0.02,0.01,79241.38,1777256340000
1777256342.187,242.187,0.81,0.82,0.18,0.2,0.01,0.02,79241.38,1777256340000
1777256342.548,242.548,0.84,0.85,0.14,0.18,0.01,0.04,79240.63,1777256341000
1777256342.908,242.908,0.84,0.85,0.15,0.16,0.01,0.01,79240.63,1777256341000
1777256343.435,243.435,0.84,0.85,0.15,0.16,0.01,0.01,79232.36,1777256342000
1777256343.888,243.888,0.84,0.85,0.15,0.16,0.01,0.01,79232.36,1777256342000
1777256344.233,244.233,0.82,0.83,0.17,0.18,0.01,0.01,79232.12,1777256343000
1777256344.567,244.567,0.74,0.78,0.22,0.23,0.04,0.01,79232.12,1777256343000
1777256344.907,244.907,0.69,0.7,0.3,0.31,0.01,0.01,79232.12,1777256343000
1777256345.266,245.266,0.69,0.7,0.3,0.31,0.01,0.01,79228.68,1777256344000
1777256345.599,245.599,0.68,0.69,0.3,0.32,0.01,0.02,79228.68,1777256344000
1777256345.943,245.943,0.67,0.68,0.31,0.33,0.01,0.02,79228.68,1777256344000
1777256346.305,246.305,0.6,0.62,0.37,0.39,0.02,0.02,79228.68,1777256344000
1777256346.67,246.67,0.58,0.59,0.4,0.42,0.01,0.02,79221.42,1777256345000
1777256347.004,247.004,0.57,0.58,0.42,0.43,0.01,0.01,79221.42,1777256345000
1777256347.353,247.353,0.55,0.56,0.43,0.45,0.01,0.02,79221.42,1777256345000
1777256347.701,247.701,0.54,0.55,0.45,0.46,0.01,0.01,79218.79,1777256346000
1777256348.081,248.081,0.5,0.51,0.49,0.5,0.01,0.01,79218.79,1777256346000
1777256348.426,248.426,0.5,0.51,0.49,0.5,0.01,0.01,79218.79,1777256346000
1777256348.793,248.793,0.52,0.53,0.48,0.49,0.01,0.01,79212.77,1777256347000
1777256349.154,249.154,0.5,0.53,0.47,0.48,0.03,0.01,79212.77,1777256347000
1777256349.536,249.536,0.52,0.53,0.47,0.48,0.01,0.01,79208.6,1777256348000
1777256349.972,249.972,0.52,0.53,0.47,0.48,0.01,0.01,79208.6,1777256348000
1777256350.349,250.349,0.5,0.51,0.48,0.5,0.01,0.02,79208.6,1777256348000
1777256350.706,250.706,0.51,0.52,0.48,0.5,0.01,0.02,79208.6,1777256348000
1777256351.102,251.102,0.55,0.59,0.42,0.46,0.04,0.04,79208.6,1777256348000
1777256351.455,251.455,0.65,0.66,0.35,0.38,0.01,0.03,79203.77,1777256350000
1777256351.94,251.94,0.66,0.67,0.33,0.34,0.01,0.01,79203.77,1777256350000
1777256352.37,252.37,0.69,0.7,0.3,0.31,0.01,0.01,79203.77,1777256350000
1777256352.747,252.747,0.74,0.75,0.25,0.26,0.01,0.01,79202.47,1777256351000
1777256353.085,253.085,0.74,0.75,0.25,0.26,0.01,0.01,79202.47,1777256351000
1777256353.454,253.454,0.74,0.75,0.25,0.26,0.01,0.01,79207.29,1777256352000
1777256353.837,253.837,0.74,0.75,0.25,0.26,0.01,0.01,79207.29,1777256352000
1777256354.195,254.195,0.74,0.75,0.25,0.26,0.01,0.01,79207.29,1777256352000
1777256354.608,254.608,0.78,0.79,0.21,0.22,0.01,0.01,79212.52,1777256353000
1777256354.942,254.942,0.78,0.79,0.21,0.22,0.01,0.01,79212.52,1777256353000
1777256355.375,255.375,0.78,0.79,0.21,0.22,0.01,0.01,79212.52,1777256353000
1777256355.732,255.732,0.78,0.79,0.21,0.22,0.01,0.01,79214.04,1777256354000
1777256356.142,256.142,0.78,0.79,0.21,0.22,0.01,0.01,79214.04,1777256354000
1777256356.625,256.625,0.77,0.78,0.22,0.23,0.01,0.01,79215.69,1777256355000
1777256357.019,257.019,0.77,0.78,0.22,0.23,0.01,0.01,79215.69,1777256355000
1777256357.363,257.363,0.76,0.77,0.23,0.24,0.01,0.01,79215.69,1777256355000
1777256357.862,257.862,0.76,0.77,0.23,0.24,0.01,0.01,79216.06,1777256356000
1777256358.244,258.244,0.75,0.76,0.24,0.25,0.01,0.01,79216.06,1777256356000
1777256358.584,258.584,0.75,0.76,0.24,0.25,0.01,0.01,79216.03,1777256357000
1777256358.998,258.998,0.73,0.74,0.26,0.27,0.01,0.01,79216.03,1777256357000
1777256359.352,259.352,0.74,0.75,0.25,0.26,0.01,0.01,79215.95,1777256358000
1777256359.986,259.986,0.72,0.73,0.25,0.28,0.01,0.03,79215.95,1777256358000
1777256360.362,260.362,0.71,0.72,0.28,0.29,0.01,0.01,79215.95,1777256358000
1777256360.823,260.823,0.71,0.72,0.28,0.29,0.01,0.01,79215.21,1777256359000
1777256361.237,261.237,0.63,0.68,0.29,0.3,0.05,0.01,79214.83,1777256360000
1777256361.57,261.57,0.53,0.54,0.46,0.47,0.01,0.01,79214.83,1777256360000
1777256362.013,262.013,0.53,0.54,0.46,0.47,0.01,0.01,79214.83,1777256360000
1777256362.39,262.39,0.55,0.58,0.44,0.45,0.03,0.01,79213.24,1777256361000
1777256362.798,262.798,0.56,0.57,0.43,0.44,0.01,0.01,79213.24,1777256361000
1777256363.255,263.255,0.57,0.58,0.42,0.43,0.01,0.01,79213.24,1777256361000
1777256363.621,263.621,0.57,0.58,0.42,0.43,0.01,0.01,79213.24,1777256361000
1777256364.091,264.091,0.56,0.57,0.43,0.44,0.01,0.01,79208.85,1777256362000
1777256364.478,264.478,0.57,0.58,0.42,0.43,0.01,0.01,79207.02,1777256363000
1777256364.905,264.905,0.58,0.6,0.39,0.43,0.02,0.04,79207.02,1777256363000
1777256365.239,265.239,0.59,0.61,0.39,0.41,0.02,0.02,79207.02,1777256363000
1777256365.602,265.602,0.58,0.6,0.4,0.43,0.02,0.03,79207.02,1777256363000
1777256366.013,266.013,0.59,0.61,0.4,0.41,0.02,0.01,79207.02,1777256364000
1777256366.474,266.474,0.59,0.6,0.4,0.41,0.01,0.01,79207.02,1777256364000
1777256366.818,266.818,0.71,0.75,0.25,0.3,0.04,0.05,79206.85,1777256365000
1777256367.187,267.187,0.74,0.75,0.25,0.26,0.01,0.01,79206.18,1777256366000
1777256367.521,267.521,0.75,0.77,0.25,0.26,0.02,0.01,79206.18,1777256366000
1777256367.857,267.857,0.77,0.78,0.22,0.23,0.01,0.01,79206.18,1777256366000
1777256368.202,268.202,0.8,0.81,0.17,0.22,0.01,0.05,79207.67,1777256367000
1777256368.612,268.612,0.76,0.77,0.22,0.24,0.01,0.02,79207.67,1777256367000
1777256368.961,268.961,0.76,0.77,0.23,0.24,0.01,0.01,79207.67,1777256367000
1777256369.338,269.338,0.67,0.68,0.33,0.34,0.01,0.01,79214.68,1777256368000
1777256369.676,269.676,0.66,0.68,0.33,0.34,0.02,0.01,79214.68,1777256368000
1777256370.055,270.055,0.67,0.69,0.31,0.32,0.02,0.01,79214.68,1777256368000
1777256370.421,270.421,0.67,0.68,0.32,0.34,0.01,0.02,79216.4,1777256369000
1777256370.985,270.985,0.62,0.63,0.32,0.33,0.01,0.01,79216.4,1777256369000
1777256371.437,271.437,0.64,0.65,0.34,0.36,0.01,0.02,79212.46,1777256370000
1777256372.061,272.061,0.7,0.71,0.3,0.31,0.01,0.01,79212.46,1777256370000
1777256372.47,272.47,0.71,0.72,0.28,0.29,0.01,0.01,79212.09,1777256371000
1777256373.04,273.04,0.71,0.72,0.28,0.29,0.01,0.01,79212.09,1777256371000
1777256373.425,273.425,0.71,0.72,0.28,0.29,0.01,0.01,79210.79,1777256372000
1777256373.775,273.775,0.71,0.72,0.28,0.29,0.01,0.01,79210.79,1777256372000
1777256374.148,274.148,0.71,0.72,0.28,0.29,0.01,0.01,79210.79,1777256372000
1777256374.579,274.579,0.66,0.67,0.3,0.31,0.01,0.01,79210.45,1777256373000
1777256374.926,274.926,0.55,0.57,0.36,0.45,0.02,0.09,79210.45,1777256373000
1777256375.288,275.288,0.51,0.52,0.48,0.49,0.01,0.01,79210.45,1777256373000
1777256375.776,275.776,0.51,0.52,0.48,0.49,0.01,0.01,79211.87,1777256374000
1777256376.112,276.112,0.52,0.53,0.47,0.48,0.01,0.01,79211.87,1777256374000
1777256376.471,276.471,0.52,0.54,0.47,0.49,0.02,0.02,79209.39,1777256375000
1777256376.808,276.808,0.5,0.54,0.46,0.47,0.04,0.01,79209.39,1777256375000
1777256377.158,277.158,0.47,0.48,0.51,0.53,0.01,0.02,79206.87,1777256376000
1777256377.522,277.522,0.47,0.48,0.52,0.53,0.01,0.01,79206.87,1777256376000
1777256377.901,277.901,0.45,0.47,0.53,0.55,0.02,0.02,79205.84,1777256377000
1777256378.247,278.247,0.47,0.49,0.51,0.55,0.02,0.04,79205.84,1777256377000
1777256378.676,278.676,0.47,0.48,0.52,0.53,0.01,0.01,79205.84,1777256377000
1777256379.017,279.017,0.48,0.49,0.51,0.52,0.01,0.01,79201.16,1777256378000
1777256379.424,279.424,0.49,0.5,0.5,0.51,0.01,0.01,79201.16,1777256378000
1777256380.146,280.146,0.47,0.48,0.52,0.53,0.01,0.01,79201.16,1777256378000
1777256380.528,280.528,0.49,0.5,0.5,0.51,0.01,0.01,79198.58,1777256379000
1777256380.897,280.897,0.5,0.51,0.49,0.5,0.01,0.01,79198.58,1777256379000
1777256381.271,281.271,0.46,0.47,0.52,0.54,0.01,0.02,79198.62,1777256380000
1777256381.661,281.661,0.46,0.47,0.53,0.54,0.01,0.01,79198.62,1777256380000
1777256382.195,282.195,0.46,0.47,0.53,0.54,0.01,0.01,79198.62,1777256380000
1777256382.957,282.957,0.48,0.49,0.51,0.52,0.01,0.01,79200.79,1777256381000
1777256383.455,283.455,0.48,0.49,0.51,0.52,0.01,0.01,79198.16,1777256382000
1777256383.95,283.95,0.48,0.49,0.51,0.52,0.01,0.01,79198.16,1777256383000
1777256384.449,284.449,0.48,0.49,0.51,0.52,0.01,0.01,79198.16,1777256383000
1777256384.824,284.824,0.48,0.49,0.51,0.52,0.01,0.01,79198.16,1777256383000
1777256385.17,285.17,0.64,0.65,0.35,0.36,0.01,0.01,79198.13,1777256384000
1777256385.504,285.504,0.63,0.65,0.35,0.36,0.02,0.01,79198.13,1777256384000
1777256385.86,285.86,0.57,0.58,0.42,0.49,0.01,0.07,79198.13,1777256384000
1777256386.214,286.214,0.56,0.57,0.43,0.44,0.01,0.01,79198.13,1777256384000
1777256386.554,286.554,0.46,0.47,0.52,0.54,0.01,0.02,79199.79,1777256385000
1777256387.086,287.086,0.43,0.44,0.54,0.57,0.01,0.03,79199.79,1777256385000
1777256387.58,287.58,0.43,0.44,0.56,0.57,0.01,0.01,79199.79,1777256385000
1777256387.923,287.923,0.41,0.42,0.57,0.59,0.01,0.02,79203.84,1777256386000
1777256388.274,288.274,0.42,0.43,0.57,0.59,0.01,0.02,79201.49,1777256387000
1777256388.648,288.648,0.4,0.44,0.56,0.57,0.04,0.01,79201.49,1777256387000
1777256389.053,289.053,0.4,0.42,0.59,0.6,0.02,0.01,79201.49,1777256387000
1777256389.414,289.414,0.44,0.45,0.55,0.58,0.01,0.03,79201.49,1777256388000
1777256389.757,289.757,0.4,0.41,0.59,0.6,0.01,0.01,79201.49,1777256388000
1777256390.211,290.211,0.25,0.26,0.73,0.77,0.01,0.04,79201.49,1777256388000
1777256390.555,290.555,0.33,0.45,0.65,0.67,0.12,0.02,79197.4,1777256389000
1777256390.896,290.896,0.34,0.37,0.62,0.65,0.03,0.03,79197.4,1777256389000
1777256391.332,291.332,0.35,0.39,0.64,0.66,0.04,0.02,79197.75,1777256390000
1777256391.666,291.666,0.42,0.43,0.57,0.58,0.01,0.01,79197.75,1777256390000
1777256392.009,292.009,0.99,0.43,0.57,0.01,-0.56,-0.56,79196.43,1777256391000
1777256392.362,292.362,0.99,0.43,0.57,0.01,-0.56,-0.56,79196.43,1777256391000
1777256392.702,292.702,0.99,0.43,0.57,0.01,-0.56,-0.56,79196.43,1777256391000
1777256393.065,293.065,0.99,0.43,0.57,0.01,-0.56,-0.56,79195.67,1777256392000
1777256393.448,293.448,0.91,0.95,0.01,0.1,0.04,0.09,79195.67,1777256392000
1777256393.793,293.793,0.92,0.93,0.07,0.08,0.01,0.01,79195.67,1777256392000
1777256394.132,294.132,0.92,0.93,0.07,0.08,0.01,0.01,79195.67,1777256392000
1777256394.526,294.526,0.9,0.92,0.07,0.09,0.02,0.02,79195.67,1777256392000
1777256394.861,294.861,0.92,0.95,0.05,0.08,0.03,0.03,79201.98,1777256393000
1777256395.233,295.233,0.94,0.95,0.05,0.06,0.01,0.01,79202.87,1777256394000
1777256395.605,295.605,0.88,0.91,0.09,0.1,0.03,0.01,79202.87,1777256394000
1777256395.942,295.942,0.9,0.91,0.09,0.1,0.01,0.01,79202.87,1777256394000
1777256396.295,296.295,0.9,0.91,0.09,0.1,0.01,0.01,79204.34,1777256395000
1777256396.69,296.69,0.9,0.91,0.09,0.1,0.01,0.01,79204.34,1777256395000
1777256397.024,297.024,0.08,0.55,0.45,0.9,0.47,0.45,79204.5,1777256396000
1777256397.374,297.374,0.12,0.14,0.86,0.88,0.02,0.02,79204.5,1777256396000
1777256397.709,297.709,0.1,0.11,0.89,0.9,0.01,0.01,79204.5,1777256396000
1777256398.056,298.056,0.09,0.1,0.9,0.91,0.01,0.01,79204.54,1777256397000
1777256398.39,298.39,0.11,0.13,0.88,0.9,0.02,0.02,79204.54,1777256397000
1777256398.748,298.748,0.13,0.17,0.82,0.88,0.04,0.06,79204.54,1777256397000
1777256399.121,299.121,0.03,0.15,0.84,0.98,0.12,0.14,79195.84,1777256398000
1777256399.465,299.465,0.01,0.11,0.96,0.99,0.1,0.03,79195.84,1777256398000
1777256399.872,299.872,0.01,0.01,0.99,0.99,0.0,0.0,79189.44,1777256399000
1777256400.208,300.208,0.01,0.01,0.99,0.99,0.0,0.0,79189.44,1777256399000
1777256400.767,300.767,0.01,0.01,0.99,0.99,0.0,0.0,79189.44,1777256399000
1777256402.439,302.439,0.01,0.01,0.99,0.99,0.0,0.0,79189.09,1777256401000

# RESULT,winner=Down,slug=btc-updown-5m-1777256100,ticks=686
