timestamp,elapsed_sec,up_bid,up_ask,down_bid,down_ask,up_spread,down_spread,btc_price,btc_oracle_ts
1777239600.54,0.54,0.56,0.6,0.4,0.44,0.04,0.04,78064.51,1777239599000
1777239600.891,0.891,0.5,0.52,0.49,0.5,0.02,0.01,78064.51,1777239599000
1777239601.273,1.273,0.6,0.61,0.39,0.4,0.01,0.01,78064.35,1777239600000
1777239601.611,1.611,0.59,0.6,0.4,0.41,0.01,0.01,78064.35,1777239600000
1777239601.972,1.972,0.55,0.56,0.42,0.45,0.01,0.03,78064.35,1777239600000
1777239602.484,2.484,0.53,0.56,0.44,0.45,0.03,0.01,78060.97,1777239601000
1777239602.91,2.91,0.51,0.52,0.48,0.49,0.01,0.01,78060.97,1777239601000
1777239603.271,3.271,0.51,0.52,0.48,0.49,0.01,0.01,78055.21,1777239602000
1777239603.731,3.731,0.5,0.51,0.48,0.49,0.01,0.01,78055.21,1777239602000
1777239604.166,4.166,0.5,0.51,0.49,0.5,0.01,0.01,78055.21,1777239602000
1777239604.68,4.68,0.5,0.63,0.49,0.5,0.13,0.01,78055.39,1777239603000
1777239605.07,5.07,0.51,0.52,0.48,0.49,0.01,0.01,78055.39,1777239603000
1777239605.468,5.468,0.5,0.51,0.48,0.5,0.01,0.02,78054.9,1777239604000
1777239605.965,5.965,0.5,0.51,0.49,0.5,0.01,0.01,78054.9,1777239604000
1777239606.306,6.306,0.5,0.51,0.49,0.5,0.01,0.01,78054.89,1777239605000
1777239606.64,6.64,0.49,0.51,0.49,0.5,0.02,0.01,78054.89,1777239605000
1777239607.057,7.057,0.49,0.5,0.5,0.51,0.01,0.01,78054.89,1777239605000
1777239607.419,7.419,0.49,0.5,0.5,0.51,0.01,0.01,78054.87,1777239606000
1777239607.792,7.792,0.49,0.5,0.5,0.51,0.01,0.01,78054.87,1777239606000
1777239608.144,8.144,0.49,0.5,0.5,0.51,0.01,0.01,78054.87,1777239606000
1777239608.56,8.56,0.48,0.49,0.5,0.52,0.01,0.02,78050.69,1777239607000
1777239608.953,8.953,0.46,0.47,0.53,0.54,0.01,0.01,78050.64,1777239608000
1777239609.498,9.498,0.43,0.44,0.56,0.57,0.01,0.01,78050.64,1777239608000
1777239609.972,9.972,0.43,0.44,0.56,0.57,0.01,0.01,78050.64,1777239608000
1777239610.322,10.322,0.43,0.44,0.56,0.57,0.01,0.01,78048.66,1777239609000
1777239610.657,10.657,0.43,0.44,0.56,0.57,0.01,0.01,78048.66,1777239609000
1777239610.991,10.991,0.43,0.44,0.56,0.57,0.01,0.01,78048.66,1777239609000
1777239611.479,11.479,0.43,0.44,0.56,0.57,0.01,0.01,78048.5,1777239610000
1777239611.86,11.86,0.42,0.44,0.56,0.58,0.02,0.02,78048.5,1777239610000
1777239612.204,12.204,0.42,0.44,0.56,0.58,0.02,0.02,78047.68,1777239611000
1777239612.542,12.542,0.42,0.43,0.57,0.58,0.01,0.01,78047.68,1777239611000
1777239612.879,12.879,0.42,0.43,0.57,0.58,0.01,0.01,78047.68,1777239611000
1777239613.287,13.287,0.42,0.43,0.57,0.58,0.01,0.01,78047.68,1777239611000
1777239613.74,13.74,0.42,0.43,0.57,0.58,0.01,0.01,78047.07,1777239612000
1777239614.24,14.24,0.42,0.43,0.57,0.58,0.01,0.01,78047.07,1777239612000
1777239614.696,14.696,0.45,0.46,0.5,0.58,0.01,0.08,78046.46,1777239613000
1777239615.145,15.145,0.45,0.46,0.54,0.55,0.01,0.01,78047.4,1777239614000
1777239615.566,15.566,0.45,0.46,0.54,0.55,0.01,0.01,78047.4,1777239614000
1777239616.077,16.077,0.44,0.45,0.54,0.56,0.01,0.02,78047.4,1777239614000
1777239616.42,16.42,0.44,0.45,0.55,0.56,0.01,0.01,78048.5,1777239615000
1777239616.888,16.888,0.43,0.44,0.56,0.57,0.01,0.01,78048.5,1777239615000
1777239617.316,17.316,0.43,0.44,0.56,0.58,0.01,0.02,78046.32,1777239616000
1777239617.888,17.888,0.42,0.43,0.57,0.58,0.01,0.01,78046.32,1777239616000
1777239618.303,18.303,0.42,0.43,0.57,0.58,0.01,0.01,78046.32,1777239616000
1777239618.716,18.716,0.41,0.43,0.57,0.58,0.02,0.01,78046.4,1777239617000
1777239619.429,19.429,0.41,0.42,0.58,0.59,0.01,0.01,78047.05,1777239618000
1777239619.856,19.856,0.41,0.42,0.58,0.59,0.01,0.01,78047.05,1777239618000
1777239620.424,20.424,0.59,0.6,0.4,0.48,0.01,0.08,78047.05,1777239619000
1777239620.825,20.825,0.52,0.53,0.47,0.48,0.01,0.01,78047.05,1777239619000
1777239621.283,21.283,0.52,0.53,0.47,0.48,0.01,0.01,78047.05,1777239620000
1777239621.699,21.699,0.52,0.53,0.47,0.48,0.01,0.01,78047.05,1777239620000
1777239622.107,22.107,0.52,0.53,0.47,0.48,0.01,0.01,78049.54,1777239621000
1777239622.546,22.546,0.52,0.53,0.47,0.48,0.01,0.01,78049.54,1777239621000
1777239622.934,22.934,0.52,0.53,0.47,0.48,0.01,0.01,78049.54,1777239621000
1777239623.347,23.347,0.5,0.51,0.49,0.52,0.01,0.03,78053.47,1777239622000
1777239623.694,23.694,0.5,0.51,0.49,0.5,0.01,0.01,78053.47,1777239622000
1777239624.046,24.046,0.5,0.51,0.49,0.5,0.01,0.01,78053.47,1777239622000
1777239624.394,24.394,0.48,0.49,0.51,0.52,0.01,0.01,78054.01,1777239623000
1777239624.783,24.783,0.48,0.49,0.51,0.52,0.01,0.01,78054.01,1777239623000
1777239625.451,25.451,0.48,0.49,0.51,0.52,0.01,0.01,78053.14,1777239624000
1777239625.892,25.892,0.48,0.49,0.51,0.52,0.01,0.01,78053.14,1777239624000
1777239626.291,26.291,0.48,0.49,0.51,0.52,0.01,0.01,78053.14,1777239624000
1777239627.082,27.082,0.48,0.49,0.51,0.52,0.01,0.01,78051.19,1777239625000
1777239627.924,27.924,0.48,0.49,0.51,0.52,0.01,0.01,78051.2,1777239626000
1777239628.466,28.466,0.48,0.49,0.51,0.52,0.01,0.01,78051.21,1777239627000
1777239628.896,28.896,0.6,0.62,0.34,0.4,0.02,0.06,78051.21,1777239627000
1777239629.245,29.245,0.63,0.64,0.36,0.37,0.01,0.01,78051.25,1777239628000
1777239629.598,29.598,0.63,0.64,0.36,0.37,0.01,0.01,78051.25,1777239628000
1777239629.957,29.957,0.64,0.65,0.35,0.37,0.01,0.02,78051.25,1777239628000
1777239630.399,30.399,0.64,0.65,0.35,0.36,0.01,0.01,78061.43,1777239629000
1777239630.828,30.828,0.62,0.63,0.35,0.39,0.01,0.04,78061.43,1777239629000
1777239631.172,31.172,0.54,0.58,0.42,0.46,0.04,0.04,78063.84,1777239630000
1777239631.54,31.54,0.54,0.55,0.45,0.46,0.01,0.01,78063.84,1777239630000
1777239632.053,32.053,0.54,0.55,0.45,0.46,0.01,0.01,78065.72,1777239631000
1777239632.809,32.809,0.53,0.55,0.45,0.47,0.02,0.02,78065.72,1777239631000
1777239633.272,33.272,0.5,0.55,0.45,0.5,0.05,0.05,78063.73,1777239632000
1777239633.729,33.729,0.49,0.54,0.46,0.48,0.05,0.02,78063.73,1777239632000
1777239634.253,34.253,0.49,0.5,0.46,0.51,0.01,0.05,78063.73,1777239632000
1777239634.9,34.9,0.49,0.5,0.5,0.51,0.01,0.01,78060.39,1777239633000
1777239635.253,35.253,0.49,0.53,0.47,0.53,0.04,0.06,78060.39,1777239633000
1777239635.775,35.775,0.5,0.51,0.49,0.5,0.01,0.01,78057.32,1777239634000
1777239636.158,36.158,0.5,0.51,0.49,0.5,0.01,0.01,78057.32,1777239635000
1777239636.664,36.664,0.5,0.51,0.49,0.5,0.01,0.01,78057.32,1777239635000
1777239637.039,37.039,0.5,0.51,0.49,0.5,0.01,0.01,78057.32,1777239635000
1777239637.71,37.71,0.5,0.6,0.49,0.5,0.1,0.01,78057.3,1777239636000
1777239638.101,38.101,0.56,0.57,0.42,0.45,0.01,0.03,78057.3,1777239636000
1777239638.476,38.476,0.56,0.57,0.43,0.44,0.01,0.01,78057.41,1777239637000
1777239638.845,38.845,0.56,0.57,0.43,0.44,0.01,0.01,78057.41,1777239637000
1777239639.373,39.373,0.56,0.57,0.43,0.44,0.01,0.01,78058.87,1777239638000
1777239639.733,39.733,0.56,0.57,0.43,0.44,0.01,0.01,78058.87,1777239638000
1777239640.162,40.162,0.56,0.57,0.43,0.44,0.01,0.01,78059.62,1777239639000
1777239640.631,40.631,0.56,0.57,0.43,0.44,0.01,0.01,78059.62,1777239639000
1777239640.998,40.998,0.56,0.57,0.43,0.44,0.01,0.01,78059.62,1777239639000
1777239641.715,41.715,0.56,0.57,0.43,0.44,0.01,0.01,78059.62,1777239640000
1777239642.111,42.111,0.56,0.57,0.43,0.44,0.01,0.01,78059.62,1777239640000
1777239642.467,42.467,0.55,0.57,0.43,0.45,0.02,0.02,78059.62,1777239641000
1777239642.921,42.921,0.54,0.55,0.45,0.46,0.01,0.01,78059.62,1777239641000
1777239643.286,43.286,0.53,0.54,0.44,0.47,0.01,0.03,78059.62,1777239642000
1777239643.799,43.799,0.53,0.54,0.46,0.47,0.01,0.01,78059.62,1777239642000
1777239644.209,44.209,0.53,0.54,0.46,0.47,0.01,0.01,78059.8,1777239643000
1777239644.632,44.632,0.53,0.54,0.46,0.47,0.01,0.01,78059.8,1777239643000
1777239645.322,45.322,0.53,0.54,0.46,0.47,0.01,0.01,78059.83,1777239644000
1777239645.746,45.746,0.53,0.55,0.46,0.47,0.02,0.01,78059.83,1777239644000
1777239646.09,46.09,0.4,0.55,0.45,0.46,0.15,0.01,78059.83,1777239644000
1777239646.428,46.428,0.54,0.55,0.45,0.46,0.01,0.01,78059.83,1777239644000
1777239646.8,46.8,0.53,0.54,0.46,0.47,0.01,0.01,78059.83,1777239645000
1777239647.183,47.183,0.5,0.51,0.48,0.5,0.01,0.02,78059.83,1777239645000
1777239647.542,47.542,0.48,0.49,0.49,0.52,0.01,0.03,78059.83,1777239646000
1777239647.936,47.936,0.42,0.43,0.56,0.6,0.01,0.04,78059.83,1777239646000
1777239648.37,48.37,0.45,0.46,0.54,0.55,0.01,0.01,78059.83,1777239646000
1777239648.719,48.719,0.45,0.47,0.54,0.55,0.02,0.01,78059.63,1777239647000
1777239649.114,49.114,0.46,0.47,0.53,0.54,0.01,0.01,78059.63,1777239647000
1777239649.462,49.462,0.46,0.47,0.53,0.54,0.01,0.01,78059.63,1777239648000
1777239649.821,49.821,0.46,0.47,0.53,0.54,0.01,0.01,78059.63,1777239648000
1777239650.359,50.359,0.48,0.49,0.51,0.52,0.01,0.01,78059.63,1777239648000
1777239650.828,50.828,0.48,0.49,0.51,0.52,0.01,0.01,78059.63,1777239649000
1777239651.327,51.327,0.48,0.49,0.51,0.52,0.01,0.01,78059.47,1777239650000
1777239651.814,51.814,0.48,0.49,0.51,0.52,0.01,0.01,78059.47,1777239650000
1777239652.211,52.211,0.48,0.49,0.51,0.52,0.01,0.01,78059.47,1777239650000
1777239652.75,52.75,0.48,0.49,0.51,0.52,0.01,0.01,78059.47,1777239650000
1777239653.231,53.231,0.48,0.49,0.51,0.52,0.01,0.01,78059.61,1777239651000
1777239653.613,53.613,0.48,0.49,0.51,0.52,0.01,0.01,78060.33,1777239652000
1777239654.098,54.098,0.48,0.49,0.51,0.52,0.01,0.01,78060.33,1777239652000
1777239654.566,54.566,0.48,0.49,0.51,0.52,0.01,0.01,78060.32,1777239653000
1777239654.92,54.92,0.48,0.49,0.51,0.52,0.01,0.01,78060.32,1777239653000
1777239655.289,55.289,0.48,0.49,0.51,0.52,0.01,0.01,78060.32,1777239654000
1777239655.663,55.663,0.48,0.49,0.51,0.52,0.01,0.01,78060.32,1777239654000
1777239655.998,55.998,0.48,0.5,0.5,0.52,0.02,0.02,78060.27,1777239655000
1777239656.513,56.513,0.46,0.47,0.51,0.63,0.01,0.12,78060.27,1777239655000
1777239656.878,56.878,0.46,0.47,0.53,0.57,0.01,0.04,78060.27,1777239655000
1777239657.272,57.272,0.43,0.47,0.53,0.54,0.04,0.01,78060.27,1777239656000
1777239657.645,57.645,0.43,0.47,0.53,0.57,0.04,0.04,78060.27,1777239656000
1777239657.995,57.995,0.45,0.52,0.54,0.55,0.07,0.01,78060.27,1777239656000
1777239658.33,58.33,0.44,0.46,0.54,0.55,0.02,0.01,78060.27,1777239657000
1777239658.757,58.757,0.45,0.46,0.54,0.55,0.01,0.01,78060.27,1777239657000
1777239659.205,59.205,0.45,0.46,0.54,0.55,0.01,0.01,78060.27,1777239657000
1777239659.6,59.6,0.45,0.46,0.54,0.55,0.01,0.01,78060.31,1777239658000
1777239659.953,59.953,0.44,0.45,0.55,0.56,0.01,0.01,78060.31,1777239658000
1777239660.384,60.384,0.44,0.45,0.55,0.56,0.01,0.01,78060.31,1777239659000
1777239660.734,60.734,0.45,0.46,0.54,0.55,0.01,0.01,78060.31,1777239659000
1777239661.12,61.12,0.45,0.46,0.54,0.55,0.01,0.01,78060.31,1777239659000
1777239661.749,61.749,0.45,0.47,0.54,0.55,0.02,0.01,78060.3,1777239660000
1777239662.191,62.191,0.46,0.47,0.53,0.55,0.01,0.02,78060.3,1777239660000
1777239662.574,62.574,0.46,0.47,0.53,0.54,0.01,0.01,78059.39,1777239661000
1777239663.052,63.052,0.46,0.47,0.53,0.54,0.01,0.01,78059.38,1777239662000
1777239663.455,63.455,0.45,0.47,0.53,0.54,0.02,0.01,78059.38,1777239662000
1777239663.83,63.83,0.45,0.46,0.54,0.55,0.01,0.01,78059.38,1777239662000
1777239664.236,64.236,0.45,0.46,0.54,0.55,0.01,0.01,78059.39,1777239663000
1777239664.676,64.676,0.45,0.46,0.54,0.55,0.01,0.01,78059.39,1777239663000
1777239665.083,65.083,0.45,0.46,0.54,0.55,0.01,0.01,78059.39,1777239663000
1777239665.441,65.441,0.45,0.46,0.54,0.55,0.01,0.01,78059.39,1777239664000
1777239665.958,65.958,0.45,0.46,0.54,0.55,0.01,0.01,78059.39,1777239664000
1777239666.375,66.375,0.45,0.46,0.54,0.55,0.01,0.01,78059.3,1777239665000
1777239666.772,66.772,0.43,0.44,0.54,0.57,0.01,0.03,78059.3,1777239665000
1777239667.137,67.137,0.44,0.45,0.55,0.56,0.01,0.01,78059.3,1777239665000
1777239667.521,67.521,0.44,0.45,0.55,0.56,0.01,0.01,78059.31,1777239666000
1777239668.345,68.345,0.44,0.45,0.55,0.56,0.01,0.01,78059.31,1777239666000
1777239668.714,68.714,0.44,0.45,0.55,0.56,0.01,0.01,78059.24,1777239667000
1777239669.075,69.075,0.44,0.45,0.55,0.56,0.01,0.01,78059.25,1777239668000
1777239669.488,69.488,0.44,0.45,0.55,0.56,0.01,0.01,78059.25,1777239668000
1777239670.102,70.102,0.44,0.45,0.55,0.56,0.01,0.01,78059.24,1777239669000
1777239670.622,70.622,0.43,0.45,0.55,0.56,0.02,0.01,78059.24,1777239669000
1777239670.98,70.98,0.43,0.44,0.56,0.57,0.01,0.01,78059.24,1777239669000
1777239671.437,71.437,0.43,0.44,0.56,0.57,0.01,0.01,78059.2,1777239670000
1777239671.867,71.867,0.43,0.44,0.56,0.57,0.01,0.01,78059.2,1777239670000
1777239672.206,72.206,0.43,0.44,0.56,0.57,0.01,0.01,78059.2,1777239670000
1777239672.641,72.641,0.43,0.44,0.56,0.57,0.01,0.01,78059.25,1777239671000
1777239673.273,73.273,0.43,0.44,0.56,0.57,0.01,0.01,78059.25,1777239671000
1777239673.79,73.79,0.43,0.44,0.56,0.57,0.01,0.01,78059.12,1777239672000
1777239674.215,74.215,0.43,0.44,0.56,0.57,0.01,0.01,78059.12,1777239672000
1777239674.555,74.555,0.37,0.38,0.56,0.67,0.01,0.11,78059.12,1777239672000
1777239674.916,74.916,0.41,0.42,0.58,0.59,0.01,0.01,78059.12,1777239673000
1777239675.376,75.376,0.42,0.43,0.57,0.58,0.01,0.01,78059.12,1777239673000
1777239675.74,75.74,0.42,0.43,0.57,0.58,0.01,0.01,78059.13,1777239674000
1777239676.125,76.125,0.42,0.43,0.57,0.58,0.01,0.01,78059.13,1777239674000
1777239676.485,76.485,0.37,0.38,0.62,0.63,0.01,0.01,78059.13,1777239675000
1777239676.82,76.82,0.37,0.38,0.62,0.63,0.01,0.01,78059.13,1777239675000
1777239677.217,77.217,0.37,0.38,0.62,0.63,0.01,0.01,78059.13,1777239675000
1777239677.566,77.566,0.33,0.34,0.66,0.67,0.01,0.01,78059.13,1777239675000
1777239677.93,77.93,0.31,0.32,0.68,0.69,0.01,0.01,78058.64,1777239676000
1777239678.264,78.264,0.31,0.32,0.68,0.69,0.01,0.01,78058.64,1777239676000
1777239678.639,78.639,0.28,0.29,0.71,0.72,0.01,0.01,78057.56,1777239677000
1777239679.074,79.074,0.28,0.29,0.71,0.72,0.01,0.01,78057.56,1777239677000
1777239679.941,79.941,0.28,0.29,0.71,0.72,0.01,0.01,78056.22,1777239678000
1777239680.371,80.371,0.28,0.29,0.71,0.72,0.01,0.01,78056.22,1777239678000
1777239680.813,80.813,0.28,0.29,0.71,0.72,0.01,0.01,78048.66,1777239679000
1777239681.161,81.161,0.22,0.23,0.77,0.78,0.01,0.01,78048.66,1777239679000
1777239681.51,81.51,0.22,0.23,0.77,0.78,0.01,0.01,78048.66,1777239679000
1777239681.903,81.903,0.23,0.24,0.76,0.77,0.01,0.01,78048.66,1777239680000
1777239682.289,82.289,0.24,0.25,0.75,0.76,0.01,0.01,78048.66,1777239680000
1777239682.713,82.713,0.26,0.27,0.73,0.74,0.01,0.01,78048.61,1777239681000
1777239683.078,83.078,0.27,0.28,0.72,0.73,0.01,0.01,78048.61,1777239681000
1777239683.675,83.675,0.27,0.28,0.72,0.73,0.01,0.01,78047.59,1777239682000
1777239684.103,84.103,0.26,0.27,0.72,0.73,0.01,0.01,78047.59,1777239682000
1777239684.487,84.487,0.26,0.27,0.73,0.74,0.01,0.01,78047.59,1777239683000
1777239684.857,84.857,0.26,0.27,0.73,0.74,0.01,0.01,78047.59,1777239683000
1777239685.225,85.225,0.27,0.28,0.72,0.73,0.01,0.01,78047.59,1777239684000
1777239685.591,85.591,0.27,0.28,0.72,0.73,0.01,0.01,78047.59,1777239684000
1777239685.956,85.956,0.27,0.28,0.72,0.73,0.01,0.01,78047.59,1777239684000
1777239686.339,86.339,0.27,0.28,0.72,0.73,0.01,0.01,78047.59,1777239684000
1777239686.778,86.778,0.27,0.28,0.72,0.73,0.01,0.01,78047.64,1777239685000
1777239687.144,87.144,0.27,0.29,0.72,0.73,0.02,0.01,78047.64,1777239685000
1777239687.867,87.867,0.28,0.29,0.71,0.72,0.01,0.01,78047.66,1777239686000
1777239688.218,88.218,0.28,0.29,0.71,0.72,0.01,0.01,78047.66,1777239687000
1777239688.631,88.631,0.28,0.29,0.71,0.72,0.01,0.01,78047.66,1777239687000
1777239689.003,89.003,0.27,0.28,0.71,0.73,0.01,0.02,78047.66,1777239687000
1777239689.613,89.613,0.28,0.29,0.72,0.73,0.01,0.01,78047.66,1777239687000
1777239690.246,90.246,0.26,0.28,0.71,0.74,0.02,0.03,78048.07,1777239688000
1777239690.642,90.642,0.27,0.28,0.72,0.73,0.01,0.01,78048.07,1777239689000
1777239691.009,91.009,0.28,0.31,0.69,0.72,0.03,0.03,78047.96,1777239690000
1777239691.407,91.407,0.3,0.33,0.69,0.7,0.03,0.01,78047.96,1777239690000
1777239692.229,92.229,0.31,0.32,0.68,0.7,0.01,0.02,78047.96,1777239690000
1777239692.62,92.62,0.31,0.32,0.68,0.69,0.01,0.01,78047.96,1777239690000
1777239693.087,93.087,0.31,0.32,0.68,0.69,0.01,0.01,78047.96,1777239691000
1777239693.688,93.688,0.31,0.32,0.68,0.69,0.01,0.01,78047.96,1777239691000
1777239694.024,94.024,0.32,0.33,0.67,0.68,0.01,0.01,78048.64,1777239692000
1777239694.364,94.364,0.31,0.32,0.68,0.69,0.01,0.01,78048.64,1777239692000
1777239694.764,94.764,0.3,0.32,0.68,0.69,0.02,0.01,78048.61,1777239693000
1777239695.103,95.103,0.3,0.31,0.69,0.7,0.01,0.01,78048.39,1777239694000
1777239695.686,95.686,0.3,0.31,0.69,0.7,0.01,0.01,78048.39,1777239694000
1777239696.118,96.118,0.3,0.31,0.69,0.7,0.01,0.01,78048.39,1777239694000
1777239696.583,96.583,0.3,0.31,0.69,0.7,0.01,0.01,78048.4,1777239695000
1777239697.006,97.006,0.3,0.31,0.69,0.7,0.01,0.01,78048.33,1777239696000
1777239697.36,97.36,0.3,0.42,0.69,0.7,0.12,0.01,78048.33,1777239696000
1777239697.708,97.708,0.32,0.34,0.66,0.67,0.02,0.01,78048.33,1777239696000
1777239698.077,98.077,0.32,0.33,0.67,0.68,0.01,0.01,78048.33,1777239696000
1777239698.574,98.574,0.32,0.33,0.67,0.68,0.01,0.01,78048.29,1777239697000
1777239698.958,98.958,0.32,0.33,0.67,0.68,0.01,0.01,78048.29,1777239697000
1777239699.431,99.431,0.32,0.33,0.67,0.68,0.01,0.01,78048.42,1777239698000
1777239699.855,99.855,0.32,0.33,0.67,0.68,0.01,0.01,78048.42,1777239698000
1777239700.411,100.411,0.32,0.33,0.67,0.68,0.01,0.01,78047.8,1777239699000
1777239700.881,100.881,0.32,0.33,0.67,0.68,0.01,0.01,78047.8,1777239699000
1777239701.451,101.451,0.3,0.31,0.67,0.7,0.01,0.03,78047.8,1777239699000
1777239701.938,101.938,0.29,0.31,0.69,0.7,0.02,0.01,78047.87,1777239700000
1777239702.363,102.363,0.3,0.31,0.69,0.7,0.01,0.01,78047.87,1777239701000
1777239702.781,102.781,0.29,0.3,0.69,0.71,0.01,0.02,78047.87,1777239701000
1777239703.302,103.302,0.29,0.3,0.68,0.71,0.01,0.03,78047.87,1777239701000
1777239703.82,103.82,0.29,0.3,0.7,0.71,0.01,0.01,78047.87,1777239702000
1777239704.479,104.479,0.3,0.32,0.69,0.7,0.02,0.01,78047.87,1777239702000
1777239704.841,104.841,0.31,0.32,0.68,0.69,0.01,0.01,78047.86,1777239703000
1777239705.222,105.222,0.3,0.32,0.68,0.69,0.02,0.01,78047.86,1777239704000
1777239705.603,105.603,0.3,0.31,0.69,0.7,0.01,0.01,78047.86,1777239704000
1777239705.992,105.992,0.31,0.32,0.68,0.7,0.01,0.02,78047.86,1777239704000
1777239706.534,106.534,0.32,0.33,0.67,0.68,0.01,0.01,78047.79,1777239705000
1777239707.058,107.058,0.32,0.33,0.67,0.68,0.01,0.01,78047.79,1777239706000
1777239707.592,107.592,0.32,0.33,0.67,0.68,0.01,0.01,78047.79,1777239706000
1777239707.982,107.982,0.32,0.33,0.67,0.68,0.01,0.01,78047.79,1777239706000
1777239708.406,108.406,0.32,0.33,0.67,0.68,0.01,0.01,78047.81,1777239707000
1777239708.928,108.928,0.32,0.33,0.67,0.68,0.01,0.01,78047.81,1777239707000
1777239709.275,109.275,0.32,0.33,0.67,0.68,0.01,0.01,78047.81,1777239707000
1777239709.694,109.694,0.32,0.33,0.67,0.68,0.01,0.01,78047.81,1777239707000
1777239710.324,110.324,0.31,0.33,0.67,0.69,0.02,0.02,78047.72,1777239709000
1777239710.755,110.755,0.31,0.32,0.67,0.69,0.01,0.02,78047.72,1777239709000
1777239711.156,111.156,0.3,0.31,0.69,0.7,0.01,0.01,78047.72,1777239709000
1777239711.533,111.533,0.29,0.33,0.69,0.71,0.04,0.02,78047.7,1777239710000
1777239712.101,112.101,0.3,0.31,0.69,0.7,0.01,0.01,78047.7,1777239710000
1777239712.538,112.538,0.31,0.32,0.69,0.7,0.01,0.01,78047.7,1777239711000
1777239713.153,113.153,0.31,0.32,0.68,0.69,0.01,0.01,78047.24,1777239712000
1777239713.507,113.507,0.32,0.33,0.67,0.68,0.01,0.01,78047.24,1777239712000
1777239713.864,113.864,0.32,0.33,0.67,0.68,0.01,0.01,78047.24,1777239712000
1777239714.217,114.217,0.32,0.33,0.67,0.68,0.01,0.01,78046.93,1777239713000
1777239715.017,115.017,0.32,0.33,0.67,0.68,0.01,0.01,78046.93,1777239713000
1777239715.371,115.371,0.32,0.33,0.67,0.68,0.01,0.01,78047.05,1777239714000
1777239715.825,115.825,0.32,0.33,0.67,0.68,0.01,0.01,78047.05,1777239714000
1777239716.257,116.257,0.32,0.33,0.67,0.68,0.01,0.01,78047.05,1777239715000
1777239716.869,116.869,0.32,0.33,0.67,0.68,0.01,0.01,78047.05,1777239715000
1777239717.243,117.243,0.32,0.33,0.67,0.68,0.01,0.01,78047.05,1777239716000
1777239717.734,117.734,0.32,0.33,0.67,0.68,0.01,0.01,78047.05,1777239716000
1777239718.088,118.088,0.32,0.33,0.67,0.68,0.01,0.01,78047.05,1777239716000
1777239719.112,119.112,0.31,0.33,0.67,0.69,0.02,0.02,78047.05,1777239718000
1777239719.456,119.456,0.31,0.32,0.68,0.69,0.01,0.01,78047.05,1777239718000
1777239719.826,119.826,0.31,0.32,0.68,0.69,0.01,0.01,78047.05,1777239718000
1777239720.267,120.267,0.31,0.32,0.68,0.69,0.01,0.01,78046.96,1777239719000
1777239720.792,120.792,0.31,0.32,0.68,0.69,0.01,0.01,78046.96,1777239719000
1777239721.292,121.292,0.31,0.32,0.68,0.69,0.01,0.01,78046.96,1777239720000
1777239721.94,121.94,0.31,0.32,0.68,0.69,0.01,0.01,78046.96,1777239720000
1777239722.519,122.519,0.31,0.32,0.68,0.69,0.01,0.01,78046.96,1777239720000
1777239722.92,122.92,0.3,0.31,0.68,0.7,0.01,0.02,78046.91,1777239721000
1777239723.351,123.351,0.3,0.31,0.69,0.7,0.01,0.01,78046.9,1777239722000
1777239723.729,123.729,0.31,0.32,0.69,0.7,0.01,0.01,78046.9,1777239722000
1777239724.088,124.088,0.31,0.32,0.68,0.69,0.01,0.01,78046.83,1777239723000
1777239724.484,124.484,0.27,0.28,0.7,0.72,0.01,0.02,78046.83,1777239723000
1777239724.882,124.882,0.27,0.28,0.72,0.73,0.01,0.01,78046.83,1777239723000
1777239725.235,125.235,0.27,0.28,0.72,0.73,0.01,0.01,78046.2,1777239724000
1777239725.626,125.626,0.27,0.28,0.72,0.73,0.01,0.01,78046.2,1777239724000
1777239726.004,126.004,0.27,0.28,0.72,0.73,0.01,0.01,78046.2,1777239724000
1777239726.764,126.764,0.27,0.28,0.72,0.73,0.01,0.01,78044.62,1777239725000
1777239727.153,127.153,0.27,0.28,0.72,0.73,0.01,0.01,78044.62,1777239725000
1777239727.658,127.658,0.27,0.28,0.72,0.73,0.01,0.01,78042.62,1777239726000
1777239728.077,128.077,0.26,0.27,0.72,0.73,0.01,0.01,78042.62,1777239726000
1777239728.456,128.456,0.26,0.27,0.73,0.74,0.01,0.01,78042.62,1777239727000
1777239728.793,128.793,0.26,0.27,0.73,0.74,0.01,0.01,78042.62,1777239727000
1777239729.131,129.131,0.26,0.27,0.73,0.74,0.01,0.01,78042.62,1777239728000
1777239729.509,129.509,0.26,0.27,0.73,0.74,0.01,0.01,78042.62,1777239728000
1777239729.956,129.956,0.26,0.27,0.73,0.74,0.01,0.01,78042.62,1777239728000
1777239730.352,130.352,0.26,0.27,0.73,0.74,0.01,0.01,78042.23,1777239729000
1777239730.84,130.84,0.25,0.27,0.73,0.74,0.02,0.01,78042.23,1777239729000
1777239731.247,131.247,0.25,0.26,0.74,0.75,0.01,0.01,78041.8,1777239730000
1777239731.904,131.904,0.25,0.27,0.74,0.75,0.02,0.01,78041.8,1777239730000
1777239732.295,132.295,0.28,0.29,0.71,0.72,0.01,0.01,78041.38,1777239731000
1777239732.974,132.974,0.27,0.28,0.71,0.73,0.01,0.02,78041.38,1777239731000
1777239733.536,133.536,0.26,0.27,0.73,0.74,0.01,0.01,78041.36,1777239732000
1777239734.096,134.096,0.26,0.27,0.73,0.74,0.01,0.01,78041.31,1777239733000
1777239734.722,134.722,0.28,0.29,0.71,0.72,0.01,0.01,78041.31,1777239733000
1777239735.34,135.34,0.28,0.29,0.71,0.72,0.01,0.01,78041.31,1777239733000
1777239736.156,136.156,0.27,0.28,0.71,0.72,0.01,0.01,78041.37,1777239734000
1777239736.609,136.609,0.26,0.27,0.73,0.74,0.01,0.01,78041.29,1777239735000
1777239736.964,136.964,0.26,0.28,0.73,0.74,0.02,0.01,78041.29,1777239735000
1777239737.311,137.311,0.27,0.28,0.72,0.73,0.01,0.01,78040.99,1777239736000
1777239737.682,137.682,0.26,0.27,0.72,0.73,0.01,0.01,78040.99,1777239736000
1777239738.313,138.313,0.26,0.27,0.73,0.74,0.01,0.01,78040.47,1777239737000
1777239738.798,138.798,0.26,0.27,0.73,0.74,0.01,0.01,78040.47,1777239737000
1777239739.326,139.326,0.25,0.26,0.74,0.75,0.01,0.01,78040.53,1777239738000
1777239739.883,139.883,0.25,0.26,0.74,0.75,0.01,0.01,78040.44,1777239739000
1777239740.254,140.254,0.25,0.26,0.74,0.75,0.01,0.01,78040.44,1777239739000
1777239740.63,140.63,0.25,0.27,0.73,0.75,0.02,0.02,78040.44,1777239739000
1777239741.021,141.021,0.25,0.27,0.73,0.74,0.02,0.01,78040.44,1777239739000
1777239741.593,141.593,0.25,0.26,0.74,0.75,0.01,0.01,78040.45,1777239740000
1777239742.011,142.011,0.25,0.26,0.74,0.75,0.01,0.01,78040.44,1777239741000
1777239742.6,142.6,0.25,0.26,0.74,0.75,0.01,0.01,78040.44,1777239741000
1777239743.097,143.097,0.25,0.27,0.73,0.75,0.02,0.02,78040.43,1777239742000
1777239743.732,143.732,0.26,0.28,0.73,0.74,0.02,0.01,78040.43,1777239742000
1777239744.239,144.239,0.27,0.28,0.72,0.73,0.01,0.01,78040.43,1777239742000
1777239744.572,144.572,0.27,0.28,0.72,0.73,0.01,0.01,78040.44,1777239743000
1777239745.205,145.205,0.26,0.28,0.72,0.73,0.02,0.01,78040.44,1777239743000
1777239745.552,145.552,0.26,0.27,0.73,0.74,0.01,0.01,78040.4,1777239744000
1777239746.246,146.246,0.26,0.27,0.73,0.74,0.01,0.01,78040.4,1777239744000
1777239747.271,147.271,0.25,0.26,0.74,0.75,0.01,0.01,78039.66,1777239746000
1777239747.643,147.643,0.24,0.25,0.74,0.75,0.01,0.01,78039.66,1777239746000
1777239748.31,148.31,0.24,0.25,0.75,0.76,0.01,0.01,78039.65,1777239747000
1777239749.015,149.015,0.24,0.25,0.75,0.76,0.01,0.01,78039.65,1777239747000
1777239749.386,149.386,0.23,0.24,0.76,0.77,0.01,0.01,78039.66,1777239748000
1777239749.726,149.726,0.21,0.22,0.78,0.8,0.01,0.02,78039.66,1777239748000
1777239750.294,150.294,0.22,0.23,0.77,0.78,0.01,0.01,78039.66,1777239748000
1777239750.643,150.643,0.22,0.23,0.77,0.78,0.01,0.01,78039.66,1777239748000
1777239750.994,150.994,0.21,0.23,0.77,0.78,0.02,0.01,78039.02,1777239749000
1777239751.4,151.4,0.21,0.22,0.78,0.79,0.01,0.01,78039.02,1777239749000
1777239752.091,152.091,0.21,0.22,0.78,0.79,0.01,0.01,78035.47,1777239751000
1777239752.462,152.462,0.2,0.21,0.78,0.79,0.01,0.01,78035.47,1777239751000
1777239752.825,152.825,0.2,0.21,0.79,0.8,0.01,0.01,78035.47,1777239751000
1777239753.189,153.189,0.2,0.21,0.79,0.8,0.01,0.01,78035.47,1777239751000
1777239753.565,153.565,0.2,0.21,0.79,0.8,0.01,0.01,78035.4,1777239752000
1777239753.965,153.965,0.2,0.21,0.79,0.8,0.01,0.01,78035.4,1777239752000
1777239754.63,154.63,0.18,0.19,0.8,0.82,0.01,0.02,78035.4,1777239753000
1777239754.986,154.986,0.18,0.19,0.81,0.82,0.01,0.01,78035.4,1777239753000
1777239755.404,155.404,0.18,0.19,0.81,0.82,0.01,0.01,78033.62,1777239754000
1777239756.101,156.101,0.18,0.19,0.81,0.82,0.01,0.01,78032.39,1777239755000
1777239756.439,156.439,0.18,0.19,0.81,0.82,0.01,0.01,78032.39,1777239755000
1777239756.784,156.784,0.14,0.15,0.84,0.86,0.01,0.02,78032.39,1777239755000
1777239757.333,157.333,0.13,0.14,0.86,0.87,0.01,0.01,78032.39,1777239755000
1777239757.913,157.913,0.13,0.14,0.86,0.87,0.01,0.01,78029.93,1777239756000
1777239758.299,158.299,0.13,0.14,0.86,0.87,0.01,0.01,78028.65,1777239757000
1777239758.652,158.652,0.13,0.14,0.86,0.87,0.01,0.01,78028.65,1777239757000
1777239759.049,159.049,0.13,0.14,0.86,0.87,0.01,0.01,78028.65,1777239757000
1777239759.387,159.387,0.13,0.14,0.86,0.87,0.01,0.01,78023.84,1777239758000
1777239759.771,159.771,0.12,0.14,0.86,0.87,0.02,0.01,78023.84,1777239758000
1777239760.146,160.146,0.12,0.15,0.87,0.88,0.03,0.01,78023.84,1777239758000
1777239760.507,160.507,0.12,0.13,0.87,0.88,0.01,0.01,78023.53,1777239759000
1777239760.847,160.847,0.12,0.13,0.87,0.88,0.01,0.01,78023.53,1777239759000
1777239761.19,161.19,0.12,0.13,0.87,0.88,0.01,0.01,78023.53,1777239760000
1777239761.838,161.838,0.12,0.13,0.87,0.88,0.01,0.01,78023.53,1777239760000
1777239762.272,162.272,0.12,0.13,0.87,0.88,0.01,0.01,78023.62,1777239761000
1777239762.626,162.626,0.12,0.13,0.87,0.88,0.01,0.01,78023.62,1777239761000
1777239763.097,163.097,0.11,0.12,0.88,0.89,0.01,0.01,78023.62,1777239761000
1777239763.564,163.564,0.11,0.12,0.88,0.89,0.01,0.01,78020.99,1777239762000
1777239764.315,164.315,0.11,0.13,0.87,0.89,0.02,0.02,78021.32,1777239763000
1777239764.689,164.689,0.11,0.12,0.88,0.89,0.01,0.01,78021.32,1777239763000
1777239765.35,165.35,0.1,0.11,0.86,0.9,0.01,0.04,78021.32,1777239763000
1777239765.724,165.724,0.1,0.11,0.89,0.9,0.01,0.01,78021.29,1777239764000
1777239766.105,166.105,0.12,0.13,0.87,0.9,0.01,0.03,78020.92,1777239765000
1777239766.66,166.66,0.09,0.11,0.89,0.9,0.02,0.01,78020.92,1777239765000
1777239767.036,167.036,0.08,0.09,0.91,0.92,0.01,0.01,78020.92,1777239765000
1777239767.37,167.37,0.12,0.13,0.87,0.88,0.01,0.01,78020.92,1777239765000
1777239767.726,167.726,0.13,0.14,0.86,0.87,0.01,0.01,78019.98,1777239766000
1777239768.258,168.258,0.13,0.14,0.86,0.87,0.01,0.01,78019.98,1777239766000
1777239768.616,168.616,0.13,0.14,0.86,0.87,0.01,0.01,78013.57,1777239767000
1777239768.996,168.996,0.13,0.14,0.86,0.87,0.01,0.01,78013.57,1777239767000
1777239769.337,169.337,0.13,0.14,0.86,0.87,0.01,0.01,78013.57,1777239767000
1777239769.678,169.678,0.13,0.14,0.86,0.87,0.01,0.01,78014.3,1777239768000
1777239770.226,170.226,0.13,0.14,0.86,0.87,0.01,0.01,78014.3,1777239768000
1777239771.162,171.162,0.13,0.14,0.86,0.87,0.01,0.01,78014.95,1777239769000
1777239771.539,171.539,0.13,0.14,0.86,0.87,0.01,0.01,78014.95,1777239769000
1777239772.032,172.032,0.13,0.14,0.86,0.87,0.01,0.01,78015.99,1777239770000
1777239772.466,172.466,0.12,0.14,0.86,0.88,0.02,0.02,78015.99,1777239771000
1777239772.824,172.824,0.12,0.13,0.87,0.88,0.01,0.01,78015.99,1777239771000
1777239773.196,173.196,0.11,0.12,0.88,0.89,0.01,0.01,78015.99,1777239771000
1777239773.622,173.622,0.1,0.11,0.88,0.9,0.01,0.02,78016.07,1777239772000
1777239774.076,174.076,0.1,0.11,0.89,0.9,0.01,0.01,78016.09,1777239773000
1777239775.181,175.181,0.1,0.11,0.89,0.9,0.01,0.01,78016.09,1777239773000
1777239775.798,175.798,0.1,0.11,0.89,0.9,0.01,0.01,78016.09,1777239774000
1777239776.273,176.273,0.1,0.11,0.89,0.9,0.01,0.01,78015.22,1777239775000
1777239776.844,176.844,0.08,0.09,0.89,0.92,0.01,0.03,78015.22,1777239775000
1777239777.395,177.395,0.08,0.09,0.9,0.92,0.01,0.02,78015.22,1777239775000
1777239777.844,177.844,0.08,0.09,0.91,0.92,0.01,0.01,78015.19,1777239776000
1777239778.517,178.517,0.08,0.09,0.91,0.92,0.01,0.01,78015.19,1777239776000
1777239778.901,178.901,0.08,0.09,0.91,0.92,0.01,0.01,78015.2,1777239777000
1777239779.284,179.284,0.08,0.09,0.91,0.92,0.01,0.01,78015.2,1777239777000
1777239779.63,179.63,0.08,0.09,0.91,0.92,0.01,0.01,78015.2,1777239778000
1777239779.998,179.998,0.08,0.09,0.91,0.92,0.01,0.01,78015.2,1777239778000
1777239780.342,180.342,0.08,0.09,0.9,0.92,0.01,0.02,78015.2,1777239779000
1777239780.795,180.795,0.08,0.09,0.91,0.92,0.01,0.01,78015.2,1777239779000
1777239781.146,181.146,0.08,0.09,0.91,0.92,0.01,0.01,78015.2,1777239779000
1777239781.506,181.506,0.08,0.09,0.91,0.92,0.01,0.01,78015.2,1777239779000
1777239781.979,181.979,0.07,0.08,0.91,0.93,0.01,0.02,78015.2,1777239780000
1777239782.361,182.361,0.07,0.08,0.92,0.93,0.01,0.01,78015.2,1777239780000
1777239782.747,182.747,0.07,0.08,0.92,0.93,0.01,0.01,78015.03,1777239781000
1777239783.183,183.183,0.07,0.08,0.92,0.93,0.01,0.01,78015.02,1777239782000
1777239783.542,183.542,0.07,0.08,0.92,0.93,0.01,0.01,78015.02,1777239782000
1777239783.904,183.904,0.07,0.08,0.92,0.93,0.01,0.01,78015.02,1777239782000
1777239784.345,184.345,0.07,0.08,0.92,0.93,0.01,0.01,78015.28,1777239783000
1777239784.71,184.71,0.07,0.08,0.92,0.93,0.01,0.01,78015.28,1777239783000
1777239785.253,185.253,0.08,0.1,0.92,0.93,0.02,0.01,78015.28,1777239783000
1777239785.845,185.845,0.09,0.1,0.9,0.91,0.01,0.01,78014.63,1777239784000
1777239786.29,186.29,0.09,0.1,0.9,0.91,0.01,0.01,78014.55,1777239785000
1777239786.801,186.801,0.09,0.1,0.9,0.91,0.01,0.01,78014.55,1777239785000
1777239787.374,187.374,0.09,0.1,0.9,0.91,0.01,0.01,78014.43,1777239786000
1777239787.763,187.763,0.09,0.1,0.9,0.91,0.01,0.01,78014.43,1777239786000
1777239788.118,188.118,0.09,0.1,0.9,0.91,0.01,0.01,78014.43,1777239786000
1777239788.666,188.666,0.09,0.1,0.9,0.91,0.01,0.01,78014.43,1777239786000
1777239789.151,189.151,0.09,0.1,0.9,0.92,0.01,0.02,78014.95,1777239787000
1777239789.507,189.507,0.09,0.1,0.9,0.91,0.01,0.01,78014.95,1777239788000
1777239790.311,190.311,0.09,0.1,0.9,0.91,0.01,0.01,78014.95,1777239788000
1777239790.671,190.671,0.08,0.09,0.9,0.91,0.01,0.01,78014.98,1777239789000
1777239791.462,191.462,0.08,0.09,0.91,0.92,0.01,0.01,78014.96,1777239790000
1777239791.88,191.88,0.07,0.08,0.92,0.93,0.01,0.01,78014.96,1777239790000
1777239792.221,192.221,0.07,0.08,0.92,0.93,0.01,0.01,78014.79,1777239791000
1777239792.584,192.584,0.07,0.08,0.92,0.93,0.01,0.01,78014.79,1777239791000
1777239792.983,192.983,0.07,0.08,0.92,0.93,0.01,0.01,78014.79,1777239791000
1777239793.333,193.333,0.07,0.08,0.92,0.93,0.01,0.01,78014.81,1777239792000
1777239793.947,193.947,0.07,0.08,0.92,0.93,0.01,0.01,78014.8,1777239793000
1777239794.481,194.481,0.05,0.07,0.92,0.93,0.02,0.01,78014.8,1777239793000
1777239794.885,194.885,0.05,0.06,0.94,0.95,0.01,0.01,78014.8,1777239793000
1777239795.266,195.266,0.05,0.06,0.94,0.95,0.01,0.01,78014.81,1777239794000
1777239795.664,195.664,0.05,0.06,0.94,0.95,0.01,0.01,78014.81,1777239794000
1777239796.077,196.077,0.05,0.06,0.94,0.95,0.01,0.01,78014.81,1777239794000
1777239796.415,196.415,0.05,0.06,0.94,0.95,0.01,0.01,78014.69,1777239795000
1777239797.09,197.09,0.05,0.06,0.94,0.95,0.01,0.01,78014.69,1777239795000
1777239797.521,197.521,0.05,0.06,0.94,0.95,0.01,0.01,78013.2,1777239796000
1777239797.914,197.914,0.05,0.06,0.94,0.95,0.01,0.01,78013.1,1777239797000
1777239798.249,198.249,0.05,0.06,0.94,0.95,0.01,0.01,78013.1,1777239797000
1777239799.172,199.172,0.05,0.06,0.94,0.95,0.01,0.01,78013.1,1777239797000
1777239799.722,199.722,0.05,0.06,0.94,0.95,0.01,0.01,78013.15,1777239798000
1777239800.073,200.073,0.05,0.06,0.94,0.95,0.01,0.01,78013.15,1777239798000
1777239800.515,200.515,0.05,0.06,0.94,0.95,0.01,0.01,78013.11,1777239799000
1777239800.944,200.944,0.05,0.06,0.94,0.95,0.01,0.01,78013.11,1777239799000
1777239801.395,201.395,0.05,0.06,0.94,0.95,0.01,0.01,78013.11,1777239800000
1777239801.837,201.837,0.05,0.06,0.94,0.95,0.01,0.01,78013.11,1777239800000
1777239802.206,202.206,0.05,0.06,0.94,0.95,0.01,0.01,78013.11,1777239800000
1777239802.553,202.553,0.04,0.05,0.95,0.96,0.01,0.01,78013.11,1777239800000
1777239803.092,203.092,0.04,0.05,0.95,0.96,0.01,0.01,78013.09,1777239801000
1777239803.49,203.49,0.08,0.09,0.91,0.92,0.01,0.01,78013.09,1777239802000
1777239804.028,204.028,0.08,0.09,0.91,0.92,0.01,0.01,78013.09,1777239802000
1777239804.468,204.468,0.08,0.09,0.91,0.92,0.01,0.01,78012.81,1777239803000
1777239805.286,205.286,0.08,0.09,0.91,0.92,0.01,0.01,78013.24,1777239804000
1777239805.786,205.786,0.08,0.09,0.91,0.92,0.01,0.01,78013.24,1777239804000
1777239806.237,206.237,0.09,0.1,0.9,0.91,0.01,0.01,78016.73,1777239805000
1777239807.395,207.395,0.09,0.1,0.9,0.91,0.01,0.01,78018.24,1777239806000
1777239807.945,207.945,0.09,0.1,0.9,0.91,0.01,0.01,78018.24,1777239807000
1777239808.412,208.412,0.09,0.1,0.9,0.91,0.01,0.01,78018.24,1777239807000
1777239809.011,209.011,0.09,0.1,0.9,0.91,0.01,0.01,78019.51,1777239808000
1777239809.54,209.54,0.09,0.1,0.9,0.91,0.01,0.01,78019.51,1777239808000
1777239809.893,209.893,0.09,0.1,0.9,0.91,0.01,0.01,78019.51,1777239808000
1777239810.238,210.238,0.09,0.1,0.9,0.91,0.01,0.01,78019.51,1777239809000
1777239810.586,210.586,0.09,0.1,0.9,0.91,0.01,0.01,78019.51,1777239809000
1777239810.998,210.998,0.09,0.1,0.9,0.91,0.01,0.01,78019.32,1777239810000
1777239811.354,211.354,0.08,0.09,0.92,0.93,0.01,0.01,78019.32,1777239810000
1777239811.876,211.876,0.09,0.1,0.88,0.93,0.01,0.05,78019.32,1777239810000
1777239812.238,212.238,0.1,0.11,0.89,0.9,0.01,0.01,78019.28,1777239811000
1777239812.589,212.589,0.09,0.11,0.89,0.9,0.02,0.01,78019.28,1777239811000
1777239812.982,212.982,0.08,0.1,0.9,0.91,0.02,0.01,78019.28,1777239811000
1777239813.5,213.5,0.08,0.09,0.9,0.92,0.01,0.02,78019.12,1777239812000
1777239814.238,214.238,0.08,0.09,0.91,0.92,0.01,0.01,78019.12,1777239812000
1777239814.575,214.575,0.08,0.09,0.91,0.92,0.01,0.01,78019.17,1777239813000
1777239815.015,215.015,0.09,0.1,0.9,0.91,0.01,0.01,78019.17,1777239814000
1777239815.543,215.543,0.09,0.1,0.9,0.91,0.01,0.01,78019.17,1777239814000
1777239815.952,215.952,0.09,0.1,0.89,0.91,0.01,0.02,78019.17,1777239814000
1777239816.409,216.409,0.1,0.11,0.89,0.9,0.01,0.01,78019.33,1777239815000
1777239817.046,217.046,0.09,0.1,0.9,0.91,0.01,0.01,78019.33,1777239815000
1777239817.608,217.608,0.08,0.09,0.9,0.91,0.01,0.01,78019.33,1777239815000
1777239818.021,218.021,0.08,0.09,0.91,0.92,0.01,0.01,78019.12,1777239816000
1777239818.595,218.595,0.08,0.11,0.91,0.92,0.03,0.01,78019.12,1777239816000
1777239818.97,218.97,0.09,0.1,0.9,0.91,0.01,0.01,78019.12,1777239816000
1777239819.383,219.383,0.09,0.11,0.89,0.9,0.02,0.01,78019.12,1777239817000
1777239819.749,219.749,0.09,0.11,0.89,0.91,0.02,0.02,78019.12,1777239818000
1777239820.126,220.126,0.09,0.1,0.9,0.91,0.01,0.01,78019.12,1777239818000
1777239820.574,220.574,0.05,0.06,0.94,0.95,0.01,0.01,78019.35,1777239819000
1777239821.022,221.022,0.04,0.05,0.95,0.96,0.01,0.01,78019.35,1777239819000
1777239821.42,221.42,0.04,0.05,0.95,0.96,0.01,0.01,78019.35,1777239820000
1777239821.766,221.766,0.04,0.05,0.95,0.96,0.01,0.01,78019.35,1777239820000
1777239822.132,222.132,0.04,0.05,0.95,0.96,0.01,0.01,78019.35,1777239820000
1777239822.515,222.515,0.04,0.05,0.95,0.96,0.01,0.01,78015.27,1777239821000
1777239822.984,222.984,0.04,0.05,0.95,0.96,0.01,0.01,78015.27,1777239821000
1777239823.324,223.324,0.04,0.05,0.95,0.96,0.01,0.01,78012.58,1777239822000
1777239824.272,224.272,0.04,0.05,0.95,0.96,0.01,0.01,78012.58,1777239822000
1777239824.652,224.652,0.04,0.05,0.95,0.96,0.01,0.01,78010.41,1777239823000
1777239824.993,224.993,0.04,0.05,0.95,0.96,0.01,0.01,78010.26,1777239824000
1777239825.367,225.367,0.04,0.05,0.95,0.96,0.01,0.01,78010.26,1777239824000
1777239826.012,226.012,0.04,0.05,0.95,0.96,0.01,0.01,78010.26,1777239824000
1777239826.557,226.557,0.04,0.05,0.95,0.96,0.01,0.01,78010.12,1777239825000
1777239826.969,226.969,0.04,0.05,0.95,0.96,0.01,0.01,78010.12,1777239825000
1777239827.365,227.365,0.04,0.05,0.95,0.96,0.01,0.01,78010.12,1777239826000
1777239827.741,227.741,0.04,0.05,0.95,0.96,0.01,0.01,78010.12,1777239826000
1777239828.142,228.142,0.04,0.05,0.95,0.96,0.01,0.01,78010.12,1777239826000
1777239828.634,228.634,0.03,0.04,0.95,0.96,0.01,0.01,78010.22,1777239827000
1777239829.105,229.105,0.03,0.04,0.96,0.97,0.01,0.01,78010.22,1777239827000
1777239829.543,229.543,0.03,0.04,0.96,0.97,0.01,0.01,78010.22,1777239827000
1777239830.135,230.135,0.03,0.04,0.96,0.97,0.01,0.01,78010.22,1777239828000
1777239830.632,230.632,0.03,0.04,0.96,0.97,0.01,0.01,78008.66,1777239829000
1777239830.97,230.97,0.03,0.04,0.96,0.97,0.01,0.01,78008.66,1777239829000
1777239831.355,231.355,0.03,0.04,0.96,0.97,0.01,0.01,78006.1,1777239830000
1777239831.767,231.767,0.03,0.04,0.96,0.97,0.01,0.01,78006.1,1777239830000
1777239832.111,232.111,0.03,0.04,0.96,0.97,0.01,0.01,78005.38,1777239831000
1777239832.637,232.637,0.03,0.04,0.96,0.97,0.01,0.01,78005.38,1777239831000
1777239833.012,233.012,0.02,0.03,0.96,0.97,0.01,0.01,78005.38,1777239831000
1777239833.373,233.373,0.02,0.03,0.97,0.98,0.01,0.01,77999.94,1777239832000
1777239834.146,234.146,0.02,0.03,0.97,0.98,0.01,0.01,77997.15,1777239833000
1777239834.491,234.491,0.02,0.03,0.97,0.98,0.01,0.01,77997.15,1777239833000
1777239834.879,234.879,0.02,0.03,0.97,0.98,0.01,0.01,77997.15,1777239833000
1777239835.302,235.302,0.02,0.03,0.97,0.98,0.01,0.01,77995.16,1777239834000
1777239835.821,235.821,0.02,0.03,0.97,0.98,0.01,0.01,77995.16,1777239834000
1777239836.154,236.154,0.02,0.03,0.97,0.98,0.01,0.01,77992.26,1777239835000
1777239836.494,236.494,0.02,0.03,0.97,0.98,0.01,0.01,77992.26,1777239835000
1777239836.845,236.845,0.02,0.03,0.97,0.98,0.01,0.01,77992.26,1777239835000
1777239837.188,237.188,0.02,0.03,0.97,0.98,0.01,0.01,77987.65,1777239836000
1777239837.747,237.747,0.02,0.03,0.97,0.98,0.01,0.01,77987.65,1777239836000
1777239838.093,238.093,0.02,0.03,0.97,0.98,0.01,0.01,77985.75,1777239837000
1777239838.447,238.447,0.02,0.03,0.97,0.98,0.01,0.01,77985.75,1777239837000
1777239838.908,238.908,0.02,0.03,0.97,0.98,0.01,0.01,77985.75,1777239837000
1777239839.268,239.268,0.02,0.03,0.97,0.98,0.01,0.01,77986.08,1777239838000
1777239839.863,239.863,0.02,0.03,0.97,0.98,0.01,0.01,77986.08,1777239838000
1777239840.216,240.216,0.02,0.03,0.97,0.98,0.01,0.01,77986.78,1777239839000
1777239840.553,240.553,0.02,0.03,0.97,0.98,0.01,0.01,77986.78,1777239839000
1777239840.941,240.941,0.02,0.03,0.97,0.98,0.01,0.01,77986.78,1777239839000
1777239841.28,241.28,0.02,0.03,0.97,0.98,0.01,0.01,77987.45,1777239840000
1777239841.662,241.662,0.02,0.03,0.97,0.98,0.01,0.01,77987.45,1777239840000
1777239842.122,242.122,0.02,0.03,0.97,0.98,0.01,0.01,77987.67,1777239841000
1777239842.536,242.536,0.02,0.03,0.97,0.98,0.01,0.01,77987.67,1777239841000
1777239842.873,242.873,0.02,0.03,0.97,0.98,0.01,0.01,77988.99,1777239842000
1777239843.237,243.237,0.02,0.03,0.97,0.98,0.01,0.01,77988.99,1777239842000
1777239843.896,243.896,0.02,0.03,0.97,0.98,0.01,0.01,77990.41,1777239843000
1777239844.895,244.895,0.02,0.03,0.97,0.98,0.01,0.01,77990.41,1777239843000
1777239845.606,245.606,0.02,0.03,0.97,0.98,0.01,0.01,77990.41,1777239843000
1777239846.076,246.076,0.02,0.03,0.97,0.98,0.01,0.01,77990.58,1777239844000
1777239846.415,246.415,0.02,0.03,0.97,0.98,0.01,0.01,77990.56,1777239845000
1777239846.825,246.825,0.02,0.03,0.97,0.98,0.01,0.01,77990.56,1777239845000
1777239847.351,247.351,0.02,0.03,0.97,0.98,0.01,0.01,77990.56,1777239845000
1777239848.074,248.074,0.02,0.03,0.97,0.98,0.01,0.01,77990.61,1777239846000
1777239848.995,248.995,0.02,0.03,0.97,0.98,0.01,0.01,77990.31,1777239847000
1777239849.497,249.497,0.01,0.03,0.97,0.98,0.02,0.01,77990.31,1777239848000
1777239849.841,249.841,0.01,0.02,0.98,0.99,0.01,0.01,77990.31,1777239848000
1777239850.356,250.356,0.01,0.02,0.98,0.99,0.01,0.01,77990.31,1777239849000
1777239850.77,250.77,0.01,0.02,0.98,0.99,0.01,0.01,77990.31,1777239849000
1777239851.194,251.194,0.01,0.02,0.98,0.99,0.01,0.01,77990.31,1777239849000
1777239851.561,251.561,0.01,0.02,0.98,0.99,0.01,0.01,77991.04,1777239850000
1777239851.924,251.924,0.02,0.03,0.97,0.98,0.01,0.01,77991.45,1777239851000
1777239852.361,252.361,0.02,0.03,0.97,0.98,0.01,0.01,77991.45,1777239851000
1777239853.009,253.009,0.02,0.03,0.97,0.98,0.01,0.01,77992.5,1777239852000
1777239853.404,253.404,0.02,0.03,0.97,0.99,0.01,0.02,77992.5,1777239852000
1777239853.884,253.884,0.02,0.03,0.97,0.99,0.01,0.02,77992.5,1777239852000
1777239854.262,254.262,0.02,0.03,0.97,0.98,0.01,0.01,77993.59,1777239853000
1777239854.734,254.734,0.01,0.03,0.97,0.98,0.02,0.01,77993.59,1777239853000
1777239855.103,255.103,0.01,0.02,0.97,0.98,0.01,0.01,77993.59,1777239853000
1777239855.765,255.765,0.01,0.02,0.98,0.99,0.01,0.01,77993.57,1777239854000
1777239856.361,256.361,0.01,0.02,0.98,0.99,0.01,0.01,77993.57,1777239854000
1777239856.927,256.927,0.01,0.02,0.98,0.99,0.01,0.01,77995.26,1777239856000
1777239857.266,257.266,0.01,0.02,0.98,0.99,0.01,0.01,77995.26,1777239856000
1777239857.875,257.875,0.01,0.02,0.98,0.99,0.01,0.01,77995.26,1777239856000
1777239858.338,258.338,0.01,0.02,0.98,0.99,0.01,0.01,77996.19,1777239857000
1777239858.92,258.92,0.01,0.02,0.98,0.99,0.01,0.01,77996.19,1777239857000
1777239859.394,259.394,0.01,0.02,0.98,0.99,0.01,0.01,77996.19,1777239857000
1777239860.163,260.163,0.01,0.02,0.98,0.99,0.01,0.01,77997.36,1777239859000
1777239860.727,260.727,0.01,0.02,0.98,0.99,0.01,0.01,77997.36,1777239859000
1777239861.229,261.229,0.01,0.02,0.98,0.99,0.01,0.01,77997.49,1777239860000
1777239861.842,261.842,0.01,0.02,0.98,0.99,0.01,0.01,77997.49,1777239860000
1777239862.235,262.235,0.01,0.02,0.98,0.99,0.01,0.01,77997.49,1777239860000
1777239862.942,262.942,0.01,0.02,0.98,0.99,0.01,0.01,77998.29,1777239861000
1777239863.501,263.501,0.01,0.02,0.98,0.99,0.01,0.01,77999.26,1777239862000
1777239863.987,263.987,0.01,0.03,0.98,0.99,0.02,0.01,77999.26,1777239862000
1777239864.448,264.448,0.02,0.03,0.97,0.98,0.01,0.01,78005.63,1777239863000
1777239865.272,265.272,0.02,0.03,0.97,0.98,0.01,0.01,78009.06,1777239864000
1777239865.707,265.707,0.02,0.03,0.97,0.98,0.01,0.01,78009.06,1777239864000
1777239866.183,266.183,0.02,0.03,0.97,0.98,0.01,0.01,78009.47,1777239865000
1777239866.562,266.562,0.02,0.03,0.97,0.98,0.01,0.01,78009.47,1777239865000
1777239866.965,266.965,0.01,0.02,0.97,0.99,0.01,0.02,78009.47,1777239865000
1777239867.347,267.347,0.02,0.03,0.97,0.99,0.01,0.02,78011.18,1777239866000
1777239867.777,267.777,0.03,0.04,0.96,0.97,0.01,0.01,78011.18,1777239866000
1777239868.282,268.282,0.03,0.04,0.96,0.97,0.01,0.01,78011.18,1777239866000
1777239868.714,268.714,0.02,0.03,0.96,0.99,0.01,0.03,78011.09,1777239867000
1777239869.057,269.057,0.02,0.03,0.97,0.98,0.01,0.01,78011.09,1777239867000
1777239869.547,269.547,0.01,0.04,0.96,0.98,0.03,0.02,78011.35,1777239868000
1777239870.151,270.151,0.02,0.03,0.96,0.97,0.01,0.01,78011.35,1777239868000
1777239870.516,270.516,0.02,0.04,0.96,0.98,0.02,0.02,78013.12,1777239869000
1777239870.953,270.953,0.01,0.02,0.97,0.98,0.01,0.01,78013.12,1777239869000
1777239871.31,271.31,0.01,0.02,0.98,0.99,0.01,0.01,78013.4,1777239870000
1777239871.721,271.721,0.02,0.03,0.96,0.99,0.01,0.03,78013.4,1777239870000
1777239872.396,272.396,0.01,0.03,0.97,0.98,0.02,0.01,78013.4,1777239870000
1777239873.151,273.151,0.01,0.02,0.98,0.99,0.01,0.01,78014.63,1777239872000
1777239873.806,273.806,0.02,0.03,0.95,0.97,0.01,0.02,78014.63,1777239872000
1777239874.362,274.362,0.01,0.02,0.97,0.98,0.01,0.01,78014.56,1777239873000
1777239874.953,274.953,0.03,0.05,0.98,0.99,0.02,0.01,78014.56,1777239873000
1777239875.471,275.471,0.03,0.04,0.95,0.97,0.01,0.02,78014.68,1777239874000
1777239875.874,275.874,0.03,0.04,0.96,0.97,0.01,0.01,78014.68,1777239874000
1777239876.322,276.322,0.03,0.04,0.96,0.97,0.01,0.01,78015.01,1777239875000
1777239876.983,276.983,0.03,0.04,0.96,0.97,0.01,0.01,78015.17,1777239876000
1777239877.549,277.549,0.03,0.04,0.96,0.97,0.01,0.01,78015.17,1777239876000
1777239877.978,277.978,0.03,0.04,0.96,0.97,0.01,0.01,78015.19,1777239877000
1777239878.32,278.32,0.03,0.04,0.96,0.97,0.01,0.01,78015.19,1777239877000
1777239878.739,278.739,0.01,0.02,0.96,0.99,0.01,0.03,78015.19,1777239877000
1777239879.454,279.454,0.01,0.02,0.98,0.99,0.01,0.01,78015.27,1777239878000
1777239879.949,279.949,0.01,0.02,0.98,0.99,0.01,0.01,78015.68,1777239879000
1777239880.414,280.414,0.01,0.02,0.98,0.99,0.01,0.01,78015.68,1777239879000
1777239880.807,280.807,0.01,0.02,0.98,0.99,0.01,0.01,78015.68,1777239879000
1777239881.192,281.192,0.01,0.02,0.98,0.99,0.01,0.01,78016.41,1777239880000
1777239881.937,281.937,0.01,0.02,0.98,0.99,0.01,0.01,78016.41,1777239881000
1777239882.306,282.306,0.01,0.02,0.98,0.99,0.01,0.01,78016.41,1777239881000
1777239882.66,282.66,0.01,0.02,0.98,0.99,0.01,0.01,78016.41,1777239881000
1777239883.136,283.136,0.01,0.01,0.99,0.99,0.0,0.0,78016.44,1777239882000
1777239883.674,283.674,0.01,0.01,0.99,0.99,0.0,0.0,78016.44,1777239882000
1777239884.075,284.075,0.01,0.01,0.99,0.99,0.0,0.0,78016.46,1777239883000
1777239884.661,284.661,0.01,0.01,0.99,0.99,0.0,0.0,78016.46,1777239883000
1777239885.145,285.145,0.01,0.01,0.99,0.99,0.0,0.0,78016.46,1777239883000
1777239885.487,285.487,0.01,0.01,0.99,0.99,0.0,0.0,78016.5,1777239884000
1777239885.834,285.834,0.01,0.01,0.99,0.99,0.0,0.0,78016.5,1777239884000
1777239886.625,286.625,0.01,0.01,0.99,0.99,0.0,0.0,78016.5,1777239885000
1777239887.936,287.936,0.01,0.01,0.99,0.99,0.0,0.0,78016.37,1777239887000
1777239888.936,288.936,0.01,0.01,0.99,0.99,0.0,0.0,78016.78,1777239888000
1777239889.457,289.457,0.01,0.01,0.99,0.99,0.0,0.0,78016.78,1777239888000
1777239889.981,289.981,0.01,0.01,0.99,0.99,0.0,0.0,78016.78,1777239889000
1777239891.096,291.096,0.01,0.01,0.99,0.99,0.0,0.0,78016.76,1777239890000
1777239891.681,291.681,0.01,0.01,0.99,0.99,0.0,0.0,78016.76,1777239890000
1777239892.11,292.11,0.01,0.01,0.99,0.99,0.0,0.0,78016.79,1777239891000
1777239893.142,293.142,0.01,0.01,0.99,0.99,0.0,0.0,78016.91,1777239892000
1777239894.172,294.172,0.01,0.01,0.99,0.99,0.0,0.0,78016.8,1777239893000
1777239895.106,295.106,0.01,0.01,0.99,0.99,0.0,0.0,78016.8,1777239893000
1777239896.39,296.39,0.01,0.01,0.99,0.99,0.0,0.0,78015.18,1777239895000
1777239897.119,297.119,0.01,0.01,0.99,0.99,0.0,0.0,78015.18,1777239895000
1777239898.455,298.455,0.01,0.01,0.99,0.99,0.0,0.0,78015.24,1777239896000
1777239898.982,298.982,0.01,0.01,0.99,0.99,0.0,0.0,78015.16,1777239897000
1777239899.55,299.55,0.01,0.01,0.99,0.99,0.0,0.0,78015.16,1777239898000
1777239900.084,300.084,0.01,0.01,0.99,0.99,0.0,0.0,78015.14,1777239899000
1777239901.209,301.209,0.01,0.01,0.99,0.99,0.0,0.0,78015.32,1777239900000
1777239902.384,302.384,0.01,0.01,0.99,0.99,0.0,0.0,78015.34,1777239901000

# RESULT,winner=Down,slug=btc-updown-5m-1777239600,ticks=642
