timestamp,elapsed_sec,up_bid,up_ask,down_bid,down_ask,up_spread,down_spread,btc_price,btc_oracle_ts
1776166200.502,0.502,0.52,0.53,0.47,0.48,0.01,0.01,74379.58,1776166199000
1776166200.915,0.915,0.51,0.52,0.48,0.49,0.01,0.01,74379.58,1776166199000
1776166201.323,1.323,0.51,0.52,0.48,0.49,0.01,0.01,74379.61,1776166200000
1776166201.679,1.679,0.44,0.45,0.55,0.56,0.01,0.01,74379.61,1776166200000
1776166202.018,2.018,0.42,0.43,0.57,0.58,0.01,0.01,74379.59,1776166201000
1776166202.359,2.359,0.41,0.43,0.57,0.58,0.02,0.01,74379.59,1776166201000
1776166202.735,2.735,0.4,0.42,0.57,0.6,0.02,0.03,74379.59,1776166201000
1776166203.225,3.225,0.41,0.42,0.58,0.59,0.01,0.01,74374.22,1776166202000
1776166203.559,3.559,0.4,0.41,0.59,0.6,0.01,0.01,74374.22,1776166202000
1776166204.191,4.191,0.4,0.41,0.59,0.6,0.01,0.01,74374.22,1776166202000
1776166204.544,4.544,0.4,0.41,0.59,0.6,0.01,0.01,74374.22,1776166202000
1776166204.883,4.883,0.4,0.41,0.59,0.6,0.01,0.01,74359.25,1776166203000
1776166205.262,5.262,0.39,0.4,0.6,0.62,0.01,0.02,74359.25,1776166203000
1776166205.762,5.762,0.39,0.4,0.6,0.61,0.01,0.01,74361.01,1776166204000
1776166206.14,6.14,0.39,0.4,0.6,0.61,0.01,0.01,74361.1,1776166205000
1776166206.656,6.656,0.39,0.4,0.6,0.61,0.01,0.01,74361.1,1776166205000
1776166207.037,7.037,0.39,0.4,0.6,0.62,0.01,0.02,74361.1,1776166205000
1776166207.409,7.409,0.39,0.4,0.6,0.61,0.01,0.01,74361.77,1776166206000
1776166207.84,7.84,0.39,0.4,0.6,0.61,0.01,0.01,74361.77,1776166206000
1776166208.236,8.236,0.39,0.4,0.6,0.61,0.01,0.01,74361.77,1776166207000
1776166208.574,8.574,0.39,0.4,0.6,0.61,0.01,0.01,74361.77,1776166207000
1776166208.948,8.948,0.39,0.4,0.6,0.61,0.01,0.01,74361.77,1776166207000
1776166209.327,9.327,0.4,0.41,0.56,0.6,0.01,0.04,74362.61,1776166208000
1776166209.669,9.669,0.4,0.41,0.59,0.6,0.01,0.01,74362.61,1776166208000
1776166210.09,10.09,0.4,0.41,0.59,0.6,0.01,0.01,74362.61,1776166208000
1776166210.493,10.493,0.4,0.41,0.59,0.6,0.01,0.01,74362.1,1776166209000
1776166210.866,10.866,0.38,0.4,0.59,0.62,0.02,0.03,74362.1,1776166209000
1776166211.258,11.258,0.38,0.39,0.61,0.62,0.01,0.01,74362.1,1776166210000
1776166211.654,11.654,0.37,0.38,0.61,0.62,0.01,0.01,74362.1,1776166210000
1776166212.008,12.008,0.35,0.37,0.63,0.65,0.02,0.02,74362.1,1776166210000
1776166212.363,12.363,0.35,0.36,0.64,0.65,0.01,0.01,74364.34,1776166211000
1776166212.738,12.738,0.35,0.36,0.64,0.65,0.01,0.01,74364.34,1776166211000
1776166213.203,13.203,0.34,0.35,0.64,0.65,0.01,0.01,74364.34,1776166211000
1776166213.61,13.61,0.33,0.35,0.65,0.66,0.02,0.01,74356.22,1776166212000
1776166214.03,14.03,0.33,0.34,0.66,0.67,0.01,0.01,74354.62,1776166213000
1776166214.415,14.415,0.33,0.34,0.66,0.67,0.01,0.01,74354.62,1776166213000
1776166214.851,14.851,0.33,0.34,0.66,0.67,0.01,0.01,74354.62,1776166213000
1776166215.249,15.249,0.33,0.34,0.66,0.67,0.01,0.01,74354.62,1776166213000
1776166215.88,15.88,0.36,0.37,0.63,0.64,0.01,0.01,74354.25,1776166214000
1776166216.228,16.228,0.36,0.38,0.63,0.64,0.02,0.01,74354.25,1776166215000
1776166216.587,16.587,0.38,0.39,0.6,0.62,0.01,0.02,74354.25,1776166215000
1776166216.928,16.928,0.39,0.41,0.59,0.6,0.02,0.01,74354.25,1776166215000
1776166217.284,17.284,0.39,0.4,0.59,0.61,0.01,0.02,74356.1,1776166216000
1776166217.665,17.665,0.4,0.42,0.59,0.61,0.02,0.02,74356.1,1776166216000
1776166217.998,17.998,0.4,0.41,0.59,0.6,0.01,0.01,74356.1,1776166216000
1776166218.572,18.572,0.4,0.41,0.59,0.6,0.01,0.01,74358.54,1776166217000
1776166218.931,18.931,0.4,0.41,0.59,0.6,0.01,0.01,74358.54,1776166217000
1776166219.344,19.344,0.41,0.42,0.58,0.59,0.01,0.01,74358.54,1776166217000
1776166219.841,19.841,0.41,0.42,0.58,0.59,0.01,0.01,74365.35,1776166218000
1776166220.248,20.248,0.41,0.42,0.58,0.59,0.01,0.01,74365.35,1776166218000
1776166220.589,20.589,0.41,0.42,0.58,0.59,0.01,0.01,74365.35,1776166218000
1776166221.153,21.153,0.41,0.42,0.58,0.59,0.01,0.01,74365.35,1776166218000
1776166221.581,21.581,0.41,0.42,0.58,0.59,0.01,0.01,74365.38,1776166219000
1776166221.946,21.946,0.41,0.42,0.58,0.59,0.01,0.01,74365.38,1776166219000
1776166222.292,22.292,0.41,0.43,0.58,0.59,0.02,0.01,74365.83,1776166221000
1776166222.652,22.652,0.42,0.43,0.56,0.58,0.01,0.02,74365.83,1776166221000
1776166223.123,23.123,0.42,0.43,0.57,0.58,0.01,0.01,74365.83,1776166221000
1776166223.505,23.505,0.42,0.43,0.57,0.58,0.01,0.01,74365.83,1776166221000
1776166223.864,23.864,0.41,0.42,0.58,0.59,0.01,0.01,74365.74,1776166222000
1776166224.202,24.202,0.41,0.42,0.58,0.59,0.01,0.01,74365.74,1776166222000
1776166224.599,24.599,0.41,0.42,0.58,0.59,0.01,0.01,74365.74,1776166223000
1776166224.995,24.995,0.41,0.42,0.58,0.59,0.01,0.01,74365.74,1776166223000
1776166225.44,25.44,0.43,0.44,0.56,0.59,0.01,0.03,74366.49,1776166224000
1776166225.837,25.837,0.44,0.45,0.55,0.56,0.01,0.01,74366.49,1776166224000
1776166226.184,26.184,0.45,0.46,0.54,0.56,0.01,0.02,74366.49,1776166224000
1776166226.552,26.552,0.46,0.47,0.53,0.55,0.01,0.02,74366.49,1776166224000
1776166226.887,26.887,0.47,0.48,0.52,0.53,0.01,0.01,74366.36,1776166225000
1776166227.265,27.265,0.47,0.48,0.52,0.53,0.01,0.01,74366.36,1776166225000
1776166227.684,27.684,0.47,0.48,0.52,0.53,0.01,0.01,74366.53,1776166226000
1776166228.111,28.111,0.47,0.48,0.52,0.53,0.01,0.01,74366.53,1776166226000
1776166228.557,28.557,0.47,0.48,0.52,0.53,0.01,0.01,74371.8,1776166227000
1776166228.969,28.969,0.47,0.48,0.52,0.53,0.01,0.01,74371.8,1776166227000
1776166229.611,29.611,0.47,0.48,0.52,0.53,0.01,0.01,74372.12,1776166228000
1776166230.178,30.178,0.46,0.47,0.53,0.54,0.01,0.01,74372.12,1776166228000
1776166230.512,30.512,0.4,0.41,0.55,0.59,0.01,0.04,74372.12,1776166228000
1776166230.894,30.894,0.4,0.43,0.55,0.6,0.03,0.05,74372.12,1776166229000
1776166231.318,31.318,0.39,0.41,0.58,0.61,0.02,0.03,74372.12,1776166229000
1776166231.706,31.706,0.39,0.4,0.6,0.62,0.01,0.02,74371.16,1776166230000
1776166232.075,32.075,0.38,0.39,0.61,0.62,0.01,0.01,74371.16,1776166230000
1776166232.657,32.657,0.37,0.38,0.61,0.64,0.01,0.03,74365.72,1776166231000
1776166233.169,33.169,0.37,0.38,0.62,0.63,0.01,0.01,74365.72,1776166231000
1776166233.634,33.634,0.37,0.38,0.62,0.63,0.01,0.01,74365.72,1776166231000
1776166234.178,34.178,0.37,0.38,0.62,0.63,0.01,0.01,74360.28,1776166232000
1776166234.541,34.541,0.37,0.38,0.62,0.63,0.01,0.01,74359.42,1776166233000
1776166235.111,35.111,0.36,0.37,0.62,0.64,0.01,0.02,74359.42,1776166233000
1776166235.468,35.468,0.36,0.37,0.63,0.64,0.01,0.01,74359.51,1776166234000
1776166235.867,35.867,0.36,0.37,0.63,0.64,0.01,0.01,74359.51,1776166234000
1776166236.202,36.202,0.36,0.37,0.63,0.64,0.01,0.01,74359.51,1776166234000
1776166236.812,36.812,0.35,0.36,0.64,0.65,0.01,0.01,74359.7,1776166235000
1776166237.217,37.217,0.35,0.36,0.64,0.65,0.01,0.01,74359.7,1776166235000
1776166237.634,37.634,0.35,0.36,0.64,0.65,0.01,0.01,74359.7,1776166235000
1776166238.002,38.002,0.35,0.36,0.64,0.65,0.01,0.01,74359.68,1776166236000
1776166238.547,38.547,0.35,0.36,0.64,0.65,0.01,0.01,74359.68,1776166236000
1776166239.253,39.253,0.35,0.36,0.64,0.65,0.01,0.01,74359.53,1776166237000
1776166239.718,39.718,0.35,0.36,0.64,0.65,0.01,0.01,74359.54,1776166238000
1776166240.072,40.072,0.34,0.35,0.65,0.66,0.01,0.01,74359.54,1776166238000
1776166240.452,40.452,0.34,0.35,0.65,0.66,0.01,0.01,74359.7,1776166239000
1776166240.948,40.948,0.34,0.35,0.65,0.66,0.01,0.01,74359.7,1776166239000
1776166241.312,41.312,0.34,0.35,0.65,0.66,0.01,0.01,74359.7,1776166240000
1776166241.645,41.645,0.36,0.38,0.62,0.64,0.02,0.02,74359.7,1776166240000
1776166242.175,42.175,0.38,0.39,0.62,0.63,0.01,0.01,74359.7,1776166240000
1776166242.584,42.584,0.39,0.4,0.6,0.61,0.01,0.01,74358.13,1776166241000
1776166243.023,43.023,0.4,0.41,0.59,0.6,0.01,0.01,74358.13,1776166242000
1776166243.492,43.492,0.4,0.41,0.59,0.6,0.01,0.01,74358.13,1776166242000
1776166243.881,43.881,0.41,0.42,0.58,0.6,0.01,0.02,74358.13,1776166242000
1776166244.239,44.239,0.41,0.42,0.58,0.59,0.01,0.01,74361.77,1776166243000
1776166244.633,44.633,0.42,0.44,0.56,0.59,0.02,0.03,74361.77,1776166243000
1776166244.983,44.983,0.43,0.44,0.56,0.57,0.01,0.01,74361.77,1776166243000
1776166245.43,45.43,0.43,0.44,0.56,0.57,0.01,0.01,74363.17,1776166244000
1776166245.771,45.771,0.43,0.44,0.56,0.57,0.01,0.01,74363.17,1776166244000
1776166246.171,46.171,0.43,0.44,0.56,0.57,0.01,0.01,74366.62,1776166245000
1776166247.015,47.015,0.43,0.44,0.56,0.57,0.01,0.01,74366.62,1776166245000
1776166247.387,47.387,0.43,0.44,0.56,0.57,0.01,0.01,74367.11,1776166246000
1776166247.824,47.824,0.43,0.44,0.56,0.57,0.01,0.01,74367.11,1776166246000
1776166248.403,48.403,0.44,0.45,0.55,0.56,0.01,0.01,74367.11,1776166246000
1776166248.902,48.902,0.44,0.45,0.55,0.56,0.01,0.01,74367.11,1776166246000
1776166249.517,49.517,0.44,0.45,0.55,0.56,0.01,0.01,74367.75,1776166248000
1776166250.197,50.197,0.44,0.45,0.55,0.56,0.01,0.01,74367.75,1776166249000
1776166250.579,50.579,0.44,0.45,0.55,0.56,0.01,0.01,74367.75,1776166249000
1776166250.964,50.964,0.44,0.45,0.55,0.56,0.01,0.01,74367.75,1776166249000
1776166251.726,51.726,0.44,0.45,0.55,0.56,0.01,0.01,74367.67,1776166250000
1776166252.16,52.16,0.39,0.41,0.59,0.6,0.02,0.01,74367.67,1776166250000
1776166252.531,52.531,0.39,0.4,0.59,0.62,0.01,0.03,74367.67,1776166251000
1776166252.917,52.917,0.39,0.4,0.6,0.61,0.01,0.01,74367.67,1776166251000
1776166253.268,53.268,0.39,0.4,0.6,0.61,0.01,0.01,74367.66,1776166252000
1776166253.622,53.622,0.39,0.4,0.6,0.61,0.01,0.01,74367.66,1776166252000
1776166254.092,54.092,0.39,0.4,0.6,0.61,0.01,0.01,74364.94,1776166253000
1776166254.429,54.429,0.39,0.4,0.6,0.61,0.01,0.01,74364.94,1776166253000
1776166254.794,54.794,0.39,0.4,0.6,0.61,0.01,0.01,74364.94,1776166253000
1776166255.131,55.131,0.39,0.4,0.6,0.61,0.01,0.01,74364.94,1776166253000
1776166255.568,55.568,0.39,0.4,0.6,0.61,0.01,0.01,74364.94,1776166253000
1776166255.946,55.946,0.39,0.4,0.6,0.61,0.01,0.01,74364.95,1776166254000
1776166256.366,56.366,0.39,0.4,0.6,0.61,0.01,0.01,74364.96,1776166255000
1776166256.956,56.956,0.38,0.39,0.6,0.62,0.01,0.02,74364.96,1776166255000
1776166257.326,57.326,0.38,0.39,0.61,0.62,0.01,0.01,74364.96,1776166255000
1776166257.662,57.662,0.37,0.39,0.61,0.62,0.02,0.01,74364.45,1776166256000
1776166258.007,58.007,0.37,0.38,0.61,0.63,0.01,0.02,74364.45,1776166256000
1776166258.526,58.526,0.36,0.37,0.62,0.63,0.01,0.01,74364.91,1776166257000
1776166258.94,58.94,0.36,0.37,0.63,0.64,0.01,0.01,74364.91,1776166257000
1776166259.289,59.289,0.35,0.36,0.64,0.65,0.01,0.01,74364.89,1776166258000
1776166259.727,59.727,0.35,0.36,0.64,0.65,0.01,0.01,74364.89,1776166258000
1776166260.336,60.336,0.34,0.35,0.65,0.66,0.01,0.01,74358.97,1776166259000
1776166260.673,60.673,0.34,0.35,0.65,0.66,0.01,0.01,74358.97,1776166259000
1776166261.044,61.044,0.34,0.35,0.65,0.66,0.01,0.01,74358.97,1776166260000
1776166261.473,61.473,0.34,0.35,0.65,0.66,0.01,0.01,74358.97,1776166260000
1776166261.928,61.928,0.34,0.35,0.65,0.66,0.01,0.01,74358.97,1776166260000
1776166262.367,62.367,0.34,0.35,0.65,0.66,0.01,0.01,74359.04,1776166261000
1776166262.849,62.849,0.33,0.34,0.65,0.66,0.01,0.01,74359.04,1776166261000
1776166263.306,63.306,0.33,0.34,0.66,0.67,0.01,0.01,74359.24,1776166262000
1776166263.713,63.713,0.33,0.34,0.66,0.67,0.01,0.01,74359.24,1776166262000
1776166264.22,64.22,0.33,0.34,0.66,0.67,0.01,0.01,74359.24,1776166262000
1776166264.706,64.706,0.33,0.34,0.66,0.67,0.01,0.01,74359.36,1776166263000
1776166265.045,65.045,0.33,0.36,0.66,0.67,0.03,0.01,74359.36,1776166263000
1776166265.402,65.402,0.33,0.34,0.66,0.67,0.01,0.01,74359.36,1776166264000
1776166265.763,65.763,0.33,0.34,0.66,0.67,0.01,0.01,74359.36,1776166264000
1776166266.246,66.246,0.33,0.34,0.66,0.67,0.01,0.01,74360.66,1776166265000
1776166266.776,66.776,0.33,0.34,0.66,0.67,0.01,0.01,74360.66,1776166265000
1776166267.113,67.113,0.33,0.34,0.66,0.67,0.01,0.01,74360.66,1776166265000
1776166267.447,67.447,0.33,0.34,0.66,0.67,0.01,0.01,74361.04,1776166266000
1776166267.804,67.804,0.33,0.34,0.66,0.67,0.01,0.01,74361.04,1776166266000
1776166268.137,68.137,0.33,0.34,0.66,0.67,0.01,0.01,74361.04,1776166266000
1776166268.481,68.481,0.33,0.34,0.66,0.67,0.01,0.01,74361.47,1776166267000
1776166268.873,68.873,0.33,0.34,0.66,0.67,0.01,0.01,74361.47,1776166267000
1776166269.284,69.284,0.32,0.33,0.67,0.68,0.01,0.01,74361.47,1776166268000
1776166269.647,69.647,0.32,0.33,0.67,0.68,0.01,0.01,74361.47,1776166268000
1776166269.992,69.992,0.32,0.33,0.67,0.68,0.01,0.01,74361.47,1776166268000
1776166270.338,70.338,0.31,0.32,0.68,0.69,0.01,0.01,74361.47,1776166268000
1776166270.743,70.743,0.31,0.32,0.68,0.69,0.01,0.01,74361.47,1776166268000
1776166271.219,71.219,0.31,0.32,0.68,0.69,0.01,0.01,74357.38,1776166269000
1776166271.726,71.726,0.3,0.31,0.69,0.7,0.01,0.01,74357.69,1776166270000
1776166272.061,72.061,0.3,0.31,0.69,0.7,0.01,0.01,74357.69,1776166271000
1776166272.454,72.454,0.29,0.3,0.69,0.71,0.01,0.02,74357.69,1776166271000
1776166272.879,72.879,0.29,0.3,0.7,0.71,0.01,0.01,74357.69,1776166271000
1776166273.277,73.277,0.28,0.29,0.71,0.72,0.01,0.01,74354.02,1776166272000
1776166273.722,73.722,0.28,0.29,0.71,0.72,0.01,0.01,74354.02,1776166272000
1776166274.127,74.127,0.28,0.29,0.71,0.72,0.01,0.01,74353.24,1776166273000
1776166274.465,74.465,0.27,0.29,0.71,0.73,0.02,0.02,74353.24,1776166273000
1776166274.81,74.81,0.27,0.28,0.72,0.73,0.01,0.01,74353.24,1776166273000
1776166275.145,75.145,0.27,0.28,0.72,0.73,0.01,0.01,74349.72,1776166274000
1776166275.588,75.588,0.27,0.28,0.72,0.73,0.01,0.01,74349.72,1776166274000
1776166276.054,76.054,0.27,0.28,0.72,0.73,0.01,0.01,74349.72,1776166274000
1776166276.427,76.427,0.27,0.28,0.72,0.73,0.01,0.01,74348.65,1776166275000
1776166276.961,76.961,0.27,0.28,0.72,0.73,0.01,0.01,74348.65,1776166275000
1776166277.416,77.416,0.27,0.28,0.72,0.73,0.01,0.01,74350.56,1776166276000
1776166277.972,77.972,0.27,0.28,0.72,0.73,0.01,0.01,74350.88,1776166277000
1776166278.327,78.327,0.26,0.27,0.73,0.74,0.01,0.01,74350.88,1776166277000
1776166278.745,78.745,0.26,0.27,0.73,0.74,0.01,0.01,74350.88,1776166277000
1776166279.11,79.11,0.26,0.27,0.73,0.74,0.01,0.01,74350.83,1776166278000
1776166279.519,79.519,0.27,0.29,0.71,0.72,0.02,0.01,74350.83,1776166278000
1776166279.903,79.903,0.27,0.28,0.72,0.73,0.01,0.01,74350.83,1776166278000
1776166280.273,80.273,0.27,0.28,0.72,0.73,0.01,0.01,74350.83,1776166278000
1776166280.639,80.639,0.27,0.28,0.72,0.73,0.01,0.01,74350.03,1776166279000
1776166281.02,81.02,0.27,0.28,0.72,0.73,0.01,0.01,74350.03,1776166279000
1776166281.775,81.775,0.27,0.28,0.72,0.73,0.01,0.01,74352.31,1776166280000
1776166282.22,82.22,0.27,0.28,0.72,0.73,0.01,0.01,74352.48,1776166281000
1776166282.555,82.555,0.26,0.27,0.73,0.74,0.01,0.01,74352.48,1776166281000
1776166282.913,82.913,0.26,0.27,0.73,0.74,0.01,0.01,74352.48,1776166281000
1776166283.361,83.361,0.26,0.27,0.73,0.74,0.01,0.01,74351.0,1776166282000
1776166283.817,83.817,0.26,0.27,0.73,0.74,0.01,0.01,74351.0,1776166282000
1776166284.16,84.16,0.26,0.27,0.73,0.74,0.01,0.01,74350.95,1776166283000
1776166284.529,84.529,0.26,0.27,0.73,0.74,0.01,0.01,74350.95,1776166283000
1776166285.335,85.335,0.26,0.27,0.73,0.74,0.01,0.01,74350.95,1776166283000
1776166285.673,85.673,0.25,0.26,0.73,0.75,0.01,0.02,74350.95,1776166283000
1776166286.256,86.256,0.25,0.26,0.74,0.75,0.01,0.01,74351.99,1776166285000
1776166286.77,86.77,0.25,0.26,0.74,0.75,0.01,0.01,74351.99,1776166285000
1776166287.155,87.155,0.25,0.26,0.74,0.75,0.01,0.01,74351.99,1776166285000
1776166287.567,87.567,0.25,0.26,0.74,0.75,0.01,0.01,74351.92,1776166286000
1776166288.307,88.307,0.24,0.26,0.74,0.76,0.02,0.02,74350.57,1776166287000
1776166288.678,88.678,0.23,0.25,0.75,0.76,0.02,0.01,74350.57,1776166287000
1776166289.244,89.244,0.21,0.22,0.78,0.79,0.01,0.01,74350.57,1776166287000
1776166289.807,89.807,0.21,0.23,0.78,0.79,0.02,0.01,74348.54,1776166288000
1776166290.309,90.309,0.22,0.24,0.76,0.78,0.02,0.02,74342.62,1776166289000
1776166290.652,90.652,0.24,0.28,0.74,0.76,0.04,0.02,74342.62,1776166289000
1776166291.003,91.003,0.28,0.29,0.71,0.72,0.01,0.01,74342.62,1776166289000
1776166291.338,91.338,0.28,0.29,0.71,0.72,0.01,0.01,74342.62,1776166290000
1776166291.679,91.679,0.28,0.29,0.71,0.72,0.01,0.01,74342.62,1776166290000
1776166292.039,92.039,0.28,0.29,0.71,0.72,0.01,0.01,74342.62,1776166290000
1776166292.402,92.402,0.28,0.29,0.71,0.72,0.01,0.01,74345.81,1776166291000
1776166293.119,93.119,0.28,0.29,0.71,0.72,0.01,0.01,74345.81,1776166291000
1776166293.71,93.71,0.28,0.29,0.71,0.72,0.01,0.01,74347.84,1776166292000
1776166294.264,94.264,0.28,0.29,0.71,0.72,0.01,0.01,74351.62,1776166293000
1776166294.753,94.753,0.27,0.29,0.71,0.72,0.02,0.01,74351.62,1776166293000
1776166295.171,95.171,0.27,0.28,0.71,0.73,0.01,0.02,74351.62,1776166294000
1776166295.513,95.513,0.27,0.28,0.72,0.73,0.01,0.01,74351.62,1776166294000
1776166295.958,95.958,0.25,0.27,0.73,0.75,0.02,0.02,74351.83,1776166295000
1776166296.301,96.301,0.26,0.27,0.73,0.74,0.01,0.01,74351.83,1776166295000
1776166296.657,96.657,0.26,0.27,0.72,0.74,0.01,0.02,74351.83,1776166295000
1776166297.283,97.283,0.26,0.27,0.73,0.74,0.01,0.01,74350.2,1776166296000
1776166297.775,97.775,0.26,0.27,0.73,0.74,0.01,0.01,74350.2,1776166296000
1776166298.419,98.419,0.26,0.27,0.73,0.74,0.01,0.01,74346.29,1776166297000
1776166298.895,98.895,0.26,0.27,0.73,0.74,0.01,0.01,74346.29,1776166297000
1776166299.37,99.37,0.26,0.27,0.73,0.74,0.01,0.01,74350.83,1776166298000
1776166299.709,99.709,0.26,0.27,0.73,0.74,0.01,0.01,74350.83,1776166298000
1776166300.059,100.059,0.26,0.28,0.72,0.73,0.02,0.01,74350.83,1776166298000
1776166300.512,100.512,0.26,0.27,0.73,0.74,0.01,0.01,74351.07,1776166299000
1776166300.861,100.861,0.26,0.27,0.73,0.74,0.01,0.01,74351.07,1776166299000
1776166301.443,101.443,0.26,0.27,0.73,0.74,0.01,0.01,74351.07,1776166300000
1776166302.134,102.134,0.26,0.27,0.73,0.74,0.01,0.01,74351.07,1776166300000
1776166302.546,102.546,0.26,0.27,0.73,0.74,0.01,0.01,74351.1,1776166301000
1776166303.195,103.195,0.26,0.27,0.73,0.74,0.01,0.01,74351.1,1776166301000
1776166303.608,103.608,0.26,0.27,0.73,0.74,0.01,0.01,74350.88,1776166302000
1776166303.941,103.941,0.26,0.28,0.72,0.74,0.02,0.02,74351.0,1776166303000
1776166304.339,104.339,0.27,0.29,0.72,0.73,0.02,0.01,74351.0,1776166303000
1776166304.746,104.746,0.28,0.29,0.71,0.72,0.01,0.01,74351.0,1776166303000
1776166305.274,105.274,0.28,0.29,0.71,0.72,0.01,0.01,74350.56,1776166304000
1776166306.31,106.31,0.28,0.29,0.71,0.72,0.01,0.01,74350.56,1776166304000
1776166306.657,106.657,0.28,0.29,0.71,0.72,0.01,0.01,74351.59,1776166305000
1776166307.041,107.041,0.28,0.29,0.71,0.72,0.01,0.01,74352.46,1776166306000
1776166307.407,107.407,0.28,0.29,0.71,0.72,0.01,0.01,74352.46,1776166306000
1776166308.058,108.058,0.28,0.29,0.71,0.72,0.01,0.01,74352.17,1776166307000
1776166308.667,108.667,0.28,0.29,0.71,0.72,0.01,0.01,74352.17,1776166307000
1776166309.002,109.002,0.29,0.3,0.7,0.71,0.01,0.01,74352.17,1776166307000
1776166309.398,109.398,0.29,0.3,0.7,0.71,0.01,0.01,74352.18,1776166308000
1776166309.778,109.778,0.29,0.3,0.7,0.71,0.01,0.01,74352.18,1776166308000
1776166310.146,110.146,0.29,0.3,0.7,0.71,0.01,0.01,74352.24,1776166309000
1776166310.561,110.561,0.29,0.3,0.69,0.71,0.01,0.02,74352.24,1776166309000
1776166310.935,110.935,0.29,0.3,0.7,0.71,0.01,0.01,74352.24,1776166309000
1776166311.547,111.547,0.29,0.3,0.7,0.71,0.01,0.01,74356.45,1776166310000
1776166312.332,112.332,0.29,0.3,0.7,0.71,0.01,0.01,74356.45,1776166310000
1776166312.676,112.676,0.29,0.3,0.7,0.71,0.01,0.01,74356.45,1776166311000
1776166313.051,113.051,0.29,0.3,0.7,0.71,0.01,0.01,74356.45,1776166311000
1776166313.462,113.462,0.29,0.3,0.7,0.71,0.01,0.01,74356.28,1776166312000
1776166314.139,114.139,0.29,0.3,0.7,0.71,0.01,0.01,74356.28,1776166312000
1776166314.519,114.519,0.29,0.3,0.7,0.71,0.01,0.01,74356.34,1776166313000
1776166314.945,114.945,0.29,0.3,0.7,0.71,0.01,0.01,74356.34,1776166313000
1776166315.333,115.333,0.3,0.31,0.69,0.7,0.01,0.01,74356.34,1776166314000
1776166315.684,115.684,0.3,0.31,0.69,0.7,0.01,0.01,74356.34,1776166314000
1776166316.057,116.057,0.3,0.31,0.69,0.7,0.01,0.01,74356.34,1776166315000
1776166316.516,116.516,0.31,0.32,0.68,0.69,0.01,0.01,74356.34,1776166315000
1776166316.898,116.898,0.31,0.32,0.68,0.69,0.01,0.01,74356.34,1776166315000
1776166317.287,117.287,0.31,0.32,0.68,0.69,0.01,0.01,74356.56,1776166316000
1776166317.649,117.649,0.31,0.32,0.68,0.69,0.01,0.01,74356.56,1776166316000
1776166318.003,118.003,0.31,0.32,0.68,0.69,0.01,0.01,74356.56,1776166316000
1776166318.455,118.455,0.3,0.32,0.68,0.69,0.02,0.01,74356.59,1776166317000
1776166319.0,119.0,0.27,0.3,0.69,0.71,0.03,0.02,74356.59,1776166317000
1776166319.356,119.356,0.26,0.27,0.7,0.74,0.01,0.04,74356.59,1776166317000
1776166319.707,119.707,0.26,0.27,0.73,0.74,0.01,0.01,74358.17,1776166318000
1776166320.294,120.294,0.25,0.26,0.74,0.75,0.01,0.01,74357.59,1776166319000
1776166320.888,120.888,0.25,0.26,0.74,0.75,0.01,0.01,74357.59,1776166319000
1776166321.243,121.243,0.25,0.26,0.74,0.75,0.01,0.01,74357.59,1776166319000
1776166322.317,122.317,0.25,0.26,0.74,0.75,0.01,0.01,74353.36,1776166320000
1776166322.717,122.717,0.25,0.26,0.74,0.75,0.01,0.01,74352.32,1776166321000
1776166323.289,123.289,0.25,0.27,0.73,0.75,0.02,0.02,74352.32,1776166322000
1776166324.453,124.453,0.26,0.27,0.73,0.74,0.01,0.01,74352.32,1776166322000
1776166324.824,124.824,0.32,0.33,0.67,0.68,0.01,0.01,74349.48,1776166323000
1776166325.158,125.158,0.36,0.37,0.65,0.67,0.01,0.02,74349.48,1776166323000
1776166325.53,125.53,0.34,0.37,0.63,0.66,0.03,0.03,74353.47,1776166324000
1776166325.877,125.877,0.36,0.37,0.63,0.64,0.01,0.01,74353.47,1776166324000
1776166326.246,126.246,0.36,0.37,0.63,0.64,0.01,0.01,74353.47,1776166324000
1776166326.584,126.584,0.36,0.37,0.63,0.64,0.01,0.01,74364.01,1776166325000
1776166326.927,126.927,0.37,0.39,0.62,0.63,0.02,0.01,74364.01,1776166325000
1776166327.321,127.321,0.37,0.39,0.61,0.63,0.02,0.02,74372.02,1776166326000
1776166327.667,127.667,0.38,0.4,0.59,0.62,0.02,0.03,74372.02,1776166326000
1776166328.007,128.007,0.39,0.4,0.6,0.61,0.01,0.01,74372.02,1776166326000
1776166328.362,128.362,0.39,0.4,0.6,0.61,0.01,0.01,74372.02,1776166326000
1776166328.813,128.813,0.4,0.41,0.59,0.6,0.01,0.01,74377.93,1776166327000
1776166329.184,129.184,0.4,0.41,0.59,0.6,0.01,0.01,74376.67,1776166328000
1776166329.522,129.522,0.4,0.41,0.59,0.6,0.01,0.01,74376.67,1776166328000
1776166329.877,129.877,0.4,0.41,0.59,0.6,0.01,0.01,74376.67,1776166328000
1776166330.22,130.22,0.4,0.41,0.59,0.6,0.01,0.01,74376.39,1776166329000
1776166330.799,130.799,0.41,0.42,0.58,0.59,0.01,0.01,74376.39,1776166329000
1776166331.298,131.298,0.41,0.42,0.58,0.59,0.01,0.01,74377.05,1776166330000
1776166331.644,131.644,0.41,0.42,0.58,0.59,0.01,0.01,74377.05,1776166330000
1776166332.015,132.015,0.41,0.42,0.58,0.59,0.01,0.01,74377.05,1776166330000
1776166332.37,132.37,0.39,0.4,0.6,0.61,0.01,0.01,74376.96,1776166331000
1776166332.762,132.762,0.38,0.39,0.61,0.62,0.01,0.01,74376.96,1776166331000
1776166333.224,133.224,0.38,0.39,0.61,0.62,0.01,0.01,74376.96,1776166331000
1776166333.608,133.608,0.38,0.39,0.61,0.62,0.01,0.01,74372.73,1776166332000
1776166334.41,134.41,0.38,0.39,0.61,0.62,0.01,0.01,74370.8,1776166333000
1776166334.761,134.761,0.37,0.38,0.62,0.63,0.01,0.01,74370.8,1776166333000
1776166335.253,135.253,0.37,0.38,0.62,0.63,0.01,0.01,74370.8,1776166333000
1776166335.844,135.844,0.36,0.37,0.62,0.64,0.01,0.02,74369.79,1776166334000
1776166336.189,136.189,0.36,0.37,0.63,0.64,0.01,0.01,74369.79,1776166334000
1776166336.557,136.557,0.34,0.35,0.65,0.66,0.01,0.01,74366.62,1776166335000
1776166337.068,137.068,0.34,0.35,0.65,0.66,0.01,0.01,74366.62,1776166335000
1776166337.559,137.559,0.34,0.35,0.65,0.66,0.01,0.01,74366.26,1776166336000
1776166338.207,138.207,0.34,0.35,0.65,0.66,0.01,0.01,74366.26,1776166337000
1776166338.593,138.593,0.34,0.35,0.65,0.66,0.01,0.01,74366.26,1776166337000
1776166339.144,139.144,0.35,0.36,0.65,0.66,0.01,0.01,74366.26,1776166337000
1776166339.595,139.595,0.35,0.36,0.64,0.65,0.01,0.01,74366.5,1776166338000
1776166340.248,140.248,0.35,0.36,0.64,0.65,0.01,0.01,74366.5,1776166339000
1776166340.669,140.669,0.35,0.36,0.64,0.65,0.01,0.01,74366.5,1776166339000
1776166341.025,141.025,0.35,0.36,0.64,0.65,0.01,0.01,74366.5,1776166339000
1776166341.367,141.367,0.35,0.36,0.64,0.65,0.01,0.01,74366.65,1776166340000
1776166341.723,141.723,0.35,0.36,0.64,0.65,0.01,0.01,74366.65,1776166340000
1776166342.332,142.332,0.35,0.36,0.64,0.65,0.01,0.01,74368.78,1776166341000
1776166342.777,142.777,0.36,0.37,0.63,0.64,0.01,0.01,74368.78,1776166341000
1776166343.48,143.48,0.36,0.37,0.63,0.64,0.01,0.01,74369.06,1776166342000
1776166343.932,143.932,0.36,0.37,0.63,0.64,0.01,0.01,74369.51,1776166343000
1776166344.282,144.282,0.36,0.37,0.63,0.64,0.01,0.01,74369.51,1776166343000
1776166344.951,144.951,0.36,0.37,0.63,0.64,0.01,0.01,74369.7,1776166344000
1776166345.358,145.358,0.38,0.39,0.61,0.63,0.01,0.02,74369.7,1776166344000
1776166345.995,145.995,0.38,0.39,0.61,0.62,0.01,0.01,74369.69,1776166345000
1776166346.359,146.359,0.4,0.41,0.59,0.61,0.01,0.02,74369.69,1776166345000
1776166346.703,146.703,0.4,0.41,0.59,0.6,0.01,0.01,74369.69,1776166345000
1776166347.082,147.082,0.4,0.42,0.59,0.6,0.02,0.01,74369.76,1776166346000
1776166347.427,147.427,0.41,0.42,0.58,0.6,0.01,0.02,74369.76,1776166346000
1776166347.851,147.851,0.41,0.42,0.58,0.59,0.01,0.01,74369.76,1776166346000
1776166348.621,148.621,0.42,0.43,0.58,0.59,0.01,0.01,74369.83,1776166347000
1776166349.107,149.107,0.43,0.44,0.56,0.57,0.01,0.01,74370.29,1776166348000
1776166349.49,149.49,0.43,0.44,0.56,0.57,0.01,0.01,74370.29,1776166348000
1776166349.853,149.853,0.43,0.44,0.56,0.57,0.01,0.01,74370.29,1776166348000
1776166350.301,150.301,0.42,0.43,0.56,0.58,0.01,0.02,74372.03,1776166349000
1776166350.821,150.821,0.42,0.43,0.57,0.58,0.01,0.01,74372.03,1776166349000
1776166351.268,151.268,0.42,0.43,0.57,0.58,0.01,0.01,74372.52,1776166350000
1776166351.653,151.653,0.42,0.43,0.57,0.58,0.01,0.01,74372.52,1776166350000
1776166351.991,151.991,0.42,0.43,0.57,0.58,0.01,0.01,74371.74,1776166351000
1776166352.385,152.385,0.42,0.43,0.57,0.58,0.01,0.01,74371.74,1776166351000
1776166352.924,152.924,0.4,0.43,0.57,0.58,0.03,0.01,74371.74,1776166351000
1776166353.317,153.317,0.38,0.4,0.59,0.61,0.02,0.02,74371.65,1776166352000
1776166353.667,153.667,0.35,0.37,0.6,0.66,0.02,0.06,74371.65,1776166352000
1776166354.05,154.05,0.35,0.36,0.63,0.66,0.01,0.03,74371.54,1776166353000
1776166354.386,154.386,0.35,0.36,0.64,0.65,0.01,0.01,74371.54,1776166353000
1776166354.968,154.968,0.35,0.36,0.64,0.65,0.01,0.01,74368.79,1776166354000
1776166355.411,155.411,0.34,0.35,0.64,0.65,0.01,0.01,74368.79,1776166354000
1776166355.766,155.766,0.36,0.37,0.63,0.66,0.01,0.03,74368.79,1776166354000
1776166356.328,156.328,0.36,0.37,0.63,0.64,0.01,0.01,74367.1,1776166355000
1776166356.699,156.699,0.36,0.37,0.63,0.64,0.01,0.01,74367.1,1776166355000
1776166357.032,157.032,0.36,0.37,0.63,0.64,0.01,0.01,74367.1,1776166355000
1776166357.448,157.448,0.36,0.37,0.63,0.64,0.01,0.01,74367.1,1776166355000
1776166357.995,157.995,0.36,0.37,0.63,0.64,0.01,0.01,74365.67,1776166356000
1776166358.382,158.382,0.37,0.38,0.63,0.64,0.01,0.01,74365.67,1776166357000
1776166359.031,159.031,0.37,0.38,0.62,0.63,0.01,0.01,74365.67,1776166357000
1776166359.426,159.426,0.37,0.38,0.62,0.63,0.01,0.01,74365.67,1776166357000
1776166359.881,159.881,0.37,0.38,0.62,0.63,0.01,0.01,74369.71,1776166358000
1776166360.46,160.46,0.37,0.38,0.62,0.63,0.01,0.01,74369.71,1776166359000
1776166360.879,160.879,0.36,0.37,0.63,0.64,0.01,0.01,74369.71,1776166359000
1776166361.252,161.252,0.36,0.37,0.63,0.64,0.01,0.01,74369.71,1776166359000
1776166361.594,161.594,0.35,0.36,0.64,0.65,0.01,0.01,74369.95,1776166360000
1776166362.224,162.224,0.35,0.36,0.64,0.65,0.01,0.01,74369.95,1776166360000
1776166362.649,162.649,0.35,0.36,0.64,0.65,0.01,0.01,74368.89,1776166361000
1776166363.062,163.062,0.35,0.36,0.64,0.65,0.01,0.01,74368.74,1776166362000
1776166363.424,163.424,0.35,0.36,0.64,0.65,0.01,0.01,74368.74,1776166362000
1776166363.95,163.95,0.35,0.36,0.64,0.65,0.01,0.01,74368.74,1776166362000
1776166364.571,164.571,0.35,0.36,0.64,0.65,0.01,0.01,74367.68,1776166363000
1776166365.254,165.254,0.34,0.36,0.64,0.65,0.02,0.01,74367.68,1776166363000
1776166365.867,165.867,0.34,0.35,0.65,0.66,0.01,0.01,74367.63,1776166364000
1776166366.323,166.323,0.33,0.34,0.66,0.68,0.01,0.02,74367.63,1776166365000
1776166366.836,166.836,0.31,0.32,0.67,0.69,0.01,0.02,74367.63,1776166365000
1776166367.499,167.499,0.3,0.31,0.68,0.69,0.01,0.01,74365.86,1776166366000
1776166367.938,167.938,0.29,0.31,0.69,0.7,0.02,0.01,74365.86,1776166366000
1776166368.419,168.419,0.29,0.3,0.7,0.71,0.01,0.01,74362.84,1776166367000
1776166368.759,168.759,0.29,0.3,0.7,0.71,0.01,0.01,74362.84,1776166367000
1776166369.315,169.315,0.29,0.3,0.7,0.71,0.01,0.01,74360.87,1776166368000
1776166369.739,169.739,0.29,0.3,0.7,0.71,0.01,0.01,74360.87,1776166368000
1776166370.432,170.432,0.29,0.3,0.7,0.71,0.01,0.01,74359.71,1776166369000
1776166370.795,170.795,0.29,0.3,0.7,0.71,0.01,0.01,74359.71,1776166369000
1776166371.161,171.161,0.27,0.29,0.71,0.73,0.02,0.02,74359.71,1776166369000
1776166371.631,171.631,0.26,0.27,0.73,0.74,0.01,0.01,74359.17,1776166370000
1776166371.989,171.989,0.26,0.27,0.73,0.74,0.01,0.01,74359.17,1776166370000
1776166372.815,172.815,0.24,0.25,0.74,0.75,0.01,0.01,74358.18,1776166371000
1776166373.151,173.151,0.24,0.25,0.75,0.76,0.01,0.01,74357.65,1776166372000
1776166373.871,173.871,0.24,0.25,0.75,0.76,0.01,0.01,74357.65,1776166372000
1776166374.504,174.504,0.24,0.25,0.75,0.76,0.01,0.01,74357.65,1776166373000
1776166375.043,175.043,0.24,0.25,0.75,0.76,0.01,0.01,74357.75,1776166374000
1776166375.396,175.396,0.24,0.25,0.75,0.76,0.01,0.01,74357.75,1776166374000
1776166375.957,175.957,0.24,0.25,0.75,0.76,0.01,0.01,74357.14,1776166375000
1776166376.697,176.697,0.24,0.25,0.75,0.76,0.01,0.01,74357.14,1776166375000
1776166377.136,177.136,0.23,0.25,0.75,0.76,0.02,0.01,74356.09,1776166376000
1776166377.709,177.709,0.23,0.24,0.76,0.77,0.01,0.01,74356.09,1776166376000
1776166378.598,178.598,0.23,0.24,0.76,0.77,0.01,0.01,74356.09,1776166377000
1776166378.955,178.955,0.23,0.24,0.76,0.77,0.01,0.01,74356.09,1776166378000
1776166379.806,179.806,0.23,0.24,0.76,0.77,0.01,0.01,74356.09,1776166378000
1776166380.576,180.576,0.23,0.24,0.76,0.77,0.01,0.01,74355.96,1776166379000
1776166380.943,180.943,0.23,0.24,0.76,0.77,0.01,0.01,74355.96,1776166379000
1776166381.374,181.374,0.23,0.24,0.76,0.77,0.01,0.01,74354.68,1776166380000
1776166381.785,181.785,0.23,0.24,0.76,0.77,0.01,0.01,74354.68,1776166380000
1776166382.221,182.221,0.22,0.24,0.76,0.77,0.02,0.01,74353.17,1776166381000
1776166382.569,182.569,0.22,0.23,0.77,0.78,0.01,0.01,74353.17,1776166381000
1776166383.134,183.134,0.22,0.23,0.77,0.78,0.01,0.01,74351.71,1776166382000
1776166384.128,184.128,0.22,0.23,0.77,0.78,0.01,0.01,74351.71,1776166382000
1776166384.48,184.48,0.22,0.23,0.77,0.78,0.01,0.01,74351.71,1776166382000
1776166384.869,184.869,0.21,0.22,0.78,0.79,0.01,0.01,74350.71,1776166383000
1776166385.248,185.248,0.21,0.22,0.78,0.79,0.01,0.01,74350.21,1776166384000
1776166385.658,185.658,0.21,0.22,0.78,0.79,0.01,0.01,74350.21,1776166384000
1776166386.098,186.098,0.21,0.22,0.78,0.79,0.01,0.01,74350.21,1776166384000
1776166386.555,186.555,0.21,0.22,0.78,0.79,0.01,0.01,74354.13,1776166385000
1776166386.902,186.902,0.21,0.22,0.78,0.79,0.01,0.01,74354.13,1776166385000
1776166387.307,187.307,0.21,0.22,0.78,0.79,0.01,0.01,74355.09,1776166386000
1776166387.643,187.643,0.21,0.22,0.78,0.79,0.01,0.01,74355.09,1776166386000
1776166388.009,188.009,0.21,0.22,0.78,0.79,0.01,0.01,74355.08,1776166387000
1776166388.401,188.401,0.21,0.22,0.78,0.79,0.01,0.01,74355.08,1776166387000
1776166388.896,188.896,0.21,0.22,0.78,0.79,0.01,0.01,74355.08,1776166387000
1776166389.342,189.342,0.2,0.22,0.78,0.79,0.02,0.01,74354.76,1776166388000
1776166389.688,189.688,0.2,0.21,0.78,0.8,0.01,0.02,74354.76,1776166388000
1776166390.022,190.022,0.2,0.21,0.79,0.8,0.01,0.01,74349.64,1776166389000
1776166390.386,190.386,0.2,0.21,0.79,0.8,0.01,0.01,74349.64,1776166389000
1776166390.747,190.747,0.2,0.21,0.79,0.8,0.01,0.01,74349.64,1776166389000
1776166391.211,191.211,0.2,0.21,0.79,0.8,0.01,0.01,74354.69,1776166390000
1776166391.801,191.801,0.2,0.21,0.79,0.8,0.01,0.01,74354.69,1776166390000
1776166392.186,192.186,0.2,0.21,0.79,0.8,0.01,0.01,74354.69,1776166390000
1776166392.614,192.614,0.2,0.21,0.79,0.8,0.01,0.01,74354.69,1776166391000
1776166393.027,193.027,0.2,0.21,0.79,0.8,0.01,0.01,74354.68,1776166392000
1776166393.372,193.372,0.2,0.21,0.79,0.8,0.01,0.01,74354.68,1776166392000
1776166393.756,193.756,0.19,0.2,0.79,0.81,0.01,0.02,74354.68,1776166392000
1776166394.152,194.152,0.19,0.2,0.8,0.81,0.01,0.01,74354.68,1776166392000
1776166394.515,194.515,0.19,0.2,0.8,0.81,0.01,0.01,74354.69,1776166393000
1776166395.002,195.002,0.19,0.2,0.8,0.81,0.01,0.01,74354.69,1776166393000
1776166395.406,195.406,0.19,0.2,0.8,0.81,0.01,0.01,74353.71,1776166394000
1776166395.995,195.995,0.18,0.19,0.8,0.81,0.01,0.01,74353.71,1776166394000
1776166396.352,196.352,0.18,0.19,0.81,0.82,0.01,0.01,74353.71,1776166395000
1776166397.251,197.251,0.18,0.19,0.81,0.82,0.01,0.01,74353.71,1776166396000
1776166397.723,197.723,0.18,0.19,0.81,0.82,0.01,0.01,74353.71,1776166396000
1776166398.124,198.124,0.18,0.19,0.81,0.82,0.01,0.01,74353.71,1776166396000
1776166398.646,198.646,0.18,0.19,0.81,0.82,0.01,0.01,74353.71,1776166397000
1776166399.095,199.095,0.19,0.21,0.79,0.81,0.02,0.02,74353.71,1776166397000
1776166400.016,200.016,0.2,0.21,0.79,0.8,0.01,0.01,74354.53,1776166398000
1776166400.485,200.485,0.21,0.22,0.78,0.8,0.01,0.02,74354.53,1776166398000
1776166400.841,200.841,0.21,0.22,0.78,0.79,0.01,0.01,74354.53,1776166398000
1776166401.346,201.346,0.22,0.23,0.78,0.79,0.01,0.01,74356.53,1776166400000
1776166401.793,201.793,0.22,0.23,0.77,0.78,0.01,0.01,74356.53,1776166400000
1776166402.148,202.148,0.22,0.23,0.77,0.78,0.01,0.01,74356.53,1776166400000
1776166402.826,202.826,0.22,0.24,0.77,0.78,0.02,0.01,74359.09,1776166401000
1776166403.229,203.229,0.22,0.23,0.77,0.78,0.01,0.01,74359.99,1776166402000
1776166403.801,203.801,0.22,0.23,0.77,0.78,0.01,0.01,74359.99,1776166402000
1776166404.16,204.16,0.24,0.25,0.75,0.76,0.01,0.01,74359.99,1776166402000
1776166404.602,204.602,0.24,0.25,0.75,0.76,0.01,0.01,74359.99,1776166403000
1776166405.254,205.254,0.24,0.25,0.75,0.76,0.01,0.01,74359.98,1776166404000
1776166405.59,205.59,0.24,0.25,0.75,0.76,0.01,0.01,74359.98,1776166404000
1776166405.995,205.995,0.24,0.25,0.75,0.76,0.01,0.01,74359.98,1776166404000
1776166406.33,206.33,0.24,0.25,0.75,0.76,0.01,0.01,74359.98,1776166404000
1776166407.273,207.273,0.24,0.26,0.75,0.76,0.02,0.01,74360.04,1776166405000
1776166407.616,207.616,0.29,0.31,0.7,0.71,0.02,0.01,74360.27,1776166406000
1776166408.017,208.017,0.29,0.31,0.69,0.71,0.02,0.02,74360.28,1776166407000
1776166408.456,208.456,0.29,0.31,0.69,0.71,0.02,0.02,74360.28,1776166407000
1776166408.915,208.915,0.31,0.32,0.68,0.71,0.01,0.03,74360.28,1776166407000
1776166409.249,209.249,0.29,0.33,0.7,0.71,0.04,0.01,74360.76,1776166408000
1776166409.617,209.617,0.3,0.33,0.68,0.7,0.03,0.02,74360.76,1776166408000
1776166409.956,209.956,0.31,0.32,0.68,0.69,0.01,0.01,74360.76,1776166408000
1776166410.335,210.335,0.31,0.32,0.68,0.69,0.01,0.01,74367.02,1776166409000
1776166410.677,210.677,0.31,0.32,0.68,0.69,0.01,0.01,74367.02,1776166409000
1776166411.097,211.097,0.31,0.32,0.68,0.69,0.01,0.01,74367.02,1776166409000
1776166411.465,211.465,0.31,0.32,0.68,0.69,0.01,0.01,74367.14,1776166410000
1776166411.835,211.835,0.31,0.32,0.68,0.69,0.01,0.01,74367.14,1776166410000
1776166412.185,212.185,0.31,0.32,0.68,0.69,0.01,0.01,74367.14,1776166411000
1776166412.55,212.55,0.31,0.32,0.68,0.69,0.01,0.01,74367.14,1776166411000
1776166412.928,212.928,0.31,0.32,0.68,0.69,0.01,0.01,74367.14,1776166411000
1776166413.37,213.37,0.31,0.32,0.68,0.69,0.01,0.01,74367.14,1776166412000
1776166414.019,214.019,0.31,0.32,0.68,0.69,0.01,0.01,74367.14,1776166412000
1776166414.392,214.392,0.31,0.32,0.68,0.69,0.01,0.01,74367.12,1776166413000
1776166414.739,214.739,0.31,0.32,0.68,0.69,0.01,0.01,74367.12,1776166413000
1776166415.138,215.138,0.31,0.32,0.68,0.69,0.01,0.01,74367.04,1776166414000
1776166415.753,215.753,0.31,0.32,0.68,0.69,0.01,0.01,74367.04,1776166414000
1776166416.102,216.102,0.31,0.32,0.68,0.69,0.01,0.01,74367.04,1776166414000
1776166417.41,217.41,0.3,0.32,0.68,0.7,0.02,0.02,74366.64,1776166416000
1776166417.771,217.771,0.3,0.31,0.69,0.7,0.01,0.01,74366.64,1776166416000
1776166418.191,218.191,0.3,0.31,0.68,0.7,0.01,0.02,74366.64,1776166417000
1776166418.537,218.537,0.31,0.34,0.66,0.69,0.03,0.03,74366.64,1776166417000
1776166418.926,218.926,0.34,0.35,0.64,0.66,0.01,0.02,74366.64,1776166417000
1776166419.263,219.263,0.34,0.36,0.65,0.66,0.02,0.01,74368.89,1776166418000
1776166419.603,219.603,0.34,0.35,0.65,0.66,0.01,0.01,74368.89,1776166418000
1776166420.093,220.093,0.34,0.35,0.65,0.66,0.01,0.01,74372.14,1776166419000
1776166420.437,220.437,0.34,0.35,0.65,0.66,0.01,0.01,74372.14,1776166419000
1776166420.815,220.815,0.34,0.35,0.65,0.66,0.01,0.01,74372.14,1776166419000
1776166421.169,221.169,0.34,0.35,0.65,0.66,0.01,0.01,74372.14,1776166419000
1776166421.503,221.503,0.35,0.36,0.64,0.65,0.01,0.01,74372.24,1776166420000
1776166421.874,221.874,0.35,0.36,0.64,0.65,0.01,0.01,74372.24,1776166420000
1776166422.226,222.226,0.35,0.36,0.64,0.65,0.01,0.01,74372.24,1776166420000
1776166422.741,222.741,0.35,0.36,0.64,0.65,0.01,0.01,74371.86,1776166421000
1776166423.24,223.24,0.35,0.36,0.64,0.65,0.01,0.01,74371.86,1776166422000
1776166423.588,223.588,0.35,0.36,0.64,0.65,0.01,0.01,74371.86,1776166422000
1776166423.961,223.961,0.35,0.36,0.64,0.65,0.01,0.01,74371.86,1776166422000
1776166425.805,225.805,0.35,0.36,0.64,0.65,0.01,0.01,74372.03,1776166424000
1776166426.427,226.427,0.35,0.36,0.64,0.65,0.01,0.01,74372.03,1776166424000
1776166426.769,226.769,0.35,0.36,0.64,0.65,0.01,0.01,74372.03,1776166425000
1776166427.255,227.255,0.35,0.36,0.64,0.65,0.01,0.01,74372.03,1776166426000
1776166427.591,227.591,0.35,0.37,0.64,0.65,0.02,0.01,74372.03,1776166426000
1776166427.931,227.931,0.35,0.36,0.63,0.65,0.01,0.02,74372.03,1776166426000
1776166428.509,228.509,0.36,0.37,0.63,0.64,0.01,0.01,74372.03,1776166427000
1776166428.866,228.866,0.36,0.37,0.63,0.64,0.01,0.01,74372.03,1776166427000
1776166429.498,229.498,0.36,0.37,0.63,0.64,0.01,0.01,74372.03,1776166428000
1776166430.074,230.074,0.36,0.37,0.63,0.64,0.01,0.01,74372.03,1776166428000
1776166430.551,230.551,0.37,0.38,0.63,0.64,0.01,0.01,74372.79,1776166429000
1776166431.012,231.012,0.37,0.38,0.62,0.63,0.01,0.01,74372.79,1776166430000
1776166431.586,231.586,0.37,0.38,0.62,0.63,0.01,0.01,74372.79,1776166430000
1776166432.046,232.046,0.37,0.38,0.62,0.63,0.01,0.01,74372.89,1776166431000
1776166432.45,232.45,0.37,0.38,0.62,0.63,0.01,0.01,74372.89,1776166431000
1776166432.824,232.824,0.39,0.4,0.6,0.61,0.01,0.01,74372.89,1776166431000
1776166433.194,233.194,0.4,0.41,0.59,0.6,0.01,0.01,74372.89,1776166431000
1776166433.653,233.653,0.4,0.41,0.59,0.6,0.01,0.01,74372.91,1776166432000
1776166434.227,234.227,0.4,0.41,0.59,0.6,0.01,0.01,74372.91,1776166432000
1776166434.673,234.673,0.4,0.41,0.59,0.6,0.01,0.01,74373.09,1776166433000
1776166435.154,235.154,0.4,0.41,0.59,0.6,0.01,0.01,74373.09,1776166434000
1776166435.673,235.673,0.4,0.41,0.59,0.6,0.01,0.01,74373.09,1776166434000
1776166436.026,236.026,0.4,0.41,0.59,0.6,0.01,0.01,74375.49,1776166435000
1776166436.558,236.558,0.4,0.41,0.59,0.6,0.01,0.01,74375.49,1776166435000
1776166437.011,237.011,0.4,0.41,0.59,0.6,0.01,0.01,74375.49,1776166435000
1776166437.399,237.399,0.38,0.39,0.61,0.62,0.01,0.01,74375.53,1776166436000
1776166437.824,237.824,0.38,0.39,0.61,0.62,0.01,0.01,74375.53,1776166436000
1776166438.204,238.204,0.38,0.39,0.61,0.62,0.01,0.01,74375.5,1776166437000
1776166438.668,238.668,0.38,0.39,0.61,0.62,0.01,0.01,74375.5,1776166437000
1776166439.037,239.037,0.38,0.39,0.61,0.62,0.01,0.01,74375.5,1776166437000
1776166439.585,239.585,0.37,0.38,0.61,0.62,0.01,0.01,74374.46,1776166438000
1776166439.998,239.998,0.36,0.37,0.63,0.64,0.01,0.01,74374.46,1776166438000
1776166440.487,240.487,0.35,0.36,0.63,0.64,0.01,0.01,74374.46,1776166438000
1776166440.854,240.854,0.35,0.36,0.64,0.65,0.01,0.01,74374.46,1776166438000
1776166441.234,241.234,0.35,0.36,0.64,0.65,0.01,0.01,74374.17,1776166439000
1776166441.601,241.601,0.35,0.36,0.64,0.65,0.01,0.01,74374.18,1776166440000
1776166441.938,241.938,0.35,0.36,0.64,0.65,0.01,0.01,74374.18,1776166440000
1776166442.502,242.502,0.35,0.36,0.64,0.65,0.01,0.01,74374.18,1776166440000
1776166442.915,242.915,0.37,0.38,0.62,0.64,0.01,0.02,74374.17,1776166441000
1776166443.274,243.274,0.37,0.38,0.62,0.63,0.01,0.01,74374.17,1776166441000
1776166444.13,244.13,0.37,0.38,0.62,0.63,0.01,0.01,74372.43,1776166443000
1776166444.628,244.628,0.36,0.37,0.63,0.64,0.01,0.01,74372.43,1776166443000
1776166445.299,245.299,0.34,0.35,0.65,0.66,0.01,0.01,74372.43,1776166443000
1776166445.972,245.972,0.34,0.35,0.65,0.66,0.01,0.01,74372.81,1776166444000
1776166446.343,246.343,0.33,0.34,0.65,0.66,0.01,0.01,74372.81,1776166444000
1776166446.936,246.936,0.33,0.36,0.66,0.67,0.03,0.01,74372.88,1776166445000
1776166447.399,247.399,0.34,0.35,0.65,0.66,0.01,0.01,74372.88,1776166445000
1776166447.792,247.792,0.34,0.35,0.65,0.66,0.01,0.01,74372.87,1776166446000
1776166448.187,248.187,0.34,0.35,0.65,0.66,0.01,0.01,74372.87,1776166446000
1776166448.586,248.586,0.34,0.35,0.65,0.66,0.01,0.01,74372.87,1776166447000
1776166449.216,249.216,0.34,0.35,0.65,0.66,0.01,0.01,74372.55,1776166448000
1776166449.917,249.917,0.32,0.33,0.67,0.68,0.01,0.01,74372.55,1776166448000
1776166450.368,250.368,0.32,0.34,0.67,0.68,0.02,0.01,74372.55,1776166448000
1776166450.772,250.772,0.33,0.35,0.65,0.67,0.02,0.02,74372.69,1776166449000
1776166451.148,251.148,0.33,0.34,0.65,0.66,0.01,0.01,74372.69,1776166449000
1776166451.498,251.498,0.32,0.33,0.67,0.68,0.01,0.01,74372.72,1776166450000
1776166451.868,251.868,0.32,0.33,0.67,0.68,0.01,0.01,74372.72,1776166450000
1776166452.5,252.5,0.32,0.33,0.67,0.68,0.01,0.01,74372.81,1776166451000
1776166453.025,253.025,0.32,0.33,0.67,0.68,0.01,0.01,74372.81,1776166451000
1776166453.491,253.491,0.32,0.33,0.67,0.68,0.01,0.01,74372.81,1776166452000
1776166454.065,254.065,0.32,0.33,0.67,0.68,0.01,0.01,74372.81,1776166452000
1776166454.99,254.99,0.32,0.33,0.67,0.68,0.01,0.01,74372.81,1776166453000
1776166455.357,255.357,0.33,0.34,0.67,0.68,0.01,0.01,74372.81,1776166453000
1776166455.913,255.913,0.33,0.34,0.66,0.67,0.01,0.01,74372.8,1776166454000
1776166456.275,256.275,0.33,0.34,0.66,0.67,0.01,0.01,74372.8,1776166454000
1776166456.938,256.938,0.33,0.34,0.66,0.67,0.01,0.01,74372.8,1776166454000
1776166457.396,257.396,0.33,0.34,0.66,0.67,0.01,0.01,74372.82,1776166455000
1776166457.925,257.925,0.33,0.34,0.66,0.67,0.01,0.01,74372.82,1776166455000
1776166458.445,258.445,0.33,0.34,0.66,0.67,0.01,0.01,74372.8,1776166456000
1776166458.981,258.981,0.33,0.34,0.66,0.67,0.01,0.01,74372.8,1776166456000
1776166459.538,259.538,0.33,0.34,0.66,0.67,0.01,0.01,74372.81,1776166457000
1776166460.068,260.068,0.33,0.34,0.66,0.67,0.01,0.01,74372.81,1776166457000
1776166460.53,260.53,0.33,0.34,0.66,0.67,0.01,0.01,74372.83,1776166458000
1776166460.953,260.953,0.33,0.34,0.66,0.67,0.01,0.01,74372.83,1776166459000
1776166461.57,261.57,0.33,0.34,0.66,0.67,0.01,0.01,74372.83,1776166459000
1776166462.023,262.023,0.33,0.34,0.66,0.67,0.01,0.01,74372.83,1776166459000
1776166462.384,262.384,0.33,0.34,0.66,0.67,0.01,0.01,74372.82,1776166461000
1776166462.848,262.848,0.33,0.34,0.66,0.67,0.01,0.01,74372.82,1776166461000
1776166463.856,263.856,0.32,0.34,0.66,0.68,0.02,0.02,74372.86,1776166462000
1776166464.201,264.201,0.31,0.32,0.66,0.68,0.01,0.02,74372.86,1776166462000
1776166465.435,265.435,0.31,0.32,0.68,0.69,0.01,0.01,74372.93,1776166463000
1776166465.822,265.822,0.31,0.32,0.68,0.69,0.01,0.01,74372.93,1776166464000
1776166466.268,266.268,0.32,0.33,0.67,0.69,0.01,0.02,74372.93,1776166464000
1776166466.877,266.877,0.32,0.34,0.67,0.68,0.02,0.01,74372.93,1776166465000
1776166467.251,267.251,0.33,0.36,0.64,0.67,0.03,0.03,74372.92,1776166466000
1776166467.648,267.648,0.34,0.35,0.65,0.66,0.01,0.01,74372.92,1776166466000
1776166468.026,268.026,0.34,0.35,0.65,0.66,0.01,0.01,74372.92,1776166466000
1776166468.554,268.554,0.35,0.36,0.64,0.66,0.01,0.02,74372.92,1776166466000
1776166468.896,268.896,0.35,0.36,0.64,0.65,0.01,0.01,74369.54,1776166467000
1776166469.282,269.282,0.35,0.36,0.64,0.65,0.01,0.01,74370.49,1776166468000
1776166470.054,270.054,0.34,0.36,0.64,0.66,0.02,0.02,74374.78,1776166469000
1776166470.581,270.581,0.34,0.35,0.65,0.66,0.01,0.01,74374.78,1776166469000
1776166471.105,271.105,0.35,0.36,0.65,0.66,0.01,0.01,74374.78,1776166469000
1776166471.491,271.491,0.35,0.36,0.64,0.65,0.01,0.01,74372.51,1776166470000
1776166471.91,271.91,0.35,0.36,0.64,0.65,0.01,0.01,74372.51,1776166470000
1776166472.502,272.502,0.35,0.36,0.64,0.65,0.01,0.01,74374.65,1776166471000
1776166473.006,273.006,0.35,0.36,0.64,0.65,0.01,0.01,74374.65,1776166471000
1776166473.537,273.537,0.34,0.35,0.64,0.66,0.01,0.02,74374.65,1776166471000
1776166474.044,274.044,0.34,0.35,0.65,0.66,0.01,0.01,74374.76,1776166472000
1776166474.488,274.488,0.31,0.32,0.65,0.66,0.01,0.01,74374.76,1776166472000
1776166474.858,274.858,0.31,0.32,0.68,0.69,0.01,0.01,74374.47,1776166473000
1776166475.233,275.233,0.31,0.32,0.68,0.69,0.01,0.01,74374.47,1776166473000
1776166475.684,275.684,0.3,0.31,0.68,0.69,0.01,0.01,74374.48,1776166474000
1776166476.084,276.084,0.3,0.31,0.69,0.7,0.01,0.01,74374.48,1776166474000
1776166476.514,276.514,0.3,0.31,0.69,0.7,0.01,0.01,74374.48,1776166474000
1776166476.882,276.882,0.3,0.31,0.69,0.7,0.01,0.01,74374.42,1776166475000
1776166477.276,277.276,0.31,0.32,0.68,0.69,0.01,0.01,74374.42,1776166475000
1776166478.215,278.215,0.31,0.32,0.68,0.69,0.01,0.01,74374.41,1776166476000
1776166478.617,278.617,0.31,0.32,0.68,0.69,0.01,0.01,74374.41,1776166477000
1776166479.064,279.064,0.3,0.31,0.69,0.7,0.01,0.01,74370.28,1776166478000
1776166479.615,279.615,0.3,0.32,0.69,0.7,0.02,0.01,74370.28,1776166478000
1776166480.119,280.119,0.31,0.32,0.68,0.69,0.01,0.01,74370.28,1776166478000
1776166480.657,280.657,0.31,0.32,0.68,0.69,0.01,0.01,74370.28,1776166478000
1776166481.033,281.033,0.3,0.32,0.68,0.69,0.02,0.01,74374.35,1776166479000
1776166481.42,281.42,0.31,0.32,0.68,0.69,0.01,0.01,74374.35,1776166479000
1776166481.917,281.917,0.33,0.34,0.66,0.67,0.01,0.01,74374.35,1776166479000
1776166482.376,282.376,0.33,0.34,0.66,0.67,0.01,0.01,74374.35,1776166480000
1776166482.73,282.73,0.33,0.34,0.66,0.67,0.01,0.01,74374.41,1776166481000
1776166483.08,283.08,0.33,0.34,0.66,0.67,0.01,0.01,74374.41,1776166482000
1776166483.435,283.435,0.33,0.34,0.66,0.67,0.01,0.01,74374.41,1776166482000
1776166483.778,283.778,0.31,0.32,0.68,0.69,0.01,0.01,74374.41,1776166482000
1776166484.139,284.139,0.3,0.31,0.68,0.7,0.01,0.02,74374.41,1776166482000
1776166484.637,284.637,0.3,0.31,0.69,0.7,0.01,0.01,74374.36,1776166483000
1776166485.079,285.079,0.3,0.31,0.69,0.7,0.01,0.01,74374.36,1776166483000
1776166485.449,285.449,0.3,0.31,0.69,0.7,0.01,0.01,74374.48,1776166484000
1776166485.784,285.784,0.29,0.3,0.7,0.71,0.01,0.01,74374.48,1776166484000
1776166486.246,286.246,0.29,0.3,0.7,0.71,0.01,0.01,74374.48,1776166484000
1776166486.616,286.616,0.27,0.28,0.71,0.73,0.01,0.02,74374.35,1776166485000
1776166486.956,286.956,0.27,0.28,0.72,0.74,0.01,0.02,74374.35,1776166485000
1776166487.556,287.556,0.26,0.27,0.72,0.73,0.01,0.01,74374.36,1776166486000
1776166487.985,287.985,0.26,0.27,0.73,0.74,0.01,0.01,74374.36,1776166486000
1776166488.361,288.361,0.26,0.27,0.73,0.74,0.01,0.01,74374.36,1776166486000
1776166488.751,288.751,0.25,0.26,0.73,0.74,0.01,0.01,74374.38,1776166487000
1776166489.111,289.111,0.22,0.23,0.75,0.78,0.01,0.03,74374.38,1776166488000
1776166489.503,289.503,0.22,0.28,0.77,0.78,0.06,0.01,74374.38,1776166488000
1776166489.85,289.85,0.22,0.24,0.72,0.77,0.02,0.05,74374.38,1776166488000
1776166490.333,290.333,0.24,0.26,0.74,0.76,0.02,0.02,74374.39,1776166489000
1776166491.136,291.136,0.24,0.25,0.75,0.76,0.01,0.01,74374.39,1776166489000
1776166491.505,291.505,0.22,0.24,0.76,0.78,0.02,0.02,74374.38,1776166490000
1776166491.962,291.962,0.21,0.22,0.78,0.79,0.01,0.01,74374.38,1776166490000
1776166492.501,292.501,0.2,0.21,0.78,0.79,0.01,0.01,74374.35,1776166491000
1776166492.847,292.847,0.2,0.21,0.79,0.8,0.01,0.01,74374.35,1776166491000
1776166493.263,293.263,0.2,0.21,0.79,0.8,0.01,0.01,74374.35,1776166491000
1776166494.055,294.055,0.19,0.2,0.79,0.81,0.01,0.02,74374.34,1776166492000
1776166494.429,294.429,0.17,0.18,0.82,0.83,0.01,0.01,74374.34,1776166493000
1776166494.828,294.828,0.17,0.18,0.82,0.83,0.01,0.01,74374.34,1776166493000
1776166495.187,295.187,0.17,0.19,0.81,0.83,0.02,0.02,74374.34,1776166493000
1776166495.569,295.569,0.17,0.18,0.82,0.83,0.01,0.01,74374.38,1776166494000
1776166495.949,295.949,0.14,0.15,0.84,0.86,0.01,0.02,74374.38,1776166494000
1776166496.308,296.308,0.12,0.15,0.85,0.86,0.03,0.01,74374.38,1776166495000
1776166496.65,296.65,0.11,0.12,0.87,0.89,0.01,0.02,74374.38,1776166495000
1776166497.087,297.087,0.11,0.12,0.88,0.89,0.01,0.01,74374.38,1776166495000
1776166497.432,297.432,0.1,0.11,0.89,0.9,0.01,0.01,74374.38,1776166496000
1776166497.937,297.937,0.1,0.11,0.89,0.9,0.01,0.01,74374.38,1776166496000
1776166498.35,298.35,0.07,0.08,0.92,0.93,0.01,0.01,74374.39,1776166497000
1776166498.703,298.703,0.03,0.04,0.96,0.97,0.01,0.01,74374.39,1776166497000
1776166499.065,299.065,0.02,0.03,0.97,0.98,0.01,0.01,74374.37,1776166498000
1776166499.415,299.415,0.01,0.02,0.98,0.99,0.01,0.01,74374.37,1776166498000
1776166499.884,299.884,0.01,0.01,0.99,0.99,0.0,0.0,74374.37,1776166498000
1776166500.239,300.239,0.01,0.01,0.99,0.99,0.0,0.0,74374.45,1776166499000
1776166500.683,300.683,0.01,0.01,0.99,0.99,0.0,0.0,74374.45,1776166499000
1776166501.288,301.288,0.01,0.01,0.99,0.99,0.0,0.0,74370.73,1776166500000
1776166502.537,302.537,0.01,0.01,0.99,0.99,0.0,0.0,74369.93,1776166501000

# RESULT,winner=Down,slug=btc-updown-5m-1776166200,ticks=665
