timestamp,elapsed_sec,up_bid,up_ask,down_bid,down_ask,up_spread,down_spread,btc_price,btc_oracle_ts
1776392100.747,0.747,0.5,0.51,0.49,0.5,0.01,0.01,74728.74,1776392099000
1776392101.251,1.251,0.5,0.51,0.49,0.5,0.01,0.01,74728.74,1776392100000
1776392101.59,1.59,0.5,0.51,0.49,0.5,0.01,0.01,74728.74,1776392100000
1776392102.164,2.164,0.5,0.51,0.49,0.5,0.01,0.01,74728.74,1776392100000
1776392102.522,2.522,0.5,0.51,0.49,0.5,0.01,0.01,74728.84,1776392101000
1776392103.059,3.059,0.5,0.51,0.49,0.5,0.01,0.01,74728.84,1776392102000
1776392103.665,3.665,0.5,0.51,0.49,0.5,0.01,0.01,74728.84,1776392102000
1776392104.085,4.085,0.5,0.51,0.49,0.5,0.01,0.01,74728.84,1776392102000
1776392104.42,4.42,0.5,0.51,0.49,0.5,0.01,0.01,74728.91,1776392103000
1776392104.77,4.77,0.49,0.51,0.49,0.5,0.02,0.01,74728.91,1776392103000
1776392105.136,5.136,0.49,0.51,0.49,0.51,0.02,0.02,74728.54,1776392104000
1776392105.509,5.509,0.5,0.51,0.49,0.5,0.01,0.01,74728.54,1776392104000
1776392106.022,6.022,0.5,0.51,0.49,0.5,0.01,0.01,74728.54,1776392104000
1776392106.539,6.539,0.5,0.51,0.49,0.5,0.01,0.01,74728.18,1776392105000
1776392106.94,6.94,0.5,0.51,0.49,0.5,0.01,0.01,74728.18,1776392105000
1776392107.369,7.369,0.5,0.51,0.49,0.5,0.01,0.01,74728.14,1776392106000
1776392108.081,8.081,0.5,0.51,0.49,0.5,0.01,0.01,74728.93,1776392107000
1776392109.014,9.014,0.51,0.52,0.49,0.5,0.01,0.01,74728.93,1776392107000
1776392109.372,9.372,0.51,0.52,0.48,0.49,0.01,0.01,74728.93,1776392107000
1776392110.139,10.139,0.51,0.52,0.48,0.49,0.01,0.01,74728.56,1776392108000
1776392110.634,10.634,0.51,0.52,0.48,0.49,0.01,0.01,74728.53,1776392109000
1776392111.146,11.146,0.51,0.52,0.48,0.49,0.01,0.01,74729.01,1776392110000
1776392112.085,12.085,0.51,0.52,0.48,0.49,0.01,0.01,74730.11,1776392111000
1776392112.609,12.609,0.51,0.52,0.48,0.49,0.01,0.01,74730.11,1776392111000
1776392113.014,13.014,0.51,0.52,0.48,0.49,0.01,0.01,74730.12,1776392112000
1776392113.562,13.562,0.51,0.52,0.48,0.49,0.01,0.01,74730.12,1776392112000
1776392113.995,13.995,0.51,0.52,0.48,0.49,0.01,0.01,74730.16,1776392113000
1776392114.34,14.34,0.61,0.65,0.37,0.42,0.04,0.05,74730.16,1776392113000
1776392114.695,14.695,0.61,0.62,0.38,0.39,0.01,0.01,74730.16,1776392113000
1776392115.044,15.044,0.62,0.63,0.37,0.38,0.01,0.01,74730.16,1776392114000
1776392115.39,15.39,0.63,0.64,0.36,0.37,0.01,0.01,74730.16,1776392114000
1776392115.772,15.772,0.63,0.64,0.36,0.37,0.01,0.01,74730.16,1776392114000
1776392116.174,16.174,0.63,0.64,0.36,0.37,0.01,0.01,74740.55,1776392115000
1776392116.76,16.76,0.64,0.65,0.35,0.36,0.01,0.01,74740.55,1776392115000
1776392117.166,17.166,0.64,0.65,0.35,0.36,0.01,0.01,74740.55,1776392115000
1776392117.672,17.672,0.64,0.65,0.35,0.36,0.01,0.01,74743.38,1776392116000
1776392118.257,18.257,0.64,0.65,0.35,0.36,0.01,0.01,74743.38,1776392116000
1776392118.646,18.646,0.64,0.65,0.35,0.36,0.01,0.01,74742.54,1776392117000
1776392119.031,19.031,0.64,0.66,0.35,0.36,0.02,0.01,74742.54,1776392117000
1776392119.37,19.37,0.65,0.66,0.34,0.35,0.01,0.01,74743.13,1776392118000
1776392119.777,19.777,0.65,0.66,0.34,0.35,0.01,0.01,74743.13,1776392118000
1776392120.142,20.142,0.65,0.66,0.34,0.35,0.01,0.01,74743.13,1776392118000
1776392120.752,20.752,0.65,0.66,0.34,0.35,0.01,0.01,74743.13,1776392119000
1776392121.182,21.182,0.65,0.66,0.34,0.35,0.01,0.01,74743.13,1776392120000
1776392121.98,21.98,0.65,0.67,0.33,0.35,0.02,0.02,74743.13,1776392121000
1776392122.369,22.369,0.66,0.67,0.33,0.34,0.01,0.01,74743.13,1776392121000
1776392123.27,23.27,0.66,0.67,0.33,0.34,0.01,0.01,74743.13,1776392121000
1776392123.669,23.669,0.66,0.67,0.33,0.34,0.01,0.01,74744.31,1776392122000
1776392124.686,24.686,0.66,0.67,0.33,0.34,0.01,0.01,74744.31,1776392123000
1776392125.028,25.028,0.66,0.67,0.33,0.34,0.01,0.01,74744.31,1776392123000
1776392125.712,25.712,0.66,0.67,0.33,0.34,0.01,0.01,74744.31,1776392124000
1776392126.484,26.484,0.65,0.67,0.33,0.34,0.02,0.01,74744.31,1776392124000
1776392126.829,26.829,0.61,0.62,0.35,0.39,0.01,0.04,74744.35,1776392125000
1776392127.168,27.168,0.59,0.61,0.39,0.4,0.02,0.01,74744.35,1776392125000
1776392127.782,27.782,0.59,0.6,0.4,0.41,0.01,0.01,74744.04,1776392126000
1776392128.181,28.181,0.59,0.6,0.4,0.42,0.01,0.02,74744.04,1776392126000
1776392128.522,28.522,0.57,0.59,0.41,0.42,0.02,0.01,74739.54,1776392127000
1776392128.915,28.915,0.57,0.58,0.42,0.43,0.01,0.01,74739.54,1776392127000
1776392129.293,29.293,0.57,0.58,0.42,0.43,0.01,0.01,74739.54,1776392128000
1776392129.949,29.949,0.56,0.57,0.43,0.44,0.01,0.01,74739.54,1776392128000
1776392130.511,30.511,0.56,0.57,0.43,0.44,0.01,0.01,74737.51,1776392129000
1776392131.272,31.272,0.56,0.57,0.43,0.44,0.01,0.01,74735.5,1776392130000
1776392132.028,32.028,0.56,0.57,0.43,0.44,0.01,0.01,74735.5,1776392130000
1776392132.392,32.392,0.53,0.57,0.43,0.48,0.04,0.05,74735.5,1776392130000
1776392132.74,32.74,0.53,0.54,0.46,0.47,0.01,0.01,74735.5,1776392131000
1776392133.097,33.097,0.53,0.54,0.46,0.47,0.01,0.01,74735.5,1776392131000
1776392133.464,33.464,0.53,0.54,0.46,0.49,0.01,0.03,74735.5,1776392131000
1776392133.843,33.843,0.51,0.52,0.48,0.49,0.01,0.01,74734.33,1776392132000
1776392134.184,34.184,0.5,0.51,0.48,0.49,0.01,0.01,74734.33,1776392132000
1776392134.759,34.759,0.5,0.51,0.49,0.5,0.01,0.01,74733.26,1776392133000
1776392135.162,35.162,0.5,0.51,0.49,0.5,0.01,0.01,74733.26,1776392133000
1776392135.556,35.556,0.5,0.51,0.49,0.5,0.01,0.01,74733.26,1776392133000
1776392136.117,36.117,0.5,0.51,0.49,0.5,0.01,0.01,74732.01,1776392134000
1776392136.549,36.549,0.49,0.5,0.5,0.51,0.01,0.01,74731.93,1776392135000
1776392137.113,37.113,0.49,0.5,0.5,0.51,0.01,0.01,74731.93,1776392135000
1776392137.792,37.792,0.45,0.49,0.51,0.55,0.04,0.04,74731.23,1776392136000
1776392138.254,38.254,0.45,0.48,0.54,0.57,0.03,0.03,74731.23,1776392136000
1776392138.601,38.601,0.46,0.47,0.52,0.55,0.01,0.03,74728.48,1776392137000
1776392139.003,39.003,0.46,0.47,0.53,0.54,0.01,0.01,74728.48,1776392137000
1776392139.367,39.367,0.44,0.47,0.53,0.56,0.03,0.03,74726.97,1776392138000
1776392139.7,39.7,0.44,0.45,0.54,0.56,0.01,0.02,74726.97,1776392138000
1776392140.072,40.072,0.43,0.45,0.55,0.57,0.02,0.02,74726.97,1776392138000
1776392140.425,40.425,0.44,0.45,0.55,0.57,0.01,0.02,74726.97,1776392138000
1776392140.971,40.971,0.43,0.45,0.55,0.56,0.02,0.01,74724.42,1776392139000
1776392141.306,41.306,0.43,0.44,0.56,0.57,0.01,0.01,74724.42,1776392139000
1776392141.657,41.657,0.43,0.44,0.56,0.57,0.01,0.01,74723.78,1776392140000
1776392142.044,42.044,0.43,0.44,0.56,0.57,0.01,0.01,74723.78,1776392140000
1776392142.458,42.458,0.43,0.44,0.56,0.57,0.01,0.01,74723.78,1776392140000
1776392142.895,42.895,0.43,0.44,0.56,0.57,0.01,0.01,74723.78,1776392141000
1776392143.239,43.239,0.43,0.44,0.56,0.57,0.01,0.01,74723.78,1776392142000
1776392143.572,43.572,0.43,0.44,0.56,0.57,0.01,0.01,74723.78,1776392142000
1776392144.021,44.021,0.43,0.44,0.56,0.57,0.01,0.01,74723.78,1776392142000
1776392144.404,44.404,0.42,0.43,0.56,0.57,0.01,0.01,74722.57,1776392143000
1776392145.024,45.024,0.42,0.43,0.57,0.58,0.01,0.01,74722.57,1776392143000
1776392145.367,45.367,0.42,0.43,0.57,0.58,0.01,0.01,74722.57,1776392143000
1776392145.964,45.964,0.42,0.43,0.57,0.58,0.01,0.01,74722.31,1776392144000
1776392146.524,46.524,0.42,0.43,0.57,0.58,0.01,0.01,74723.96,1776392145000
1776392147.106,47.106,0.42,0.43,0.57,0.58,0.01,0.01,74723.96,1776392145000
1776392147.515,47.515,0.42,0.43,0.57,0.58,0.01,0.01,74722.01,1776392146000
1776392148.139,48.139,0.42,0.43,0.57,0.58,0.01,0.01,74722.01,1776392146000
1776392148.52,48.52,0.42,0.43,0.57,0.58,0.01,0.01,74721.99,1776392147000
1776392148.992,48.992,0.42,0.43,0.57,0.58,0.01,0.01,74721.99,1776392147000
1776392149.349,49.349,0.42,0.43,0.57,0.58,0.01,0.01,74721.99,1776392148000
1776392149.72,49.72,0.42,0.43,0.57,0.58,0.01,0.01,74721.99,1776392148000
1776392150.478,50.478,0.42,0.43,0.57,0.58,0.01,0.01,74721.99,1776392149000
1776392150.869,50.869,0.42,0.43,0.57,0.58,0.01,0.01,74721.99,1776392149000
1776392151.334,51.334,0.42,0.43,0.57,0.58,0.01,0.01,74723.33,1776392150000
1776392151.794,51.794,0.41,0.42,0.57,0.59,0.01,0.02,74723.33,1776392150000
1776392152.153,52.153,0.4,0.42,0.58,0.6,0.02,0.02,74723.33,1776392150000
1776392153.022,53.022,0.4,0.41,0.59,0.6,0.01,0.01,74722.14,1776392151000
1776392153.414,53.414,0.4,0.41,0.59,0.6,0.01,0.01,74721.95,1776392152000
1776392153.951,53.951,0.4,0.41,0.59,0.6,0.01,0.01,74721.95,1776392152000
1776392154.428,54.428,0.4,0.41,0.59,0.6,0.01,0.01,74721.95,1776392152000
1776392154.953,54.953,0.39,0.41,0.59,0.61,0.02,0.02,74720.07,1776392154000
1776392155.295,55.295,0.39,0.4,0.6,0.61,0.01,0.01,74720.07,1776392154000
1776392155.646,55.646,0.39,0.4,0.6,0.61,0.01,0.01,74720.07,1776392154000
1776392156.234,56.234,0.39,0.4,0.6,0.61,0.01,0.01,74719.49,1776392155000
1776392156.862,56.862,0.39,0.4,0.6,0.61,0.01,0.01,74719.49,1776392155000
1776392157.299,57.299,0.39,0.4,0.6,0.61,0.01,0.01,74719.49,1776392156000
1776392158.171,58.171,0.39,0.4,0.6,0.61,0.01,0.01,74719.02,1776392157000
1776392158.51,58.51,0.39,0.4,0.6,0.61,0.01,0.01,74719.02,1776392157000
1776392159.227,59.227,0.39,0.4,0.6,0.61,0.01,0.01,74719.03,1776392158000
1776392159.563,59.563,0.39,0.4,0.6,0.62,0.01,0.02,74719.03,1776392158000
1776392159.902,59.902,0.38,0.39,0.6,0.62,0.01,0.02,74719.03,1776392158000
1776392160.616,60.616,0.38,0.39,0.61,0.62,0.01,0.01,74719.01,1776392159000
1776392160.992,60.992,0.31,0.32,0.68,0.69,0.01,0.01,74719.01,1776392159000
1776392161.357,61.357,0.3,0.32,0.68,0.7,0.02,0.02,74718.57,1776392160000
1776392161.711,61.711,0.28,0.32,0.68,0.72,0.04,0.04,74718.57,1776392160000
1776392162.077,62.077,0.28,0.29,0.71,0.73,0.01,0.02,74718.57,1776392160000
1776392162.418,62.418,0.27,0.29,0.71,0.72,0.02,0.01,74715.42,1776392161000
1776392162.828,62.828,0.27,0.28,0.71,0.73,0.01,0.02,74715.42,1776392161000
1776392163.179,63.179,0.27,0.28,0.72,0.74,0.01,0.02,74706.5,1776392162000
1776392163.523,63.523,0.27,0.28,0.72,0.73,0.01,0.01,74706.5,1776392162000
1776392164.049,64.049,0.27,0.28,0.72,0.73,0.01,0.01,74706.5,1776392162000
1776392164.43,64.43,0.27,0.28,0.72,0.73,0.01,0.01,74703.4,1776392163000
1776392164.785,64.785,0.26,0.27,0.73,0.74,0.01,0.01,74703.4,1776392163000
1776392165.212,65.212,0.26,0.27,0.73,0.74,0.01,0.01,74702.61,1776392164000
1776392165.634,65.634,0.26,0.27,0.73,0.74,0.01,0.01,74702.61,1776392164000
1776392166.117,66.117,0.26,0.27,0.73,0.74,0.01,0.01,74702.92,1776392165000
1776392166.452,66.452,0.26,0.27,0.73,0.74,0.01,0.01,74702.92,1776392165000
1776392166.81,66.81,0.26,0.27,0.73,0.74,0.01,0.01,74702.92,1776392165000
1776392167.151,67.151,0.26,0.27,0.73,0.74,0.01,0.01,74702.61,1776392166000
1776392167.522,67.522,0.26,0.27,0.73,0.74,0.01,0.01,74702.61,1776392166000
1776392168.06,68.06,0.26,0.27,0.73,0.74,0.01,0.01,74702.61,1776392166000
1776392168.416,68.416,0.26,0.27,0.73,0.74,0.01,0.01,74702.38,1776392167000
1776392168.982,68.982,0.26,0.27,0.73,0.74,0.01,0.01,74702.38,1776392167000
1776392169.396,69.396,0.26,0.27,0.73,0.74,0.01,0.01,74701.96,1776392168000
1776392170.068,70.068,0.26,0.27,0.73,0.74,0.01,0.01,74701.96,1776392168000
1776392171.313,71.313,0.26,0.27,0.73,0.74,0.01,0.01,74702.12,1776392169000
1776392171.83,71.83,0.26,0.27,0.73,0.74,0.01,0.01,74700.45,1776392170000
1776392172.277,72.277,0.26,0.27,0.73,0.74,0.01,0.01,74700.45,1776392170000
1776392172.718,72.718,0.26,0.27,0.73,0.74,0.01,0.01,74700.93,1776392171000
1776392173.295,73.295,0.26,0.27,0.73,0.74,0.01,0.01,74700.93,1776392171000
1776392173.727,73.727,0.26,0.27,0.73,0.74,0.01,0.01,74702.16,1776392172000
1776392174.124,74.124,0.26,0.27,0.73,0.74,0.01,0.01,74702.16,1776392172000
1776392174.529,74.529,0.26,0.27,0.73,0.74,0.01,0.01,74701.34,1776392173000
1776392174.944,74.944,0.26,0.27,0.73,0.74,0.01,0.01,74701.34,1776392173000
1776392175.396,75.396,0.26,0.27,0.73,0.74,0.01,0.01,74701.34,1776392173000
1776392175.775,75.775,0.26,0.27,0.73,0.74,0.01,0.01,74702.59,1776392174000
1776392176.136,76.136,0.26,0.27,0.73,0.74,0.01,0.01,74702.59,1776392175000
1776392176.697,76.697,0.26,0.27,0.73,0.74,0.01,0.01,74702.59,1776392175000
1776392177.152,77.152,0.26,0.27,0.73,0.74,0.01,0.01,74702.59,1776392175000
1776392177.523,77.523,0.26,0.27,0.73,0.74,0.01,0.01,74702.59,1776392175000
1776392177.976,77.976,0.26,0.27,0.73,0.74,0.01,0.01,74701.06,1776392176000
1776392178.436,78.436,0.26,0.27,0.73,0.74,0.01,0.01,74701.06,1776392177000
1776392178.77,78.77,0.26,0.27,0.73,0.74,0.01,0.01,74701.06,1776392177000
1776392179.191,79.191,0.26,0.27,0.73,0.74,0.01,0.01,74701.06,1776392177000
1776392179.556,79.556,0.26,0.27,0.73,0.74,0.01,0.01,74701.06,1776392177000
1776392180.321,80.321,0.26,0.27,0.73,0.74,0.01,0.01,74700.78,1776392178000
1776392180.882,80.882,0.26,0.27,0.73,0.74,0.01,0.01,74702.0,1776392179000
1776392181.244,81.244,0.26,0.27,0.73,0.74,0.01,0.01,74702.0,1776392179000
1776392181.667,81.667,0.26,0.27,0.73,0.74,0.01,0.01,74700.84,1776392180000
1776392182.097,82.097,0.26,0.27,0.73,0.74,0.01,0.01,74700.84,1776392180000
1776392182.574,82.574,0.26,0.27,0.73,0.74,0.01,0.01,74700.62,1776392181000
1776392182.929,82.929,0.26,0.27,0.73,0.74,0.01,0.01,74700.62,1776392181000
1776392183.273,83.273,0.26,0.27,0.73,0.74,0.01,0.01,74700.62,1776392181000
1776392183.695,83.695,0.26,0.27,0.73,0.74,0.01,0.01,74699.8,1776392182000
1776392184.299,84.299,0.26,0.27,0.73,0.74,0.01,0.01,74699.1,1776392183000
1776392184.688,84.688,0.26,0.27,0.73,0.74,0.01,0.01,74699.1,1776392183000
1776392185.13,85.13,0.27,0.28,0.72,0.73,0.01,0.01,74698.95,1776392184000
1776392185.602,85.602,0.27,0.28,0.72,0.73,0.01,0.01,74698.95,1776392184000
1776392185.962,85.962,0.27,0.28,0.72,0.73,0.01,0.01,74698.95,1776392184000
1776392186.377,86.377,0.27,0.28,0.72,0.73,0.01,0.01,74698.91,1776392185000
1776392186.736,86.736,0.27,0.28,0.72,0.73,0.01,0.01,74698.91,1776392185000
1776392187.381,87.381,0.27,0.28,0.71,0.74,0.01,0.03,74698.91,1776392185000
1776392187.802,87.802,0.27,0.28,0.72,0.73,0.01,0.01,74698.91,1776392185000
1776392188.238,88.238,0.27,0.28,0.72,0.73,0.01,0.01,74699.37,1776392186000
1776392189.075,89.075,0.27,0.28,0.72,0.73,0.01,0.01,74698.66,1776392187000
1776392189.652,89.652,0.27,0.28,0.72,0.73,0.01,0.01,74698.7,1776392188000
1776392190.003,90.003,0.27,0.28,0.72,0.73,0.01,0.01,74698.7,1776392188000
1776392190.509,90.509,0.27,0.28,0.72,0.73,0.01,0.01,74698.7,1776392188000
1776392190.922,90.922,0.27,0.28,0.72,0.73,0.01,0.01,74698.7,1776392189000
1776392191.255,91.255,0.27,0.28,0.72,0.73,0.01,0.01,74698.47,1776392190000
1776392192.263,92.263,0.27,0.28,0.72,0.73,0.01,0.01,74698.47,1776392190000
1776392192.856,92.856,0.27,0.28,0.72,0.73,0.01,0.01,74698.25,1776392191000
1776392193.439,93.439,0.27,0.28,0.72,0.73,0.01,0.01,74697.75,1776392192000
1776392193.864,93.864,0.27,0.28,0.72,0.73,0.01,0.01,74697.75,1776392192000
1776392194.42,94.42,0.27,0.28,0.72,0.73,0.01,0.01,74697.75,1776392193000
1776392195.117,95.117,0.27,0.28,0.72,0.73,0.01,0.01,74697.75,1776392193000
1776392195.671,95.671,0.27,0.28,0.72,0.73,0.01,0.01,74697.71,1776392194000
1776392196.193,96.193,0.27,0.28,0.72,0.73,0.01,0.01,74697.71,1776392195000
1776392196.606,96.606,0.26,0.27,0.72,0.73,0.01,0.01,74697.71,1776392195000
1776392197.268,97.268,0.26,0.27,0.73,0.74,0.01,0.01,74697.71,1776392196000
1776392198.078,98.078,0.26,0.27,0.73,0.74,0.01,0.01,74697.71,1776392196000
1776392198.585,98.585,0.26,0.27,0.73,0.74,0.01,0.01,74696.76,1776392197000
1776392199.464,99.464,0.26,0.27,0.73,0.74,0.01,0.01,74696.48,1776392198000
1776392200.024,100.024,0.26,0.27,0.73,0.74,0.01,0.01,74696.11,1776392199000
1776392200.505,100.505,0.26,0.27,0.73,0.74,0.01,0.01,74696.11,1776392199000
1776392201.079,101.079,0.26,0.27,0.73,0.74,0.01,0.01,74696.11,1776392200000
1776392201.635,101.635,0.26,0.27,0.73,0.74,0.01,0.01,74696.11,1776392200000
1776392202.791,102.791,0.26,0.27,0.73,0.74,0.01,0.01,74696.35,1776392201000
1776392203.424,103.424,0.26,0.27,0.73,0.74,0.01,0.01,74696.35,1776392202000
1776392203.978,103.978,0.26,0.27,0.73,0.74,0.01,0.01,74695.49,1776392203000
1776392204.463,104.463,0.26,0.27,0.73,0.74,0.01,0.01,74695.49,1776392203000
1776392204.973,104.973,0.26,0.27,0.73,0.74,0.01,0.01,74695.49,1776392203000
1776392205.318,105.318,0.26,0.27,0.73,0.74,0.01,0.01,74695.92,1776392204000
1776392205.661,105.661,0.26,0.27,0.73,0.74,0.01,0.01,74695.92,1776392204000
1776392206.002,106.002,0.26,0.27,0.73,0.74,0.01,0.01,74695.92,1776392204000
1776392206.349,106.349,0.26,0.27,0.73,0.74,0.01,0.01,74695.54,1776392205000
1776392206.692,106.692,0.26,0.27,0.73,0.74,0.01,0.01,74695.54,1776392205000
1776392207.173,107.173,0.26,0.27,0.73,0.74,0.01,0.01,74695.54,1776392205000
1776392207.539,107.539,0.26,0.27,0.73,0.74,0.01,0.01,74695.54,1776392205000
1776392207.962,107.962,0.26,0.27,0.73,0.74,0.01,0.01,74687.14,1776392207000
1776392208.303,108.303,0.26,0.27,0.73,0.74,0.01,0.01,74687.14,1776392207000
1776392208.651,108.651,0.26,0.27,0.73,0.74,0.01,0.01,74687.14,1776392207000
1776392209.041,109.041,0.26,0.27,0.73,0.74,0.01,0.01,74687.14,1776392207000
1776392209.409,109.409,0.26,0.27,0.73,0.74,0.01,0.01,74681.91,1776392208000
1776392209.861,109.861,0.26,0.27,0.73,0.74,0.01,0.01,74681.91,1776392208000
1776392210.204,110.204,0.26,0.27,0.73,0.74,0.01,0.01,74679.51,1776392209000
1776392210.54,110.54,0.26,0.27,0.73,0.74,0.01,0.01,74679.51,1776392209000
1776392210.883,110.883,0.26,0.27,0.73,0.74,0.01,0.01,74679.51,1776392209000
1776392211.395,111.395,0.26,0.27,0.73,0.74,0.01,0.01,74678.65,1776392210000
1776392211.745,111.745,0.26,0.27,0.73,0.74,0.01,0.01,74678.65,1776392210000
1776392212.113,112.113,0.26,0.27,0.73,0.74,0.01,0.01,74678.65,1776392210000
1776392212.507,112.507,0.26,0.27,0.73,0.74,0.01,0.01,74677.94,1776392211000
1776392212.854,112.854,0.26,0.27,0.73,0.74,0.01,0.01,74677.94,1776392211000
1776392213.334,113.334,0.26,0.27,0.73,0.74,0.01,0.01,74677.94,1776392211000
1776392213.706,113.706,0.26,0.27,0.73,0.74,0.01,0.01,74676.5,1776392212000
1776392214.268,114.268,0.26,0.27,0.73,0.74,0.01,0.01,74676.5,1776392212000
1776392214.614,114.614,0.26,0.27,0.73,0.74,0.01,0.01,74676.1,1776392213000
1776392214.97,114.97,0.26,0.27,0.73,0.74,0.01,0.01,74676.11,1776392214000
1776392215.303,115.303,0.26,0.27,0.73,0.74,0.01,0.01,74676.11,1776392214000
1776392215.671,115.671,0.26,0.27,0.73,0.74,0.01,0.01,74676.11,1776392214000
1776392216.052,116.052,0.26,0.27,0.73,0.74,0.01,0.01,74675.87,1776392215000
1776392216.386,116.386,0.26,0.27,0.73,0.74,0.01,0.01,74675.87,1776392215000
1776392216.803,116.803,0.26,0.27,0.73,0.74,0.01,0.01,74675.87,1776392215000
1776392217.151,117.151,0.26,0.27,0.73,0.74,0.01,0.01,74675.87,1776392215000
1776392217.49,117.49,0.26,0.27,0.73,0.74,0.01,0.01,74673.1,1776392216000
1776392217.825,117.825,0.26,0.27,0.73,0.74,0.01,0.01,74673.1,1776392216000
1776392218.235,118.235,0.26,0.27,0.73,0.74,0.01,0.01,74673.0,1776392217000
1776392218.621,118.621,0.25,0.26,0.74,0.75,0.01,0.01,74673.0,1776392217000
1776392219.023,119.023,0.24,0.25,0.74,0.76,0.01,0.02,74672.85,1776392218000
1776392219.379,119.379,0.23,0.25,0.75,0.76,0.02,0.01,74672.85,1776392218000
1776392219.714,119.714,0.23,0.25,0.75,0.77,0.02,0.02,74672.85,1776392218000
1776392220.824,120.824,0.21,0.22,0.75,0.77,0.01,0.02,74672.48,1776392219000
1776392221.157,121.157,0.18,0.2,0.8,0.82,0.02,0.02,74671.38,1776392220000
1776392221.544,121.544,0.19,0.2,0.8,0.82,0.01,0.02,74671.38,1776392220000
1776392221.88,121.88,0.18,0.19,0.81,0.82,0.01,0.01,74671.38,1776392220000
1776392222.305,122.305,0.18,0.19,0.81,0.82,0.01,0.01,74670.8,1776392221000
1776392222.704,122.704,0.18,0.19,0.81,0.82,0.01,0.01,74670.8,1776392221000
1776392223.136,123.136,0.17,0.18,0.82,0.83,0.01,0.01,74670.8,1776392221000
1776392223.557,123.557,0.16,0.17,0.82,0.84,0.01,0.02,74667.67,1776392222000
1776392223.947,123.947,0.15,0.17,0.83,0.84,0.02,0.01,74667.67,1776392222000
1776392224.491,124.491,0.15,0.16,0.84,0.85,0.01,0.01,74667.55,1776392223000
1776392224.831,124.831,0.15,0.16,0.84,0.85,0.01,0.01,74667.55,1776392223000
1776392225.185,125.185,0.15,0.16,0.84,0.85,0.01,0.01,74667.65,1776392224000
1776392225.563,125.563,0.15,0.16,0.84,0.85,0.01,0.01,74667.65,1776392224000
1776392225.907,125.907,0.15,0.16,0.84,0.85,0.01,0.01,74667.65,1776392224000
1776392226.251,126.251,0.15,0.16,0.84,0.85,0.01,0.01,74669.34,1776392225000
1776392226.604,126.604,0.15,0.16,0.84,0.85,0.01,0.01,74669.34,1776392225000
1776392227.27,127.27,0.14,0.16,0.84,0.86,0.02,0.02,74671.76,1776392226000
1776392227.675,127.675,0.15,0.16,0.84,0.85,0.01,0.01,74671.76,1776392226000
1776392228.12,128.12,0.15,0.16,0.84,0.85,0.01,0.01,74671.76,1776392226000
1776392228.456,128.456,0.15,0.16,0.84,0.85,0.01,0.01,74671.76,1776392226000
1776392228.791,128.791,0.15,0.16,0.84,0.85,0.01,0.01,74672.09,1776392227000
1776392229.153,129.153,0.14,0.15,0.84,0.86,0.01,0.02,74673.11,1776392228000
1776392229.491,129.491,0.14,0.15,0.85,0.86,0.01,0.01,74673.11,1776392228000
1776392229.84,129.84,0.14,0.15,0.85,0.86,0.01,0.01,74673.11,1776392228000
1776392230.215,130.215,0.14,0.15,0.85,0.87,0.01,0.02,74673.11,1776392228000
1776392230.551,130.551,0.14,0.15,0.85,0.86,0.01,0.01,74673.11,1776392228000
1776392230.946,130.946,0.13,0.14,0.86,0.87,0.01,0.01,74674.55,1776392229000
1776392231.418,131.418,0.13,0.14,0.86,0.87,0.01,0.01,74674.55,1776392229000
1776392231.847,131.847,0.13,0.14,0.86,0.87,0.01,0.01,74674.55,1776392229000
1776392232.282,132.282,0.12,0.13,0.86,0.88,0.01,0.02,74674.33,1776392230000
1776392232.707,132.707,0.12,0.13,0.87,0.88,0.01,0.01,74674.24,1776392231000
1776392233.136,133.136,0.11,0.12,0.88,0.89,0.01,0.01,74674.24,1776392231000
1776392233.525,133.525,0.11,0.12,0.88,0.89,0.01,0.01,74674.24,1776392231000
1776392233.892,133.892,0.11,0.12,0.88,0.89,0.01,0.01,74671.49,1776392232000
1776392234.234,134.234,0.11,0.12,0.88,0.89,0.01,0.01,74671.49,1776392232000
1776392234.576,134.576,0.11,0.12,0.88,0.89,0.01,0.01,74671.49,1776392233000
1776392234.962,134.962,0.1,0.11,0.88,0.9,0.01,0.02,74671.49,1776392233000
1776392235.495,135.495,0.1,0.11,0.89,0.9,0.01,0.01,74671.49,1776392233000
1776392235.835,135.835,0.1,0.11,0.89,0.9,0.01,0.01,74671.49,1776392233000
1776392236.193,136.193,0.09,0.1,0.9,0.91,0.01,0.01,74672.97,1776392234000
1776392236.584,136.584,0.09,0.1,0.9,0.91,0.01,0.01,74672.97,1776392234000
1776392236.926,136.926,0.11,0.12,0.88,0.89,0.01,0.01,74670.13,1776392235000
1776392237.261,137.261,0.12,0.13,0.87,0.88,0.01,0.01,74670.13,1776392235000
1776392237.658,137.658,0.11,0.12,0.87,0.89,0.01,0.02,74669.31,1776392236000
1776392238.141,138.141,0.09,0.12,0.88,0.89,0.03,0.01,74669.31,1776392236000
1776392238.66,138.66,0.1,0.11,0.89,0.9,0.01,0.01,74669.88,1776392237000
1776392239.145,139.145,0.1,0.11,0.89,0.9,0.01,0.01,74670.27,1776392238000
1776392239.693,139.693,0.1,0.13,0.89,0.9,0.03,0.01,74670.27,1776392238000
1776392240.217,140.217,0.12,0.13,0.87,0.88,0.01,0.01,74670.27,1776392238000
1776392240.587,140.587,0.12,0.13,0.87,0.88,0.01,0.01,74670.27,1776392238000
1776392241.244,141.244,0.12,0.13,0.87,0.88,0.01,0.01,74670.65,1776392239000
1776392241.734,141.734,0.11,0.12,0.88,0.9,0.01,0.02,74670.47,1776392240000
1776392242.089,142.089,0.11,0.12,0.88,0.89,0.01,0.01,74670.45,1776392241000
1776392242.429,142.429,0.11,0.12,0.88,0.89,0.01,0.01,74670.45,1776392241000
1776392242.771,142.771,0.09,0.1,0.9,0.91,0.01,0.01,74670.45,1776392241000
1776392243.293,143.293,0.09,0.1,0.9,0.91,0.01,0.01,74670.45,1776392241000
1776392243.735,143.735,0.09,0.1,0.9,0.91,0.01,0.01,74670.45,1776392241000
1776392244.246,144.246,0.08,0.09,0.9,0.92,0.01,0.02,74670.11,1776392242000
1776392244.741,144.741,0.08,0.09,0.91,0.92,0.01,0.01,74669.09,1776392243000
1776392245.313,145.313,0.08,0.09,0.91,0.92,0.01,0.01,74669.09,1776392244000
1776392246.049,146.049,0.08,0.09,0.91,0.92,0.01,0.01,74669.09,1776392244000
1776392246.467,146.467,0.08,0.09,0.91,0.92,0.01,0.01,74669.07,1776392245000
1776392246.872,146.872,0.08,0.09,0.91,0.92,0.01,0.01,74669.07,1776392245000
1776392247.312,147.312,0.08,0.09,0.91,0.92,0.01,0.01,74669.07,1776392245000
1776392247.754,147.754,0.08,0.09,0.91,0.92,0.01,0.01,74669.49,1776392246000
1776392248.171,148.171,0.08,0.09,0.91,0.92,0.01,0.01,74669.49,1776392246000
1776392249.25,149.25,0.08,0.09,0.91,0.92,0.01,0.01,74669.18,1776392248000
1776392250.453,150.453,0.08,0.09,0.91,0.92,0.01,0.01,74669.18,1776392248000
1776392251.146,151.146,0.08,0.09,0.91,0.92,0.01,0.01,74669.18,1776392248000
1776392251.679,151.679,0.08,0.09,0.91,0.92,0.01,0.01,74669.05,1776392250000
1776392252.05,152.05,0.08,0.09,0.91,0.92,0.01,0.01,74669.05,1776392250000
1776392252.452,152.452,0.08,0.09,0.91,0.92,0.01,0.01,74669.05,1776392250000
1776392252.792,152.792,0.08,0.09,0.91,0.92,0.01,0.01,74669.06,1776392251000
1776392253.147,153.147,0.08,0.09,0.91,0.92,0.01,0.01,74668.15,1776392252000
1776392253.67,153.67,0.08,0.09,0.91,0.92,0.01,0.01,74668.15,1776392252000
1776392254.277,154.277,0.08,0.09,0.91,0.92,0.01,0.01,74668.15,1776392252000
1776392254.614,154.614,0.08,0.09,0.91,0.92,0.01,0.01,74664.91,1776392253000
1776392255.227,155.227,0.08,0.09,0.91,0.92,0.01,0.01,74664.91,1776392253000
1776392255.593,155.593,0.08,0.09,0.91,0.92,0.01,0.01,74663.0,1776392254000
1776392256.246,156.246,0.08,0.09,0.91,0.92,0.01,0.01,74660.17,1776392255000
1776392257.119,157.119,0.08,0.09,0.91,0.92,0.01,0.01,74660.17,1776392255000
1776392257.545,157.545,0.08,0.09,0.91,0.92,0.01,0.01,74660.47,1776392256000
1776392257.891,157.891,0.07,0.08,0.92,0.93,0.01,0.01,74660.47,1776392256000
1776392258.252,158.252,0.05,0.08,0.92,0.93,0.03,0.01,74659.71,1776392257000
1776392258.624,158.624,0.05,0.06,0.94,0.95,0.01,0.01,74659.71,1776392257000
1776392259.064,159.064,0.05,0.06,0.94,0.95,0.01,0.01,74659.71,1776392257000
1776392259.405,159.405,0.05,0.06,0.94,0.95,0.01,0.01,74659.32,1776392258000
1776392259.779,159.779,0.05,0.06,0.94,0.95,0.01,0.01,74659.32,1776392258000
1776392260.169,160.169,0.05,0.06,0.94,0.95,0.01,0.01,74659.32,1776392258000
1776392260.564,160.564,0.05,0.06,0.94,0.95,0.01,0.01,74659.32,1776392258000
1776392261.007,161.007,0.05,0.06,0.94,0.95,0.01,0.01,74652.79,1776392259000
1776392261.461,161.461,0.04,0.05,0.94,0.96,0.01,0.02,74652.57,1776392260000
1776392261.824,161.824,0.04,0.05,0.95,0.96,0.01,0.01,74652.57,1776392260000
1776392262.186,162.186,0.04,0.05,0.95,0.96,0.01,0.01,74652.57,1776392260000
1776392262.615,162.615,0.04,0.05,0.95,0.96,0.01,0.01,74650.82,1776392261000
1776392263.0,163.0,0.04,0.05,0.95,0.96,0.01,0.01,74650.82,1776392261000
1776392263.347,163.347,0.03,0.04,0.96,0.97,0.01,0.01,74650.82,1776392261000
1776392263.81,163.81,0.03,0.04,0.96,0.97,0.01,0.01,74648.99,1776392262000
1776392264.202,164.202,0.03,0.04,0.96,0.97,0.01,0.01,74648.5,1776392263000
1776392264.545,164.545,0.03,0.04,0.96,0.97,0.01,0.01,74648.5,1776392263000
1776392265.075,165.075,0.03,0.04,0.96,0.97,0.01,0.01,74648.5,1776392263000
1776392265.459,165.459,0.03,0.04,0.96,0.97,0.01,0.01,74637.65,1776392264000
1776392266.204,166.204,0.03,0.04,0.96,0.97,0.01,0.01,74637.65,1776392264000
1776392266.653,166.653,0.03,0.04,0.96,0.97,0.01,0.01,74637.65,1776392264000
1776392267.046,167.046,0.03,0.04,0.96,0.97,0.01,0.01,74637.65,1776392264000
1776392267.458,167.458,0.03,0.04,0.96,0.97,0.01,0.01,74637.42,1776392266000
1776392267.94,167.94,0.03,0.04,0.96,0.97,0.01,0.01,74637.42,1776392266000
1776392268.348,168.348,0.03,0.04,0.96,0.97,0.01,0.01,74637.42,1776392267000
1776392268.706,168.706,0.03,0.06,0.96,0.97,0.03,0.01,74637.42,1776392267000
1776392269.195,169.195,0.04,0.08,0.95,0.96,0.04,0.01,74637.42,1776392267000
1776392269.531,169.531,0.07,0.08,0.92,0.93,0.01,0.01,74637.42,1776392267000
1776392270.025,170.025,0.07,0.08,0.92,0.93,0.01,0.01,74640.65,1776392268000
1776392270.546,170.546,0.07,0.08,0.92,0.93,0.01,0.01,74640.65,1776392269000
1776392270.885,170.885,0.07,0.08,0.92,0.93,0.01,0.01,74640.65,1776392269000
1776392271.325,171.325,0.07,0.08,0.92,0.93,0.01,0.01,74640.65,1776392269000
1776392271.67,171.67,0.07,0.08,0.92,0.93,0.01,0.01,74640.65,1776392269000
1776392272.125,172.125,0.07,0.08,0.92,0.93,0.01,0.01,74647.78,1776392270000
1776392272.992,172.992,0.07,0.08,0.92,0.93,0.01,0.01,74648.07,1776392272000
1776392273.855,173.855,0.07,0.08,0.92,0.93,0.01,0.01,74648.07,1776392272000
1776392274.197,174.197,0.07,0.08,0.92,0.93,0.01,0.01,74648.39,1776392273000
1776392274.556,174.556,0.07,0.08,0.92,0.93,0.01,0.01,74648.39,1776392273000
1776392274.943,174.943,0.07,0.08,0.92,0.93,0.01,0.01,74648.39,1776392273000
1776392275.315,175.315,0.07,0.08,0.92,0.93,0.01,0.01,74648.39,1776392273000
1776392275.926,175.926,0.06,0.08,0.92,0.95,0.02,0.03,74648.4,1776392274000
1776392276.287,176.287,0.05,0.06,0.94,0.95,0.01,0.01,74648.44,1776392275000
1776392276.782,176.782,0.05,0.06,0.94,0.95,0.01,0.01,74648.44,1776392275000
1776392277.208,177.208,0.05,0.06,0.94,0.95,0.01,0.01,74648.44,1776392275000
1776392277.694,177.694,0.05,0.06,0.94,0.95,0.01,0.01,74651.09,1776392276000
1776392278.038,178.038,0.05,0.06,0.94,0.95,0.01,0.01,74648.5,1776392277000
1776392279.329,179.329,0.05,0.06,0.94,0.95,0.01,0.01,74650.34,1776392278000
1776392280.334,180.334,0.05,0.06,0.94,0.95,0.01,0.01,74652.06,1776392279000
1776392280.767,180.767,0.05,0.06,0.94,0.95,0.01,0.01,74652.06,1776392279000
1776392281.153,181.153,0.05,0.06,0.94,0.95,0.01,0.01,74652.82,1776392280000
1776392281.58,181.58,0.05,0.06,0.94,0.95,0.01,0.01,74652.82,1776392280000
1776392281.975,181.975,0.05,0.06,0.94,0.95,0.01,0.01,74652.82,1776392280000
1776392282.876,182.876,0.05,0.06,0.94,0.95,0.01,0.01,74654.1,1776392281000
1776392283.316,183.316,0.05,0.06,0.94,0.95,0.01,0.01,74654.1,1776392281000
1776392283.65,183.65,0.05,0.06,0.94,0.95,0.01,0.01,74654.1,1776392281000
1776392284.164,184.164,0.05,0.06,0.94,0.95,0.01,0.01,74653.66,1776392282000
1776392285.169,185.169,0.05,0.06,0.94,0.95,0.01,0.01,74653.66,1776392283000
1776392285.756,185.756,0.05,0.06,0.94,0.95,0.01,0.01,74653.66,1776392283000
1776392286.157,186.157,0.05,0.06,0.94,0.95,0.01,0.01,74654.56,1776392284000
1776392286.548,186.548,0.05,0.06,0.94,0.95,0.01,0.01,74653.71,1776392285000
1776392287.185,187.185,0.05,0.06,0.94,0.95,0.01,0.01,74654.51,1776392286000
1776392288.165,188.165,0.05,0.06,0.94,0.95,0.01,0.01,74654.51,1776392286000
1776392288.721,188.721,0.05,0.06,0.94,0.95,0.01,0.01,74651.32,1776392287000
1776392289.061,189.061,0.04,0.06,0.94,0.96,0.02,0.02,74651.32,1776392287000
1776392289.973,189.973,0.04,0.06,0.94,0.96,0.02,0.02,74651.01,1776392288000
1776392290.583,190.583,0.04,0.05,0.94,0.96,0.01,0.02,74645.31,1776392289000
1776392290.916,190.916,0.04,0.05,0.95,0.96,0.01,0.01,74645.31,1776392289000
1776392291.31,191.31,0.04,0.05,0.95,0.96,0.01,0.01,74645.55,1776392290000
1776392292.882,192.882,0.04,0.05,0.95,0.96,0.01,0.01,74645.55,1776392290000
1776392293.421,193.421,0.04,0.05,0.95,0.96,0.01,0.01,74647.31,1776392292000
1776392294.023,194.023,0.04,0.05,0.95,0.96,0.01,0.01,74647.31,1776392292000
1776392294.41,194.41,0.04,0.05,0.95,0.96,0.01,0.01,74647.31,1776392293000
1776392295.021,195.021,0.04,0.05,0.95,0.96,0.01,0.01,74649.54,1776392294000
1776392295.507,195.507,0.04,0.05,0.95,0.96,0.01,0.01,74649.54,1776392294000
1776392295.851,195.851,0.03,0.04,0.96,0.97,0.01,0.01,74649.54,1776392294000
1776392296.468,196.468,0.03,0.04,0.96,0.97,0.01,0.01,74649.54,1776392294000
1776392297.324,197.324,0.03,0.04,0.96,0.97,0.01,0.01,74651.5,1776392296000
1776392297.76,197.76,0.03,0.04,0.96,0.97,0.01,0.01,74651.5,1776392296000
1776392298.101,198.101,0.03,0.04,0.96,0.97,0.01,0.01,74651.5,1776392296000
1776392298.583,198.583,0.03,0.04,0.96,0.97,0.01,0.01,74651.5,1776392296000
1776392299.599,199.599,0.03,0.04,0.96,0.97,0.01,0.01,74646.11,1776392298000
1776392300.106,200.106,0.03,0.04,0.96,0.97,0.01,0.01,74646.11,1776392298000
1776392300.443,200.443,0.03,0.04,0.96,0.97,0.01,0.01,74644.58,1776392299000
1776392300.936,200.936,0.03,0.04,0.96,0.97,0.01,0.01,74644.58,1776392299000
1776392301.289,201.289,0.03,0.04,0.96,0.97,0.01,0.01,74644.58,1776392299000
1776392301.758,201.758,0.03,0.04,0.96,0.97,0.01,0.01,74643.88,1776392300000
1776392302.276,202.276,0.02,0.03,0.96,0.98,0.01,0.02,74643.88,1776392300000
1776392302.7,202.7,0.02,0.03,0.97,0.98,0.01,0.01,74646.03,1776392301000
1776392303.033,203.033,0.02,0.03,0.97,0.98,0.01,0.01,74646.03,1776392301000
1776392303.717,203.717,0.02,0.03,0.97,0.98,0.01,0.01,74646.03,1776392302000
1776392304.939,204.939,0.02,0.03,0.97,0.98,0.01,0.01,74646.07,1776392304000
1776392305.484,205.484,0.02,0.03,0.97,0.98,0.01,0.01,74646.07,1776392304000
1776392305.957,205.957,0.02,0.03,0.97,0.98,0.01,0.01,74646.07,1776392304000
1776392306.345,206.345,0.02,0.03,0.97,0.98,0.01,0.01,74645.94,1776392305000
1776392306.992,206.992,0.02,0.03,0.97,0.98,0.01,0.01,74645.94,1776392305000
1776392307.327,207.327,0.02,0.03,0.97,0.98,0.01,0.01,74641.55,1776392306000
1776392307.797,207.797,0.02,0.03,0.97,0.98,0.01,0.01,74641.55,1776392306000
1776392308.276,208.276,0.02,0.03,0.97,0.98,0.01,0.01,74637.83,1776392307000
1776392308.823,208.823,0.02,0.03,0.97,0.98,0.01,0.01,74637.83,1776392307000
1776392309.173,209.173,0.02,0.03,0.97,0.98,0.01,0.01,74637.83,1776392307000
1776392309.507,209.507,0.02,0.03,0.97,0.98,0.01,0.01,74636.1,1776392308000
1776392309.938,209.938,0.02,0.03,0.97,0.98,0.01,0.01,74636.1,1776392308000
1776392310.275,210.275,0.02,0.03,0.97,0.98,0.01,0.01,74636.1,1776392308000
1776392310.621,210.621,0.02,0.03,0.97,0.98,0.01,0.01,74634.71,1776392309000
1776392311.095,211.095,0.02,0.03,0.97,0.98,0.01,0.01,74634.71,1776392309000
1776392311.458,211.458,0.02,0.03,0.97,0.98,0.01,0.01,74634.36,1776392310000
1776392311.843,211.843,0.02,0.03,0.97,0.98,0.01,0.01,74634.36,1776392310000
1776392312.202,212.202,0.02,0.03,0.97,0.98,0.01,0.01,74633.15,1776392311000
1776392312.593,212.593,0.02,0.06,0.97,0.98,0.04,0.01,74633.15,1776392311000
1776392312.931,212.931,0.02,0.03,0.97,0.98,0.01,0.01,74633.15,1776392311000
1776392313.483,213.483,0.01,0.02,0.98,0.99,0.01,0.01,74633.14,1776392312000
1776392313.865,213.865,0.01,0.02,0.98,0.99,0.01,0.01,74633.14,1776392312000
1776392314.257,214.257,0.01,0.02,0.98,0.99,0.01,0.01,74633.14,1776392313000
1776392314.595,214.595,0.01,0.02,0.98,0.99,0.01,0.01,74633.14,1776392313000
1776392315.03,215.03,0.01,0.02,0.98,0.99,0.01,0.01,74633.14,1776392313000
1776392315.396,215.396,0.01,0.02,0.98,0.99,0.01,0.01,74632.99,1776392314000
1776392315.748,215.748,0.01,0.02,0.98,0.99,0.01,0.01,74632.99,1776392314000
1776392316.136,216.136,0.01,0.02,0.98,0.99,0.01,0.01,74632.99,1776392314000
1776392316.474,216.474,0.01,0.02,0.98,0.99,0.01,0.01,74632.99,1776392314000
1776392316.824,216.824,0.01,0.02,0.98,0.99,0.01,0.01,74632.99,1776392314000
1776392317.187,217.187,0.01,0.02,0.98,0.99,0.01,0.01,74633.13,1776392315000
1776392317.613,217.613,0.01,0.02,0.98,0.99,0.01,0.01,74632.72,1776392316000
1776392318.201,218.201,0.01,0.02,0.98,0.99,0.01,0.01,74632.72,1776392316000
1776392318.753,218.753,0.01,0.02,0.98,0.99,0.01,0.01,74629.1,1776392317000
1776392319.362,219.362,0.01,0.02,0.98,0.99,0.01,0.01,74627.3,1776392318000
1776392320.043,220.043,0.01,0.02,0.98,0.99,0.01,0.01,74627.3,1776392318000
1776392320.407,220.407,0.01,0.02,0.98,0.99,0.01,0.01,74628.67,1776392319000
1776392320.892,220.892,0.01,0.02,0.98,0.99,0.01,0.01,74627.96,1776392320000
1776392321.376,221.376,0.01,0.02,0.98,0.99,0.01,0.01,74627.96,1776392320000
1776392322.068,222.068,0.01,0.02,0.98,0.99,0.01,0.01,74629.85,1776392321000
1776392322.452,222.452,0.01,0.02,0.98,0.99,0.01,0.01,74629.85,1776392321000
1776392322.806,222.806,0.01,0.02,0.98,0.99,0.01,0.01,74629.85,1776392321000
1776392323.17,223.17,0.01,0.02,0.98,0.99,0.01,0.01,74629.85,1776392321000
1776392323.546,223.546,0.01,0.02,0.98,0.99,0.01,0.01,74631.22,1776392322000
1776392324.03,224.03,0.01,0.02,0.98,0.99,0.01,0.01,74631.22,1776392322000
1776392324.422,224.422,0.01,0.02,0.98,0.99,0.01,0.01,74631.28,1776392323000
1776392324.795,224.795,0.01,0.02,0.98,0.99,0.01,0.01,74631.28,1776392323000
1776392325.455,225.455,0.01,0.02,0.98,0.99,0.01,0.01,74631.25,1776392324000
1776392326.006,226.006,0.01,0.02,0.98,0.99,0.01,0.01,74631.25,1776392324000
1776392326.582,226.582,0.01,0.02,0.98,0.99,0.01,0.01,74631.21,1776392325000
1776392327.003,227.003,0.01,0.02,0.98,0.99,0.01,0.01,74631.21,1776392325000
1776392327.338,227.338,0.01,0.02,0.98,0.99,0.01,0.01,74629.93,1776392326000
1776392328.04,228.04,0.01,0.02,0.98,0.99,0.01,0.01,74629.93,1776392326000
1776392328.456,228.456,0.01,0.02,0.98,0.99,0.01,0.01,74628.83,1776392327000
1776392329.136,229.136,0.01,0.02,0.98,0.99,0.01,0.01,74629.0,1776392328000
1776392330.032,230.032,0.01,0.02,0.98,0.99,0.01,0.01,74629.0,1776392328000
1776392330.533,230.533,0.01,0.02,0.98,0.99,0.01,0.01,74628.6,1776392329000
1776392331.222,231.222,0.01,0.02,0.98,0.99,0.01,0.01,74628.6,1776392329000
1776392331.569,231.569,0.01,0.02,0.98,0.99,0.01,0.01,74628.37,1776392330000
1776392331.909,231.909,0.01,0.02,0.98,0.99,0.01,0.01,74628.37,1776392330000
1776392332.248,232.248,0.01,0.02,0.98,0.99,0.01,0.01,74627.97,1776392331000
1776392332.66,232.66,0.01,0.02,0.98,0.99,0.01,0.01,74627.97,1776392331000
1776392333.003,233.003,0.01,0.01,0.99,0.99,0.0,0.0,74627.97,1776392331000
1776392333.358,233.358,0.01,0.01,0.99,0.99,0.0,0.0,74627.97,1776392331000
1776392333.776,233.776,0.01,0.01,0.99,0.99,0.0,0.0,74626.25,1776392332000
1776392334.136,234.136,0.01,0.01,0.99,0.99,0.0,0.0,74625.73,1776392333000
1776392335.095,235.095,0.01,0.01,0.99,0.99,0.0,0.0,74625.73,1776392333000
1776392335.591,235.591,0.01,0.01,0.99,0.99,0.0,0.0,74625.75,1776392334000
1776392336.009,236.009,0.01,0.01,0.99,0.99,0.0,0.0,74625.75,1776392334000
1776392336.362,236.362,0.01,0.01,0.99,0.99,0.0,0.0,74625.18,1776392335000
1776392336.773,236.773,0.01,0.01,0.99,0.99,0.0,0.0,74625.18,1776392335000
1776392337.138,237.138,0.01,0.01,0.99,0.99,0.0,0.0,74625.18,1776392335000
1776392338.042,238.042,0.01,0.01,0.99,0.99,0.0,0.0,74621.91,1776392336000
1776392338.389,238.389,0.01,0.01,0.99,0.99,0.0,0.0,74622.52,1776392337000
1776392338.873,238.873,0.01,0.01,0.99,0.99,0.0,0.0,74623.65,1776392338000
1776392339.377,239.377,0.01,0.01,0.99,0.99,0.0,0.0,74623.65,1776392338000
1776392339.713,239.713,0.01,0.01,0.99,0.99,0.0,0.0,74623.65,1776392338000
1776392340.894,240.894,0.01,0.01,0.99,0.99,0.0,0.0,74625.88,1776392339000
1776392342.016,242.016,0.01,0.01,0.99,0.99,0.0,0.0,74633.7,1776392341000
1776392343.067,243.067,0.01,0.01,0.99,0.99,0.0,0.0,74634.07,1776392342000
1776392344.174,244.174,0.01,0.01,0.99,0.99,0.0,0.0,74634.09,1776392343000
1776392345.137,245.137,0.01,0.01,0.99,0.99,0.0,0.0,74634.1,1776392344000
1776392345.47,245.47,0.01,0.01,0.99,0.99,0.0,0.0,74634.1,1776392344000
1776392346.134,246.134,0.01,0.01,0.99,0.99,0.0,0.0,74634.1,1776392344000
1776392346.851,246.851,0.01,0.01,0.99,0.99,0.0,0.0,74634.11,1776392345000
1776392347.87,247.87,0.01,0.01,0.99,0.99,0.0,0.0,74634.11,1776392346000
1776392348.428,248.428,0.01,0.01,0.99,0.99,0.0,0.0,74635.66,1776392347000
1776392349.028,249.028,0.01,0.01,0.99,0.99,0.0,0.0,74634.32,1776392348000
1776392349.504,249.504,0.01,0.01,0.99,0.99,0.0,0.0,74634.32,1776392348000
1776392349.929,249.929,0.01,0.01,0.99,0.99,0.0,0.0,74634.32,1776392348000
1776392350.665,250.665,0.01,0.01,0.99,0.99,0.0,0.0,74635.83,1776392349000
1776392351.059,251.059,0.01,0.01,0.99,0.99,0.0,0.0,74635.83,1776392349000
1776392352.384,252.384,0.01,0.01,0.99,0.99,0.0,0.0,74642.08,1776392350000
1776392353.159,253.159,0.01,0.01,0.99,0.99,0.0,0.0,74647.32,1776392352000
1776392353.971,253.971,0.01,0.01,0.99,0.99,0.0,0.0,74647.32,1776392352000
1776392355.354,255.354,0.01,0.01,0.99,0.99,0.0,0.0,74646.39,1776392354000
1776392356.163,256.163,0.01,0.01,0.99,0.99,0.0,0.0,74647.6,1776392355000
1776392357.234,257.234,0.01,0.01,0.99,0.99,0.0,0.0,74647.64,1776392356000
1776392357.633,257.633,0.01,0.01,0.99,0.99,0.0,0.0,74647.64,1776392356000
1776392358.309,258.309,0.01,0.01,0.99,0.99,0.0,0.0,74647.66,1776392357000
1776392359.383,259.383,0.01,0.01,0.99,0.99,0.0,0.0,74647.66,1776392357000
1776392359.719,259.719,0.01,0.01,0.99,0.99,0.0,0.0,74647.92,1776392358000
1776392360.121,260.121,0.01,0.01,0.99,0.99,0.0,0.0,74647.92,1776392358000
1776392360.899,260.899,0.01,0.01,0.99,0.99,0.0,0.0,74647.92,1776392359000
1776392361.259,261.259,0.01,0.01,0.99,0.99,0.0,0.0,74647.92,1776392359000
1776392362.348,262.348,0.01,0.01,0.99,0.99,0.0,0.0,74649.79,1776392361000
1776392362.741,262.741,0.01,0.01,0.99,0.99,0.0,0.0,74649.79,1776392361000
1776392364.102,264.102,0.01,0.01,0.99,0.99,0.0,0.0,74650.22,1776392363000
1776392364.517,264.517,0.01,0.01,0.99,0.99,0.0,0.0,74650.22,1776392363000
1776392365.081,265.081,0.01,0.01,0.99,0.99,0.0,0.0,74650.22,1776392363000
1776392366.298,266.298,0.01,0.01,0.99,0.99,0.0,0.0,74650.27,1776392364000
1776392366.98,266.98,0.01,0.01,0.99,0.99,0.0,0.0,74652.23,1776392366000
1776392367.514,267.514,0.01,0.01,0.99,0.99,0.0,0.0,74652.23,1776392366000
1776392367.883,267.883,0.01,0.01,0.99,0.99,0.0,0.0,74652.23,1776392366000
1776392368.244,268.244,0.01,0.01,0.99,0.99,0.0,0.0,74652.9,1776392367000
1776392368.591,268.591,0.01,0.02,0.98,0.99,0.01,0.01,74652.9,1776392367000
1776392368.924,268.924,0.01,0.02,0.98,0.99,0.01,0.01,74652.9,1776392367000
1776392369.258,269.258,0.01,0.02,0.98,0.99,0.01,0.01,74652.9,1776392367000
1776392369.607,269.607,0.01,0.02,0.98,0.99,0.01,0.01,74659.0,1776392368000
1776392369.945,269.945,0.01,0.02,0.98,0.99,0.01,0.01,74659.0,1776392368000
1776392370.287,270.287,0.01,0.02,0.98,0.99,0.01,0.01,74659.0,1776392369000
1776392370.621,270.621,0.01,0.02,0.98,0.99,0.01,0.01,74659.0,1776392369000
1776392370.97,270.97,0.01,0.02,0.98,0.99,0.01,0.01,74659.0,1776392369000
1776392371.309,271.309,0.01,0.04,0.98,0.99,0.03,0.01,74653.7,1776392370000
1776392371.658,271.658,0.01,0.02,0.98,0.99,0.01,0.01,74653.7,1776392370000
1776392372.017,272.017,0.02,0.03,0.97,0.98,0.01,0.01,74653.7,1776392370000
1776392372.351,272.351,0.02,0.03,0.97,0.98,0.01,0.01,74653.7,1776392370000
1776392372.698,272.698,0.02,0.03,0.97,0.98,0.01,0.01,74653.63,1776392371000
1776392373.031,273.031,0.02,0.03,0.97,0.98,0.01,0.01,74653.63,1776392371000
1776392373.403,273.403,0.01,0.03,0.97,0.99,0.02,0.02,74651.26,1776392372000
1776392373.738,273.738,0.01,0.02,0.98,0.99,0.01,0.01,74651.26,1776392372000
1776392374.084,274.084,0.01,0.02,0.98,0.99,0.01,0.01,74651.26,1776392372000
1776392374.493,274.493,0.02,0.03,0.97,0.98,0.01,0.01,74653.3,1776392373000
1776392374.83,274.83,0.02,0.03,0.97,0.98,0.01,0.01,74653.3,1776392373000
1776392375.167,275.167,0.02,0.03,0.97,0.98,0.01,0.01,74653.3,1776392373000
1776392375.524,275.524,0.02,0.03,0.97,0.98,0.01,0.01,74653.28,1776392374000
1776392375.88,275.88,0.02,0.03,0.97,0.98,0.01,0.01,74653.28,1776392374000
1776392376.39,276.39,0.02,0.03,0.97,0.98,0.01,0.01,74653.28,1776392374000
1776392376.746,276.746,0.02,0.03,0.97,0.98,0.01,0.01,74655.34,1776392375000
1776392377.258,277.258,0.02,0.03,0.97,0.98,0.01,0.01,74655.34,1776392375000
1776392377.611,277.611,0.02,0.03,0.97,0.98,0.01,0.01,74656.75,1776392376000
1776392377.995,277.995,0.02,0.03,0.97,0.98,0.01,0.01,74656.75,1776392376000
1776392378.455,278.455,0.02,0.01,0.99,0.98,-0.01,-0.01,74656.62,1776392377000
1776392379.145,279.145,0.02,0.01,0.99,0.98,-0.01,-0.01,74656.41,1776392378000
1776392379.687,279.687,0.02,0.01,0.99,0.98,-0.01,-0.01,74656.41,1776392378000
1776392380.105,280.105,0.02,0.01,0.99,0.98,-0.01,-0.01,74655.77,1776392379000
1776392380.483,280.483,0.02,0.01,0.99,0.98,-0.01,-0.01,74655.77,1776392379000
1776392381.143,281.143,0.02,0.01,0.99,0.98,-0.01,-0.01,74654.41,1776392380000
1776392382.085,282.085,0.02,0.01,0.99,0.98,-0.01,-0.01,74654.41,1776392380000
1776392382.502,282.502,0.02,0.01,0.99,0.98,-0.01,-0.01,74654.74,1776392381000
1776392382.877,282.877,0.02,0.01,0.99,0.98,-0.01,-0.01,74654.09,1776392382000
1776392384.097,284.097,0.02,0.01,0.99,0.98,-0.01,-0.01,74644.93,1776392383000
1776392385.248,285.248,0.02,0.01,0.99,0.98,-0.01,-0.01,74640.82,1776392384000
1776392385.673,285.673,0.02,0.01,0.99,0.98,-0.01,-0.01,74640.82,1776392384000
1776392386.465,286.465,0.02,0.01,0.99,0.98,-0.01,-0.01,74640.39,1776392385000
1776392387.046,287.046,0.02,0.01,0.99,0.98,-0.01,-0.01,74638.33,1776392386000
1776392387.663,287.663,0.02,0.01,0.99,0.98,-0.01,-0.01,74638.33,1776392386000
1776392388.133,288.133,0.02,0.01,0.99,0.98,-0.01,-0.01,74637.84,1776392387000
1776392388.478,288.478,0.02,0.01,0.99,0.98,-0.01,-0.01,74637.84,1776392387000
1776392389.3,289.3,0.02,0.01,0.99,0.98,-0.01,-0.01,74637.84,1776392387000
1776392389.916,289.916,0.02,0.01,0.99,0.98,-0.01,-0.01,74639.33,1776392389000
1776392390.995,290.995,0.02,0.01,0.99,0.98,-0.01,-0.01,74640.65,1776392390000
1776392392.257,292.257,0.02,0.01,0.99,0.98,-0.01,-0.01,74640.65,1776392390000
1776392392.642,292.642,0.02,0.01,0.99,0.98,-0.01,-0.01,74640.65,1776392390000
1776392393.136,293.136,0.02,0.01,0.99,0.98,-0.01,-0.01,74638.9,1776392392000
1776392394.179,294.179,0.02,0.01,0.99,0.98,-0.01,-0.01,74639.32,1776392393000
1776392395.06,295.06,0.02,0.01,0.99,0.98,-0.01,-0.01,74639.32,1776392393000
1776392396.191,296.191,0.02,0.01,0.99,0.98,-0.01,-0.01,74639.43,1776392395000
1776392396.866,296.866,0.02,0.01,0.99,0.98,-0.01,-0.01,74639.43,1776392395000
1776392398.09,298.09,0.02,0.01,0.99,0.98,-0.01,-0.01,74641.3,1776392397000
1776392398.681,298.681,0.02,0.01,0.99,0.98,-0.01,-0.01,74641.3,1776392397000
1776392399.053,299.053,0.02,0.01,0.99,0.98,-0.01,-0.01,74641.77,1776392398000
1776392399.694,299.694,0.02,0.01,0.99,0.98,-0.01,-0.01,74641.77,1776392398000
1776392400.061,300.061,0.02,0.01,0.99,0.98,-0.01,-0.01,74641.64,1776392399000
1776392400.488,300.488,0.02,0.01,0.99,0.98,-0.01,-0.01,74641.64,1776392399000
1776392400.913,300.913,0.02,0.01,0.99,0.98,-0.01,-0.01,74641.64,1776392399000

# RESULT,winner=Down,slug=btc-updown-5m-1776392100,ticks=603
