timestamp,elapsed_sec,up_bid,up_ask,down_bid,down_ask,up_spread,down_spread,btc_price,btc_oracle_ts
1776165900.544,0.544,0.52,0.54,0.46,0.48,0.02,0.02,74418.41,1776165899000
1776165900.964,0.964,0.53,0.54,0.46,0.47,0.01,0.01,74418.41,1776165899000
1776165901.371,1.371,0.53,0.55,0.46,0.47,0.02,0.01,74418.28,1776165900000
1776165901.831,1.831,0.53,0.54,0.46,0.47,0.01,0.01,74418.28,1776165900000
1776165902.228,2.228,0.54,0.55,0.45,0.46,0.01,0.01,74418.28,1776165900000
1776165902.639,2.639,0.55,0.56,0.44,0.46,0.01,0.02,74417.98,1776165901000
1776165903.006,3.006,0.56,0.57,0.43,0.44,0.01,0.01,74417.98,1776165901000
1776165903.502,3.502,0.57,0.58,0.42,0.44,0.01,0.02,74417.98,1776165901000
1776165903.94,3.94,0.57,0.58,0.43,0.44,0.01,0.01,74418.06,1776165902000
1776165904.41,4.41,0.58,0.59,0.41,0.42,0.01,0.01,74418.06,1776165902000
1776165904.751,4.751,0.59,0.6,0.4,0.41,0.01,0.01,74422.83,1776165903000
1776165905.223,5.223,0.59,0.6,0.4,0.41,0.01,0.01,74424.76,1776165904000
1776165905.614,5.614,0.58,0.59,0.4,0.42,0.01,0.02,74424.76,1776165904000
1776165905.948,5.948,0.58,0.59,0.41,0.42,0.01,0.01,74424.76,1776165904000
1776165906.302,6.302,0.58,0.59,0.41,0.42,0.01,0.01,74424.76,1776165905000
1776165906.684,6.684,0.58,0.59,0.41,0.42,0.01,0.01,74424.76,1776165905000
1776165907.14,7.14,0.58,0.59,0.41,0.42,0.01,0.01,74424.76,1776165905000
1776165907.56,7.56,0.57,0.58,0.42,0.43,0.01,0.01,74425.9,1776165906000
1776165907.896,7.896,0.58,0.6,0.41,0.42,0.02,0.01,74425.9,1776165906000
1776165908.351,8.351,0.58,0.59,0.4,0.41,0.01,0.01,74425.99,1776165907000
1776165908.735,8.735,0.58,0.59,0.41,0.42,0.01,0.01,74425.99,1776165907000
1776165909.21,9.21,0.59,0.6,0.4,0.41,0.01,0.01,74426.02,1776165908000
1776165909.594,9.594,0.59,0.6,0.4,0.41,0.01,0.01,74426.02,1776165908000
1776165910.027,10.027,0.59,0.6,0.4,0.41,0.01,0.01,74426.02,1776165908000
1776165910.609,10.609,0.6,0.61,0.39,0.41,0.01,0.02,74425.98,1776165909000
1776165911.027,11.027,0.6,0.61,0.39,0.4,0.01,0.01,74425.98,1776165909000
1776165911.403,11.403,0.6,0.61,0.39,0.4,0.01,0.01,74425.98,1776165910000
1776165911.779,11.779,0.6,0.61,0.39,0.4,0.01,0.01,74425.98,1776165910000
1776165912.241,12.241,0.6,0.61,0.39,0.4,0.01,0.01,74426.4,1776165911000
1776165913.014,13.014,0.6,0.61,0.39,0.4,0.01,0.01,74425.98,1776165912000
1776165913.382,13.382,0.6,0.61,0.39,0.4,0.01,0.01,74425.98,1776165912000
1776165913.849,13.849,0.6,0.61,0.39,0.4,0.01,0.01,74425.98,1776165912000
1776165914.284,14.284,0.6,0.61,0.39,0.4,0.01,0.01,74426.47,1776165913000
1776165914.806,14.806,0.59,0.6,0.4,0.41,0.01,0.01,74426.47,1776165913000
1776165915.192,15.192,0.58,0.59,0.4,0.42,0.01,0.02,74426.26,1776165914000
1776165915.618,15.618,0.58,0.59,0.41,0.42,0.01,0.01,74426.26,1776165914000
1776165915.997,15.997,0.58,0.59,0.41,0.42,0.01,0.01,74426.06,1776165915000
1776165916.34,16.34,0.58,0.59,0.41,0.42,0.01,0.01,74426.06,1776165915000
1776165917.033,17.033,0.58,0.59,0.41,0.42,0.01,0.01,74426.06,1776165915000
1776165917.4,17.4,0.57,0.58,0.42,0.43,0.01,0.01,74426.06,1776165915000
1776165917.749,17.749,0.57,0.58,0.42,0.43,0.01,0.01,74425.86,1776165916000
1776165918.231,18.231,0.57,0.58,0.42,0.43,0.01,0.01,74425.86,1776165917000
1776165918.836,18.836,0.57,0.58,0.42,0.43,0.01,0.01,74425.86,1776165917000
1776165919.24,19.24,0.56,0.57,0.43,0.44,0.01,0.01,74425.86,1776165917000
1776165919.573,19.573,0.56,0.57,0.43,0.44,0.01,0.01,74425.83,1776165918000
1776165920.149,20.149,0.56,0.57,0.43,0.44,0.01,0.01,74425.84,1776165919000
1776165920.684,20.684,0.56,0.57,0.43,0.44,0.01,0.01,74425.84,1776165919000
1776165921.108,21.108,0.56,0.57,0.43,0.44,0.01,0.01,74425.84,1776165920000
1776165921.51,21.51,0.56,0.57,0.43,0.44,0.01,0.01,74425.84,1776165920000
1776165921.992,21.992,0.56,0.57,0.43,0.44,0.01,0.01,74425.84,1776165920000
1776165922.424,22.424,0.57,0.58,0.42,0.44,0.01,0.02,74425.84,1776165921000
1776165922.759,22.759,0.57,0.59,0.41,0.43,0.02,0.02,74425.84,1776165921000
1776165923.138,23.138,0.59,0.6,0.4,0.42,0.01,0.02,74425.84,1776165921000
1776165923.474,23.474,0.59,0.6,0.4,0.41,0.01,0.01,74425.84,1776165922000
1776165923.892,23.892,0.59,0.6,0.4,0.41,0.01,0.01,74425.84,1776165922000
1776165924.411,24.411,0.59,0.6,0.4,0.41,0.01,0.01,74425.84,1776165923000
1776165924.91,24.91,0.59,0.6,0.4,0.41,0.01,0.01,74425.84,1776165923000
1776165925.508,25.508,0.59,0.61,0.4,0.41,0.02,0.01,74432.35,1776165924000
1776165926.217,26.217,0.6,0.61,0.39,0.4,0.01,0.01,74431.98,1776165925000
1776165926.788,26.788,0.6,0.61,0.39,0.4,0.01,0.01,74431.98,1776165925000
1776165927.178,27.178,0.6,0.61,0.39,0.4,0.01,0.01,74431.98,1776165925000
1776165927.699,27.699,0.6,0.61,0.39,0.4,0.01,0.01,74431.22,1776165926000
1776165928.231,28.231,0.6,0.61,0.39,0.4,0.01,0.01,74431.19,1776165927000
1776165928.753,28.753,0.6,0.61,0.39,0.4,0.01,0.01,74431.19,1776165927000
1776165929.122,29.122,0.6,0.61,0.39,0.4,0.01,0.01,74431.17,1776165928000
1776165929.872,29.872,0.6,0.61,0.39,0.4,0.01,0.01,74431.17,1776165928000
1776165930.264,30.264,0.6,0.61,0.39,0.4,0.01,0.01,74431.17,1776165929000
1776165930.621,30.621,0.6,0.61,0.39,0.4,0.01,0.01,74431.17,1776165929000
1776165931.338,31.338,0.6,0.61,0.39,0.4,0.01,0.01,74431.17,1776165930000
1776165931.98,31.98,0.6,0.61,0.39,0.4,0.01,0.01,74431.17,1776165930000
1776165932.32,32.32,0.6,0.61,0.39,0.4,0.01,0.01,74431.17,1776165930000
1776165932.844,32.844,0.6,0.61,0.39,0.4,0.01,0.01,74431.17,1776165931000
1776165933.253,33.253,0.6,0.61,0.39,0.4,0.01,0.01,74431.08,1776165932000
1776165933.644,33.644,0.6,0.61,0.39,0.4,0.01,0.01,74431.08,1776165932000
1776165934.304,34.304,0.6,0.61,0.39,0.4,0.01,0.01,74431.08,1776165933000
1776165934.872,34.872,0.6,0.61,0.39,0.4,0.01,0.01,74431.08,1776165934000
1776165935.521,35.521,0.6,0.61,0.39,0.4,0.01,0.01,74431.08,1776165934000
1776165935.947,35.947,0.59,0.61,0.39,0.41,0.02,0.02,74431.1,1776165935000
1776165936.366,36.366,0.59,0.6,0.4,0.41,0.01,0.01,74431.1,1776165935000
1776165936.789,36.789,0.59,0.6,0.4,0.41,0.01,0.01,74431.1,1776165935000
1776165937.139,37.139,0.59,0.6,0.4,0.41,0.01,0.01,74430.73,1776165936000
1776165937.597,37.597,0.59,0.6,0.4,0.41,0.01,0.01,74430.73,1776165936000
1776165937.98,37.98,0.59,0.6,0.4,0.41,0.01,0.01,74430.73,1776165937000
1776165939.008,39.008,0.59,0.6,0.4,0.41,0.01,0.01,74430.73,1776165938000
1776165939.353,39.353,0.59,0.63,0.37,0.41,0.04,0.04,74430.73,1776165938000
1776165939.73,39.73,0.69,0.7,0.3,0.31,0.01,0.01,74430.73,1776165938000
1776165940.078,40.078,0.69,0.71,0.3,0.31,0.02,0.01,74430.1,1776165939000
1776165940.426,40.426,0.71,0.72,0.28,0.3,0.01,0.02,74430.1,1776165939000
1776165940.794,40.794,0.71,0.72,0.28,0.29,0.01,0.01,74430.1,1776165939000
1776165941.14,41.14,0.71,0.72,0.28,0.29,0.01,0.01,74438.77,1776165940000
1776165941.488,41.488,0.71,0.72,0.28,0.29,0.01,0.01,74438.77,1776165940000
1776165941.873,41.873,0.71,0.73,0.28,0.29,0.02,0.01,74438.77,1776165940000
1776165942.491,42.491,0.72,0.74,0.28,0.29,0.02,0.01,74449.97,1776165941000
1776165942.837,42.837,0.73,0.74,0.26,0.27,0.01,0.01,74449.97,1776165941000
1776165943.302,43.302,0.74,0.75,0.25,0.27,0.01,0.02,74450.35,1776165942000
1776165943.648,43.648,0.74,0.75,0.25,0.26,0.01,0.01,74450.35,1776165942000
1776165944.016,44.016,0.74,0.75,0.25,0.26,0.01,0.01,74450.63,1776165943000
1776165944.461,44.461,0.75,0.76,0.24,0.26,0.01,0.02,74450.63,1776165943000
1776165944.799,44.799,0.75,0.76,0.24,0.25,0.01,0.01,74450.63,1776165943000
1776165945.311,45.311,0.75,0.76,0.24,0.25,0.01,0.01,74450.63,1776165943000
1776165945.686,45.686,0.75,0.76,0.24,0.25,0.01,0.01,74450.31,1776165944000
1776165946.024,46.024,0.75,0.76,0.24,0.25,0.01,0.01,74450.67,1776165945000
1776165946.458,46.458,0.76,0.77,0.23,0.24,0.01,0.01,74450.67,1776165945000
1776165946.817,46.817,0.76,0.77,0.23,0.24,0.01,0.01,74450.67,1776165945000
1776165947.195,47.195,0.76,0.77,0.23,0.24,0.01,0.01,74450.68,1776165946000
1776165947.594,47.594,0.77,0.78,0.22,0.24,0.01,0.02,74450.68,1776165946000
1776165948.132,48.132,0.77,0.78,0.22,0.23,0.01,0.01,74451.21,1776165947000
1776165948.512,48.512,0.77,0.78,0.22,0.23,0.01,0.01,74451.21,1776165947000
1776165948.9,48.9,0.77,0.78,0.22,0.23,0.01,0.01,74451.53,1776165948000
1776165949.449,49.449,0.77,0.78,0.22,0.23,0.01,0.01,74451.53,1776165948000
1776165949.828,49.828,0.77,0.78,0.22,0.23,0.01,0.01,74451.53,1776165949000
1776165950.484,50.484,0.77,0.78,0.22,0.23,0.01,0.01,74451.53,1776165949000
1776165951.165,51.165,0.77,0.78,0.22,0.23,0.01,0.01,74451.53,1776165949000
1776165951.572,51.572,0.77,0.78,0.22,0.23,0.01,0.01,74451.56,1776165950000
1776165951.955,51.955,0.77,0.78,0.22,0.23,0.01,0.01,74451.56,1776165950000
1776165952.609,52.609,0.77,0.78,0.22,0.23,0.01,0.01,74451.84,1776165951000
1776165953.123,53.123,0.77,0.78,0.22,0.23,0.01,0.01,74451.84,1776165951000
1776165953.479,53.479,0.77,0.78,0.22,0.23,0.01,0.01,74451.87,1776165952000
1776165953.884,53.884,0.77,0.78,0.22,0.23,0.01,0.01,74451.87,1776165952000
1776165954.407,54.407,0.77,0.78,0.22,0.23,0.01,0.01,74451.94,1776165953000
1776165954.747,54.747,0.77,0.78,0.22,0.23,0.01,0.01,74451.94,1776165953000
1776165955.173,55.173,0.77,0.78,0.22,0.23,0.01,0.01,74451.94,1776165953000
1776165955.597,55.597,0.77,0.78,0.22,0.23,0.01,0.01,74451.98,1776165954000
1776165955.98,55.98,0.77,0.78,0.22,0.23,0.01,0.01,74451.98,1776165954000
1776165956.776,56.776,0.77,0.78,0.22,0.23,0.01,0.01,74451.98,1776165955000
1776165957.13,57.13,0.77,0.78,0.22,0.23,0.01,0.01,74451.98,1776165956000
1776165957.513,57.513,0.77,0.78,0.22,0.23,0.01,0.01,74451.98,1776165956000
1776165958.117,58.117,0.77,0.78,0.22,0.23,0.01,0.01,74451.98,1776165956000
1776165958.513,58.513,0.76,0.77,0.23,0.24,0.01,0.01,74451.98,1776165957000
1776165959.184,59.184,0.76,0.77,0.23,0.24,0.01,0.01,74451.98,1776165957000
1776165959.687,59.687,0.76,0.77,0.23,0.24,0.01,0.01,74451.98,1776165957000
1776165960.114,60.114,0.76,0.77,0.23,0.24,0.01,0.01,74451.98,1776165957000
1776165960.505,60.505,0.76,0.77,0.23,0.24,0.01,0.01,74451.96,1776165958000
1776165960.838,60.838,0.76,0.77,0.23,0.24,0.01,0.01,74451.96,1776165959000
1776165961.217,61.217,0.76,0.77,0.23,0.24,0.01,0.01,74451.96,1776165959000
1776165961.623,61.623,0.76,0.77,0.23,0.24,0.01,0.01,74451.96,1776165959000
1776165962.049,62.049,0.76,0.77,0.23,0.24,0.01,0.01,74451.96,1776165960000
1776165962.403,62.403,0.76,0.77,0.23,0.24,0.01,0.01,74451.96,1776165961000
1776165962.796,62.796,0.77,0.78,0.23,0.24,0.01,0.01,74451.96,1776165961000
1776165963.332,63.332,0.77,0.78,0.22,0.23,0.01,0.01,74451.98,1776165962000
1776165963.696,63.696,0.77,0.78,0.22,0.23,0.01,0.01,74451.98,1776165962000
1776165964.119,64.119,0.77,0.78,0.22,0.23,0.01,0.01,74451.98,1776165962000
1776165964.473,64.473,0.77,0.78,0.22,0.23,0.01,0.01,74451.98,1776165962000
1776165964.9,64.9,0.77,0.78,0.22,0.23,0.01,0.01,74451.99,1776165963000
1776165965.282,65.282,0.77,0.78,0.22,0.23,0.01,0.01,74451.99,1776165964000
1776165966.643,66.643,0.77,0.78,0.22,0.23,0.01,0.01,74451.85,1776165965000
1776165966.995,66.995,0.77,0.78,0.22,0.23,0.01,0.01,74451.85,1776165965000
1776165967.407,67.407,0.77,0.78,0.22,0.23,0.01,0.01,74451.86,1776165966000
1776165967.785,67.785,0.75,0.78,0.22,0.25,0.03,0.03,74451.86,1776165966000
1776165968.93,68.93,0.77,0.78,0.23,0.25,0.01,0.02,74452.06,1776165967000
1776165969.335,69.335,0.79,0.8,0.2,0.21,0.01,0.01,74452.06,1776165967000
1776165969.685,69.685,0.79,0.8,0.2,0.21,0.01,0.01,74452.05,1776165968000
1776165970.036,70.036,0.8,0.82,0.18,0.2,0.02,0.02,74452.05,1776165968000
1776165970.493,70.493,0.8,0.81,0.18,0.2,0.01,0.02,74453.21,1776165969000
1776165971.04,71.04,0.8,0.81,0.19,0.2,0.01,0.01,74453.21,1776165969000
1776165971.556,71.556,0.8,0.81,0.19,0.2,0.01,0.01,74453.21,1776165969000
1776165971.913,71.913,0.81,0.82,0.18,0.19,0.01,0.01,74462.27,1776165970000
1776165972.254,72.254,0.81,0.82,0.18,0.19,0.01,0.01,74462.27,1776165970000
1776165972.674,72.674,0.82,0.83,0.17,0.19,0.01,0.02,74463.14,1776165971000
1776165973.028,73.028,0.82,0.83,0.17,0.18,0.01,0.01,74463.14,1776165971000
1776165973.386,73.386,0.82,0.83,0.17,0.18,0.01,0.01,74463.14,1776165971000
1776165973.728,73.728,0.83,0.84,0.16,0.17,0.01,0.01,74463.61,1776165972000
1776165974.322,74.322,0.83,0.84,0.16,0.17,0.01,0.01,74463.61,1776165972000
1776165974.672,74.672,0.83,0.84,0.16,0.17,0.01,0.01,74464.11,1776165973000
1776165975.035,75.035,0.83,0.84,0.16,0.17,0.01,0.01,74464.11,1776165973000
1776165975.393,75.393,0.83,0.84,0.16,0.17,0.01,0.01,74464.11,1776165974000
1776165975.728,75.728,0.83,0.84,0.16,0.17,0.01,0.01,74464.11,1776165974000
1776165976.151,76.151,0.83,0.84,0.16,0.17,0.01,0.01,74464.11,1776165974000
1776165976.526,76.526,0.83,0.84,0.16,0.17,0.01,0.01,74464.11,1776165974000
1776165977.017,77.017,0.83,0.84,0.16,0.17,0.01,0.01,74464.11,1776165974000
1776165977.394,77.394,0.83,0.84,0.16,0.17,0.01,0.01,74463.74,1776165976000
1776165977.9,77.9,0.83,0.84,0.16,0.17,0.01,0.01,74463.74,1776165976000
1776165978.355,78.355,0.83,0.84,0.16,0.17,0.01,0.01,74463.68,1776165977000
1776165978.819,78.819,0.83,0.84,0.16,0.17,0.01,0.01,74463.68,1776165977000
1776165979.174,79.174,0.83,0.84,0.16,0.17,0.01,0.01,74463.68,1776165978000
1776165979.593,79.593,0.83,0.84,0.16,0.17,0.01,0.01,74463.68,1776165978000
1776165979.947,79.947,0.83,0.84,0.16,0.17,0.01,0.01,74463.68,1776165978000
1776165980.366,80.366,0.83,0.84,0.16,0.17,0.01,0.01,74463.79,1776165979000
1776165980.9,80.9,0.83,0.84,0.16,0.17,0.01,0.01,74463.79,1776165979000
1776165981.304,81.304,0.83,0.84,0.16,0.17,0.01,0.01,74462.85,1776165980000
1776165981.969,81.969,0.83,0.84,0.16,0.17,0.01,0.01,74462.85,1776165980000
1776165982.327,82.327,0.83,0.84,0.16,0.17,0.01,0.01,74463.84,1776165981000
1776165982.76,82.76,0.83,0.84,0.16,0.17,0.01,0.01,74463.84,1776165981000
1776165983.153,83.153,0.83,0.84,0.16,0.17,0.01,0.01,74463.84,1776165981000
1776165983.591,83.591,0.83,0.84,0.16,0.17,0.01,0.01,74463.84,1776165982000
1776165983.946,83.946,0.83,0.84,0.16,0.17,0.01,0.01,74463.84,1776165983000
1776165984.294,84.294,0.83,0.84,0.16,0.17,0.01,0.01,74463.84,1776165983000
1776165984.694,84.694,0.83,0.84,0.16,0.17,0.01,0.01,74463.84,1776165983000
1776165985.351,85.351,0.83,0.84,0.16,0.17,0.01,0.01,74463.84,1776165983000
1776165985.701,85.701,0.83,0.84,0.16,0.17,0.01,0.01,74463.58,1776165984000
1776165986.158,86.158,0.83,0.84,0.16,0.17,0.01,0.01,74463.75,1776165985000
1776165986.544,86.544,0.83,0.84,0.16,0.17,0.01,0.01,74463.75,1776165985000
1776165986.915,86.915,0.83,0.84,0.16,0.17,0.01,0.01,74463.75,1776165985000
1776165987.271,87.271,0.83,0.84,0.15,0.17,0.01,0.02,74463.76,1776165986000
1776165987.839,87.839,0.83,0.85,0.16,0.17,0.02,0.01,74463.76,1776165986000
1776165988.25,88.25,0.84,0.85,0.15,0.16,0.01,0.01,74463.76,1776165986000
1776165988.61,88.61,0.84,0.85,0.15,0.16,0.01,0.01,74463.76,1776165986000
1776165989.141,89.141,0.84,0.85,0.15,0.16,0.01,0.01,74463.81,1776165987000
1776165989.535,89.535,0.84,0.85,0.15,0.16,0.01,0.01,74463.81,1776165988000
1776165990.063,90.063,0.84,0.85,0.15,0.16,0.01,0.01,74463.81,1776165989000
1776165990.401,90.401,0.84,0.85,0.15,0.16,0.01,0.01,74463.81,1776165989000
1776165991.009,91.009,0.84,0.85,0.15,0.16,0.01,0.01,74463.81,1776165989000
1776165991.38,91.38,0.84,0.85,0.15,0.16,0.01,0.01,74463.79,1776165990000
1776165991.718,91.718,0.84,0.85,0.15,0.16,0.01,0.01,74463.79,1776165990000
1776165992.053,92.053,0.84,0.85,0.15,0.16,0.01,0.01,74463.79,1776165991000
1776165992.603,92.603,0.84,0.85,0.15,0.16,0.01,0.01,74463.79,1776165991000
1776165993.129,93.129,0.84,0.85,0.15,0.16,0.01,0.01,74463.79,1776165991000
1776165993.705,93.705,0.84,0.85,0.15,0.16,0.01,0.01,74463.8,1776165992000
1776165994.318,94.318,0.84,0.85,0.15,0.16,0.01,0.01,74463.8,1776165993000
1776165994.911,94.911,0.83,0.85,0.15,0.17,0.02,0.02,74463.8,1776165994000
1776165995.26,95.26,0.83,0.84,0.16,0.17,0.01,0.01,74463.8,1776165994000
1776165995.765,95.765,0.83,0.84,0.16,0.17,0.01,0.01,74463.8,1776165994000
1776165996.138,96.138,0.83,0.84,0.16,0.17,0.01,0.01,74463.84,1776165995000
1776165996.49,96.49,0.81,0.83,0.17,0.19,0.02,0.02,74463.84,1776165995000
1776165997.133,97.133,0.81,0.82,0.18,0.19,0.01,0.01,74463.84,1776165996000
1776165997.488,97.488,0.81,0.82,0.18,0.19,0.01,0.01,74463.84,1776165996000
1776165997.964,97.964,0.81,0.82,0.18,0.19,0.01,0.01,74463.84,1776165996000
1776165998.423,98.423,0.81,0.82,0.18,0.19,0.01,0.01,74461.72,1776165997000
1776165998.774,98.774,0.81,0.82,0.18,0.19,0.01,0.01,74461.72,1776165997000
1776165999.186,99.186,0.8,0.82,0.18,0.2,0.02,0.02,74460.0,1776165998000
1776165999.542,99.542,0.8,0.81,0.19,0.2,0.01,0.01,74460.0,1776165998000
1776165999.955,99.955,0.8,0.81,0.19,0.2,0.01,0.01,74460.0,1776165998000
1776166000.503,100.503,0.77,0.78,0.21,0.23,0.01,0.02,74460.0,1776165999000
1776166000.86,100.86,0.77,0.78,0.22,0.23,0.01,0.01,74460.0,1776165999000
1776166001.225,101.225,0.77,0.78,0.22,0.23,0.01,0.01,74460.0,1776166000000
1776166001.611,101.611,0.77,0.78,0.22,0.23,0.01,0.01,74460.0,1776166000000
1776166001.962,101.962,0.77,0.78,0.22,0.23,0.01,0.01,74460.0,1776166000000
1776166002.298,102.298,0.76,0.78,0.22,0.24,0.02,0.02,74454.55,1776166001000
1776166002.655,102.655,0.75,0.76,0.24,0.25,0.01,0.01,74454.55,1776166001000
1776166002.989,102.989,0.74,0.76,0.24,0.25,0.02,0.01,74454.55,1776166001000
1776166003.349,103.349,0.74,0.75,0.25,0.26,0.01,0.01,74453.98,1776166002000
1776166003.692,103.692,0.74,0.75,0.25,0.26,0.01,0.01,74453.98,1776166002000
1776166004.111,104.111,0.74,0.75,0.25,0.26,0.01,0.01,74453.98,1776166002000
1776166004.445,104.445,0.74,0.75,0.25,0.26,0.01,0.01,74451.19,1776166003000
1776166004.85,104.85,0.74,0.75,0.25,0.26,0.01,0.01,74451.19,1776166003000
1776166005.336,105.336,0.74,0.75,0.25,0.26,0.01,0.01,74451.08,1776166004000
1776166005.795,105.795,0.74,0.75,0.25,0.26,0.01,0.01,74451.08,1776166004000
1776166006.157,106.157,0.74,0.75,0.25,0.26,0.01,0.01,74451.08,1776166005000
1776166006.518,106.518,0.74,0.75,0.25,0.26,0.01,0.01,74451.08,1776166005000
1776166006.909,106.909,0.74,0.75,0.25,0.26,0.01,0.01,74451.08,1776166005000
1776166007.273,107.273,0.74,0.75,0.25,0.26,0.01,0.01,74449.79,1776166006000
1776166007.673,107.673,0.74,0.75,0.25,0.26,0.01,0.01,74449.79,1776166006000
1776166008.04,108.04,0.74,0.75,0.25,0.26,0.01,0.01,74449.79,1776166006000
1776166008.392,108.392,0.74,0.75,0.25,0.26,0.01,0.01,74449.67,1776166007000
1776166008.733,108.733,0.73,0.74,0.26,0.27,0.01,0.01,74449.67,1776166007000
1776166009.217,109.217,0.73,0.74,0.26,0.27,0.01,0.01,74449.32,1776166008000
1776166009.627,109.627,0.73,0.74,0.26,0.27,0.01,0.01,74449.32,1776166008000
1776166010.032,110.032,0.73,0.74,0.26,0.27,0.01,0.01,74449.32,1776166008000
1776166010.799,110.799,0.73,0.74,0.26,0.27,0.01,0.01,74449.84,1776166009000
1776166011.423,111.423,0.73,0.74,0.26,0.27,0.01,0.01,74450.29,1776166010000
1776166011.97,111.97,0.73,0.74,0.26,0.27,0.01,0.01,74450.29,1776166010000
1776166012.44,112.44,0.73,0.74,0.26,0.27,0.01,0.01,74450.09,1776166011000
1776166013.013,113.013,0.73,0.74,0.26,0.27,0.01,0.01,74449.99,1776166012000
1776166013.347,113.347,0.73,0.74,0.26,0.27,0.01,0.01,74449.99,1776166012000
1776166013.773,113.773,0.73,0.74,0.26,0.27,0.01,0.01,74449.99,1776166012000
1776166014.362,114.362,0.73,0.74,0.26,0.27,0.01,0.01,74448.71,1776166013000
1776166014.895,114.895,0.73,0.74,0.26,0.27,0.01,0.01,74448.41,1776166014000
1776166015.349,115.349,0.72,0.73,0.26,0.28,0.01,0.02,74448.41,1776166014000
1776166015.699,115.699,0.71,0.72,0.28,0.29,0.01,0.01,74448.41,1776166014000
1776166016.138,116.138,0.71,0.72,0.28,0.29,0.01,0.01,74448.41,1776166014000
1776166016.698,116.698,0.71,0.72,0.28,0.29,0.01,0.01,74448.41,1776166015000
1776166017.152,117.152,0.71,0.72,0.28,0.29,0.01,0.01,74446.86,1776166016000
1776166017.978,117.978,0.71,0.72,0.28,0.29,0.01,0.01,74446.86,1776166016000
1776166018.313,118.313,0.71,0.72,0.28,0.29,0.01,0.01,74447,1776166017000
1776166018.678,118.678,0.71,0.72,0.28,0.29,0.01,0.01,74447,1776166017000
1776166019.025,119.025,0.71,0.72,0.28,0.29,0.01,0.01,74447,1776166017000
1776166019.381,119.381,0.71,0.72,0.28,0.29,0.01,0.01,74445.51,1776166018000
1776166019.72,119.72,0.71,0.72,0.28,0.29,0.01,0.01,74445.51,1776166018000
1776166020.373,120.373,0.71,0.72,0.28,0.29,0.01,0.01,74445.51,1776166019000
1776166020.791,120.791,0.71,0.72,0.28,0.29,0.01,0.01,74445.51,1776166019000
1776166021.243,121.243,0.71,0.72,0.28,0.29,0.01,0.01,74445.51,1776166019000
1776166021.717,121.717,0.71,0.72,0.28,0.29,0.01,0.01,74445.42,1776166020000
1776166022.089,122.089,0.71,0.72,0.28,0.29,0.01,0.01,74445.11,1776166021000
1776166022.495,122.495,0.71,0.72,0.28,0.29,0.01,0.01,74445.11,1776166021000
1776166022.934,122.934,0.71,0.72,0.28,0.29,0.01,0.01,74445.11,1776166021000
1776166023.433,123.433,0.69,0.7,0.29,0.31,0.01,0.02,74445.11,1776166021000
1776166023.768,123.768,0.69,0.7,0.3,0.31,0.01,0.01,74445.11,1776166022000
1776166024.191,124.191,0.69,0.7,0.3,0.31,0.01,0.01,74445.11,1776166022000
1776166024.566,124.566,0.69,0.7,0.3,0.31,0.01,0.01,74444.59,1776166023000
1776166025.112,125.112,0.69,0.7,0.3,0.31,0.01,0.01,74443.61,1776166024000
1776166025.485,125.485,0.69,0.7,0.3,0.31,0.01,0.01,74443.61,1776166024000
1776166025.827,125.827,0.69,0.7,0.3,0.31,0.01,0.01,74443.61,1776166024000
1776166026.324,126.324,0.69,0.7,0.3,0.31,0.01,0.01,74441.17,1776166025000
1776166026.674,126.674,0.69,0.7,0.3,0.31,0.01,0.01,74441.17,1776166025000
1776166027.203,127.203,0.69,0.7,0.3,0.31,0.01,0.01,74441.17,1776166025000
1776166027.712,127.712,0.69,0.7,0.3,0.31,0.01,0.01,74440.54,1776166026000
1776166028.274,128.274,0.69,0.7,0.3,0.31,0.01,0.01,74440.54,1776166026000
1776166028.609,128.609,0.69,0.7,0.3,0.31,0.01,0.01,74438.75,1776166027000
1776166029.147,129.147,0.69,0.7,0.3,0.31,0.01,0.01,74438.75,1776166027000
1776166029.494,129.494,0.69,0.7,0.3,0.31,0.01,0.01,74438.75,1776166028000
1776166029.86,129.86,0.69,0.7,0.3,0.31,0.01,0.01,74438.75,1776166028000
1776166030.235,130.235,0.69,0.7,0.3,0.31,0.01,0.01,74438.77,1776166029000
1776166030.667,130.667,0.68,0.69,0.3,0.31,0.01,0.01,74438.77,1776166029000
1776166031.251,131.251,0.68,0.69,0.31,0.32,0.01,0.01,74438.53,1776166030000
1776166032.204,132.204,0.68,0.69,0.31,0.32,0.01,0.01,74438.53,1776166030000
1776166032.772,132.772,0.68,0.69,0.31,0.32,0.01,0.01,74436.57,1776166031000
1776166033.17,133.17,0.68,0.69,0.31,0.32,0.01,0.01,74436.57,1776166032000
1776166033.999,133.999,0.68,0.69,0.31,0.32,0.01,0.01,74436.57,1776166032000
1776166034.561,134.561,0.68,0.69,0.31,0.32,0.01,0.01,74436.44,1776166033000
1776166034.899,134.899,0.68,0.71,0.3,0.32,0.03,0.02,74436.44,1776166033000
1776166035.266,135.266,0.7,0.71,0.29,0.3,0.01,0.01,74436.48,1776166034000
1776166035.73,135.73,0.7,0.71,0.29,0.3,0.01,0.01,74436.48,1776166034000
1776166036.229,136.229,0.7,0.71,0.29,0.3,0.01,0.01,74436.48,1776166034000
1776166036.577,136.577,0.7,0.71,0.29,0.3,0.01,0.01,74436.48,1776166034000
1776166037.101,137.101,0.7,0.72,0.29,0.3,0.02,0.01,74436.39,1776166035000
1776166037.526,137.526,0.71,0.72,0.28,0.29,0.01,0.01,74440.65,1776166036000
1776166038.047,138.047,0.71,0.72,0.28,0.29,0.01,0.01,74440.65,1776166037000
1776166038.625,138.625,0.71,0.72,0.28,0.29,0.01,0.01,74440.65,1776166037000
1776166038.979,138.979,0.71,0.72,0.28,0.29,0.01,0.01,74440.65,1776166037000
1776166039.45,139.45,0.72,0.73,0.27,0.29,0.01,0.02,74441.2,1776166038000
1776166040.008,140.008,0.72,0.73,0.27,0.3,0.01,0.03,74441.2,1776166038000
1776166040.344,140.344,0.72,0.73,0.27,0.28,0.01,0.01,74441.33,1776166039000
1776166040.791,140.791,0.72,0.73,0.27,0.28,0.01,0.01,74441.33,1776166039000
1776166041.189,141.189,0.72,0.73,0.27,0.28,0.01,0.01,74441.33,1776166040000
1776166041.613,141.613,0.72,0.73,0.27,0.28,0.01,0.01,74441.33,1776166040000
1776166042.084,142.084,0.72,0.73,0.27,0.28,0.01,0.01,74441.33,1776166040000
1776166042.64,142.64,0.72,0.73,0.27,0.28,0.01,0.01,74441.22,1776166041000
1776166043.206,143.206,0.72,0.73,0.27,0.28,0.01,0.01,74441.22,1776166041000
1776166043.694,143.694,0.72,0.73,0.27,0.28,0.01,0.01,74441.27,1776166042000
1776166044.239,144.239,0.72,0.73,0.27,0.28,0.01,0.01,74441.27,1776166042000
1776166044.952,144.952,0.72,0.73,0.27,0.28,0.01,0.01,74441.34,1776166044000
1776166045.643,145.643,0.72,0.73,0.27,0.28,0.01,0.01,74441.34,1776166044000
1776166046.105,146.105,0.72,0.73,0.27,0.28,0.01,0.01,74441.34,1776166044000
1776166046.519,146.519,0.72,0.73,0.27,0.28,0.01,0.01,74441,1776166045000
1776166046.903,146.903,0.72,0.73,0.26,0.28,0.01,0.02,74441,1776166045000
1776166047.363,147.363,0.72,0.73,0.27,0.28,0.01,0.01,74441.05,1776166046000
1776166047.709,147.709,0.72,0.73,0.27,0.28,0.01,0.01,74441.05,1776166046000
1776166048.116,148.116,0.72,0.73,0.27,0.28,0.01,0.01,74441.05,1776166047000
1776166048.521,148.521,0.72,0.73,0.27,0.28,0.01,0.01,74441.05,1776166047000
1776166049.019,149.019,0.72,0.73,0.27,0.28,0.01,0.01,74441.05,1776166047000
1776166050.165,150.165,0.72,0.73,0.27,0.28,0.01,0.01,74441.84,1776166048000
1776166050.764,150.764,0.72,0.73,0.27,0.28,0.01,0.01,74441.84,1776166048000
1776166051.102,151.102,0.72,0.73,0.27,0.28,0.01,0.01,74444.47,1776166049000
1776166051.548,151.548,0.72,0.74,0.26,0.28,0.02,0.02,74444.85,1776166050000
1776166052.079,152.079,0.75,0.76,0.24,0.25,0.01,0.01,74444.85,1776166050000
1776166052.538,152.538,0.75,0.76,0.24,0.25,0.01,0.01,74445.04,1776166051000
1776166052.911,152.911,0.75,0.76,0.24,0.25,0.01,0.01,74445.04,1776166051000
1776166053.311,153.311,0.75,0.76,0.24,0.25,0.01,0.01,74445.05,1776166052000
1776166053.755,153.755,0.75,0.76,0.24,0.25,0.01,0.01,74445.05,1776166052000
1776166054.33,154.33,0.75,0.76,0.24,0.25,0.01,0.01,74446.97,1776166053000
1776166054.835,154.835,0.76,0.77,0.23,0.24,0.01,0.01,74446.97,1776166053000
1776166055.192,155.192,0.76,0.77,0.23,0.24,0.01,0.01,74447.36,1776166054000
1776166055.617,155.617,0.76,0.77,0.23,0.24,0.01,0.01,74447.36,1776166054000
1776166056.278,156.278,0.76,0.78,0.23,0.24,0.02,0.01,74447.36,1776166054000
1776166056.684,156.684,0.77,0.78,0.22,0.23,0.01,0.01,74449.48,1776166055000
1776166057.095,157.095,0.77,0.78,0.22,0.23,0.01,0.01,74449.48,1776166055000
1776166057.435,157.435,0.77,0.78,0.22,0.23,0.01,0.01,74449.8,1776166056000
1776166058.041,158.041,0.77,0.78,0.22,0.23,0.01,0.01,74449.8,1776166056000
1776166058.402,158.402,0.77,0.78,0.22,0.23,0.01,0.01,74449.8,1776166056000
1776166058.865,158.865,0.77,0.78,0.22,0.23,0.01,0.01,74449.77,1776166057000
1776166059.27,159.27,0.77,0.78,0.22,0.23,0.01,0.01,74449.77,1776166058000
1776166060.167,160.167,0.77,0.78,0.22,0.23,0.01,0.01,74449.77,1776166058000
1776166060.575,160.575,0.77,0.78,0.22,0.23,0.01,0.01,74449.79,1776166059000
1776166061.158,161.158,0.77,0.78,0.22,0.23,0.01,0.01,74449.79,1776166060000
1776166061.76,161.76,0.77,0.78,0.22,0.23,0.01,0.01,74449.79,1776166060000
1776166062.137,162.137,0.78,0.79,0.22,0.23,0.01,0.01,74449.79,1776166060000
1776166062.659,162.659,0.78,0.79,0.21,0.22,0.01,0.01,74449.78,1776166061000
1776166063.003,163.003,0.76,0.78,0.22,0.23,0.02,0.01,74449.78,1776166061000
1776166063.375,163.375,0.71,0.73,0.27,0.29,0.02,0.02,74449.74,1776166062000
1776166063.719,163.719,0.71,0.72,0.28,0.29,0.01,0.01,74449.74,1776166062000
1776166064.081,164.081,0.67,0.7,0.3,0.31,0.03,0.01,74449.74,1776166062000
1776166064.454,164.454,0.69,0.7,0.3,0.31,0.01,0.01,74449.74,1776166063000
1776166064.911,164.911,0.68,0.7,0.3,0.31,0.02,0.01,74449.74,1776166063000
1776166065.35,165.35,0.67,0.68,0.32,0.33,0.01,0.01,74449.74,1776166063000
1776166065.684,165.684,0.67,0.68,0.32,0.33,0.01,0.01,74449.74,1776166063000
1776166066.12,166.12,0.67,0.68,0.32,0.33,0.01,0.01,74438.25,1776166064000
1776166066.49,166.49,0.72,0.73,0.28,0.3,0.01,0.02,74438.25,1776166064000
1776166066.859,166.859,0.72,0.73,0.27,0.28,0.01,0.01,74436.71,1776166065000
1776166067.28,167.28,0.72,0.73,0.27,0.28,0.01,0.01,74436.71,1776166066000
1776166067.753,167.753,0.72,0.73,0.27,0.28,0.01,0.01,74436.71,1776166066000
1776166068.214,168.214,0.72,0.73,0.27,0.28,0.01,0.01,74436.71,1776166066000
1776166068.592,168.592,0.72,0.73,0.27,0.28,0.01,0.01,74437.99,1776166067000
1776166069.153,169.153,0.72,0.73,0.27,0.28,0.01,0.01,74437.99,1776166067000
1776166069.625,169.625,0.72,0.73,0.27,0.28,0.01,0.01,74440,1776166068000
1776166069.973,169.973,0.72,0.73,0.27,0.28,0.01,0.01,74440,1776166068000
1776166071.177,171.177,0.72,0.73,0.27,0.28,0.01,0.01,74442.19,1776166070000
1776166071.758,171.758,0.72,0.73,0.27,0.28,0.01,0.01,74442.19,1776166070000
1776166072.105,172.105,0.72,0.73,0.27,0.28,0.01,0.01,74442.19,1776166070000
1776166072.519,172.519,0.72,0.73,0.27,0.28,0.01,0.01,74442.18,1776166071000
1776166072.914,172.914,0.72,0.74,0.27,0.28,0.02,0.01,74442.18,1776166071000
1776166073.413,173.413,0.73,0.74,0.26,0.27,0.01,0.01,74442.18,1776166072000
1776166074.315,174.315,0.73,0.74,0.26,0.27,0.01,0.01,74442.18,1776166072000
1776166074.653,174.653,0.73,0.74,0.26,0.27,0.01,0.01,74442.88,1776166073000
1776166075.283,175.283,0.73,0.74,0.26,0.27,0.01,0.01,74442.88,1776166073000
1776166075.813,175.813,0.73,0.74,0.26,0.27,0.01,0.01,74442.91,1776166074000
1776166076.206,176.206,0.73,0.74,0.26,0.27,0.01,0.01,74443.61,1776166075000
1776166077.068,177.068,0.73,0.74,0.26,0.27,0.01,0.01,74443.61,1776166075000
1776166077.479,177.479,0.73,0.74,0.26,0.27,0.01,0.01,74443.6,1776166076000
1776166078.017,178.017,0.73,0.74,0.26,0.27,0.01,0.01,74443.6,1776166076000
1776166078.451,178.451,0.74,0.75,0.25,0.26,0.01,0.01,74443.57,1776166077000
1776166078.809,178.809,0.74,0.75,0.25,0.26,0.01,0.01,74443.57,1776166077000
1776166079.202,179.202,0.74,0.75,0.25,0.26,0.01,0.01,74443.57,1776166077000
1776166079.54,179.54,0.74,0.75,0.25,0.26,0.01,0.01,74443.57,1776166078000
1776166079.926,179.926,0.75,0.76,0.24,0.25,0.01,0.01,74443.57,1776166078000
1776166080.65,180.65,0.75,0.76,0.24,0.25,0.01,0.01,74443.57,1776166079000
1776166081.193,181.193,0.76,0.77,0.24,0.25,0.01,0.01,74443.57,1776166079000
1776166081.542,181.542,0.75,0.77,0.23,0.24,0.02,0.01,74444.39,1776166080000
1776166081.882,181.882,0.75,0.76,0.24,0.25,0.01,0.01,74444.39,1776166080000
1776166082.328,182.328,0.74,0.75,0.25,0.26,0.01,0.01,74444.36,1776166081000
1776166082.68,182.68,0.74,0.75,0.25,0.26,0.01,0.01,74444.36,1776166081000
1776166083.036,183.036,0.74,0.75,0.25,0.26,0.01,0.01,74444.36,1776166082000
1776166083.573,183.573,0.74,0.75,0.25,0.26,0.01,0.01,74444.36,1776166082000
1776166083.92,183.92,0.74,0.75,0.25,0.26,0.01,0.01,74444.36,1776166082000
1776166084.329,184.329,0.74,0.75,0.25,0.26,0.01,0.01,74442.66,1776166083000
1776166084.716,184.716,0.74,0.75,0.25,0.26,0.01,0.01,74442.66,1776166083000
1776166085.22,185.22,0.74,0.75,0.25,0.26,0.01,0.01,74442.5,1776166084000
1776166085.864,185.864,0.74,0.75,0.25,0.26,0.01,0.01,74442.5,1776166084000
1776166086.329,186.329,0.74,0.75,0.25,0.26,0.01,0.01,74443.05,1776166085000
1776166086.897,186.897,0.74,0.75,0.25,0.26,0.01,0.01,74443.05,1776166085000
1776166087.241,187.241,0.74,0.75,0.25,0.26,0.01,0.01,74443.05,1776166085000
1776166087.695,187.695,0.74,0.77,0.23,0.26,0.03,0.03,74443.05,1776166086000
1776166088.052,188.052,0.75,0.76,0.24,0.25,0.01,0.01,74443.05,1776166087000
1776166088.453,188.453,0.75,0.77,0.24,0.25,0.02,0.01,74443.05,1776166087000
1776166088.879,188.879,0.76,0.77,0.23,0.25,0.01,0.02,74443.05,1776166087000
1776166089.225,189.225,0.76,0.77,0.23,0.24,0.01,0.01,74444.95,1776166088000
1776166089.652,189.652,0.77,0.78,0.22,0.23,0.01,0.01,74444.95,1776166088000
1776166090.003,190.003,0.77,0.78,0.22,0.23,0.01,0.01,74444.95,1776166088000
1776166091.417,191.417,0.77,0.78,0.22,0.23,0.01,0.01,74444.54,1776166090000
1776166091.978,191.978,0.77,0.78,0.22,0.23,0.01,0.01,74444.54,1776166091000
1776166092.32,192.32,0.77,0.78,0.22,0.23,0.01,0.01,74444.54,1776166091000
1776166092.687,192.687,0.77,0.78,0.22,0.23,0.01,0.01,74444.54,1776166091000
1776166093.06,193.06,0.77,0.79,0.21,0.23,0.02,0.02,74444.48,1776166092000
1776166093.493,193.493,0.78,0.79,0.21,0.22,0.01,0.01,74444.48,1776166092000
1776166093.83,193.83,0.76,0.78,0.22,0.24,0.02,0.02,74444.48,1776166092000
1776166094.165,194.165,0.75,0.76,0.24,0.25,0.01,0.01,74443.86,1776166093000
1776166094.506,194.506,0.74,0.75,0.24,0.26,0.01,0.02,74443.86,1776166093000
1776166094.862,194.862,0.74,0.75,0.25,0.26,0.01,0.01,74443.86,1776166093000
1776166095.382,195.382,0.73,0.74,0.26,0.27,0.01,0.01,74443.86,1776166093000
1776166095.753,195.753,0.73,0.74,0.26,0.27,0.01,0.01,74443.86,1776166093000
1776166096.098,196.098,0.73,0.74,0.26,0.27,0.01,0.01,74440.88,1776166094000
1776166096.461,196.461,0.73,0.74,0.26,0.27,0.01,0.01,74440.88,1776166095000
1776166096.834,196.834,0.72,0.73,0.27,0.28,0.01,0.01,74440.88,1776166095000
1776166097.184,197.184,0.72,0.73,0.27,0.28,0.01,0.01,74440.88,1776166096000
1776166097.55,197.55,0.72,0.73,0.27,0.28,0.01,0.01,74440.88,1776166096000
1776166097.972,197.972,0.72,0.73,0.27,0.28,0.01,0.01,74440.88,1776166096000
1776166098.324,198.324,0.72,0.73,0.27,0.28,0.01,0.01,74440.55,1776166097000
1776166098.735,198.735,0.72,0.73,0.27,0.28,0.01,0.01,74440.55,1776166097000
1776166099.106,199.106,0.72,0.73,0.27,0.28,0.01,0.01,74440.55,1776166097000
1776166099.443,199.443,0.72,0.73,0.27,0.28,0.01,0.01,74440.51,1776166098000
1776166099.803,199.803,0.72,0.73,0.27,0.28,0.01,0.01,74440.51,1776166098000
1776166100.149,200.149,0.72,0.73,0.27,0.28,0.01,0.01,74439.8,1776166099000
1776166100.932,200.932,0.72,0.73,0.27,0.28,0.01,0.01,74439.8,1776166099000
1776166101.491,201.491,0.73,0.74,0.26,0.28,0.01,0.02,74439.69,1776166100000
1776166102.016,202.016,0.73,0.76,0.24,0.27,0.03,0.03,74439.65,1776166101000
1776166102.486,202.486,0.74,0.76,0.24,0.27,0.02,0.03,74439.65,1776166101000
1776166102.821,202.821,0.72,0.73,0.27,0.28,0.01,0.01,74439.65,1776166101000
1776166103.246,203.246,0.7,0.71,0.29,0.3,0.01,0.01,74439.55,1776166102000
1776166103.599,203.599,0.7,0.71,0.29,0.3,0.01,0.01,74439.55,1776166102000
1776166104.028,204.028,0.69,0.7,0.3,0.31,0.01,0.01,74439.55,1776166102000
1776166104.362,204.362,0.69,0.7,0.3,0.31,0.01,0.01,74439.55,1776166103000
1776166104.878,204.878,0.69,0.7,0.3,0.31,0.01,0.01,74439.55,1776166103000
1776166105.422,205.422,0.69,0.7,0.3,0.31,0.01,0.01,74434.01,1776166104000
1776166105.808,205.808,0.68,0.69,0.31,0.32,0.01,0.01,74434.01,1776166104000
1776166106.239,206.239,0.68,0.69,0.31,0.32,0.01,0.01,74433.4,1776166105000
1776166106.624,206.624,0.68,0.69,0.31,0.32,0.01,0.01,74433.4,1776166105000
1776166107.131,207.131,0.68,0.69,0.31,0.32,0.01,0.01,74433.4,1776166106000
1776166107.474,207.474,0.68,0.69,0.31,0.32,0.01,0.01,74433.4,1776166106000
1776166107.808,207.808,0.68,0.69,0.31,0.32,0.01,0.01,74433.4,1776166106000
1776166108.194,208.194,0.68,0.69,0.31,0.32,0.01,0.01,74433.4,1776166106000
1776166108.662,208.662,0.68,0.69,0.31,0.32,0.01,0.01,74433.84,1776166107000
1776166109.03,209.03,0.68,0.69,0.31,0.32,0.01,0.01,74433.84,1776166107000
1776166109.531,209.531,0.68,0.69,0.31,0.32,0.01,0.01,74433.3,1776166108000
1776166109.878,209.878,0.68,0.69,0.31,0.32,0.01,0.01,74433.3,1776166108000
1776166110.436,210.436,0.68,0.69,0.31,0.32,0.01,0.01,74433.3,1776166108000
1776166110.769,210.769,0.68,0.69,0.31,0.32,0.01,0.01,74433.52,1776166109000
1776166111.146,211.146,0.68,0.69,0.31,0.32,0.01,0.01,74433.52,1776166109000
1776166111.568,211.568,0.68,0.69,0.31,0.32,0.01,0.01,74433.52,1776166110000
1776166111.94,211.94,0.68,0.69,0.31,0.32,0.01,0.01,74433.52,1776166110000
1776166112.325,212.325,0.68,0.69,0.31,0.32,0.01,0.01,74433.6,1776166111000
1776166112.714,212.714,0.68,0.69,0.31,0.32,0.01,0.01,74433.6,1776166111000
1776166113.05,213.05,0.68,0.69,0.31,0.32,0.01,0.01,74433.6,1776166111000
1776166113.509,213.509,0.65,0.66,0.34,0.35,0.01,0.01,74433.79,1776166112000
1776166113.853,213.853,0.65,0.66,0.34,0.35,0.01,0.01,74433.79,1776166112000
1776166114.274,214.274,0.65,0.66,0.34,0.35,0.01,0.01,74433.79,1776166112000
1776166114.635,214.635,0.65,0.66,0.34,0.35,0.01,0.01,74434.6,1776166113000
1776166115.087,215.087,0.65,0.66,0.34,0.35,0.01,0.01,74434.6,1776166113000
1776166115.42,215.42,0.65,0.66,0.34,0.35,0.01,0.01,74432.06,1776166114000
1776166115.761,215.761,0.65,0.66,0.34,0.35,0.01,0.01,74432.06,1776166114000
1776166116.549,216.549,0.65,0.66,0.34,0.35,0.01,0.01,74432.06,1776166115000
1776166116.984,216.984,0.65,0.66,0.34,0.35,0.01,0.01,74432.06,1776166115000
1776166117.33,217.33,0.65,0.66,0.34,0.35,0.01,0.01,74432.06,1776166116000
1776166117.852,217.852,0.65,0.66,0.34,0.35,0.01,0.01,74432.06,1776166116000
1776166118.21,218.21,0.65,0.66,0.34,0.35,0.01,0.01,74431.9,1776166117000
1776166118.591,218.591,0.65,0.66,0.34,0.35,0.01,0.01,74431.9,1776166117000
1776166119.168,219.168,0.65,0.66,0.34,0.35,0.01,0.01,74432.24,1776166118000
1776166119.878,219.878,0.65,0.66,0.34,0.35,0.01,0.01,74432.44,1776166119000
1776166120.805,220.805,0.65,0.66,0.34,0.35,0.01,0.01,74432.44,1776166119000
1776166121.211,221.211,0.67,0.68,0.34,0.35,0.01,0.01,74431.61,1776166120000
1776166121.702,221.702,0.68,0.69,0.32,0.33,0.01,0.01,74431.61,1776166120000
1776166122.11,222.11,0.68,0.69,0.31,0.32,0.01,0.01,74431.61,1776166120000
1776166122.53,222.53,0.68,0.69,0.31,0.32,0.01,0.01,74431.39,1776166121000
1776166122.928,222.928,0.68,0.69,0.31,0.32,0.01,0.01,74431.39,1776166121000
1776166123.266,223.266,0.68,0.69,0.31,0.32,0.01,0.01,74428.89,1776166122000
1776166124.044,224.044,0.68,0.69,0.31,0.32,0.01,0.01,74428.89,1776166122000
1776166124.481,224.481,0.68,0.69,0.31,0.32,0.01,0.01,74432.55,1776166123000
1776166125.217,225.217,0.68,0.69,0.31,0.32,0.01,0.01,74432.41,1776166124000
1776166126.23,226.23,0.68,0.69,0.31,0.32,0.01,0.01,74428.69,1776166125000
1776166126.607,226.607,0.68,0.69,0.31,0.32,0.01,0.01,74428.69,1776166125000
1776166127.057,227.057,0.68,0.69,0.31,0.32,0.01,0.01,74428.69,1776166125000
1776166127.429,227.429,0.68,0.69,0.31,0.32,0.01,0.01,74432.32,1776166126000
1776166128.021,228.021,0.6,0.63,0.35,0.38,0.03,0.03,74432.32,1776166126000
1776166128.412,228.412,0.61,0.62,0.38,0.41,0.01,0.03,74432.31,1776166127000
1776166128.751,228.751,0.6,0.61,0.38,0.4,0.01,0.02,74432.31,1776166127000
1776166129.109,229.109,0.59,0.6,0.4,0.42,0.01,0.02,74432.31,1776166127000
1776166129.464,229.464,0.59,0.6,0.4,0.41,0.01,0.01,74426.16,1776166128000
1776166129.805,229.805,0.57,0.58,0.42,0.43,0.01,0.01,74426.16,1776166128000
1776166130.151,230.151,0.55,0.56,0.42,0.44,0.01,0.02,74424.92,1776166129000
1776166130.51,230.51,0.53,0.56,0.44,0.48,0.03,0.04,74424.92,1776166129000
1776166130.86,230.86,0.51,0.54,0.46,0.49,0.03,0.03,74424.92,1776166129000
1776166131.201,231.201,0.51,0.52,0.48,0.49,0.01,0.01,74422.63,1776166130000
1776166131.538,231.538,0.51,0.52,0.48,0.49,0.01,0.01,74422.63,1776166130000
1776166131.873,231.873,0.51,0.52,0.48,0.49,0.01,0.01,74422.63,1776166130000
1776166132.258,232.258,0.51,0.52,0.48,0.49,0.01,0.01,74417.49,1776166131000
1776166132.593,232.593,0.51,0.52,0.48,0.49,0.01,0.01,74417.49,1776166131000
1776166132.938,232.938,0.51,0.52,0.48,0.49,0.01,0.01,74414.28,1776166132000
1776166133.335,233.335,0.51,0.52,0.48,0.49,0.01,0.01,74414.28,1776166132000
1776166133.744,233.744,0.51,0.52,0.48,0.49,0.01,0.01,74414.28,1776166132000
1776166134.161,234.161,0.5,0.52,0.48,0.49,0.02,0.01,74414.28,1776166132000
1776166134.496,234.496,0.5,0.51,0.49,0.5,0.01,0.01,74415.59,1776166133000
1776166134.896,234.896,0.49,0.5,0.5,0.51,0.01,0.01,74415.59,1776166133000
1776166135.268,235.268,0.49,0.5,0.5,0.51,0.01,0.01,74415.6,1776166134000
1776166135.648,235.648,0.48,0.49,0.51,0.52,0.01,0.01,74415.6,1776166134000
1776166136.007,236.007,0.47,0.48,0.51,0.53,0.01,0.02,74415.6,1776166134000
1776166136.364,236.364,0.45,0.46,0.54,0.55,0.01,0.01,74415.16,1776166135000
1776166136.736,236.736,0.45,0.46,0.54,0.55,0.01,0.01,74415.16,1776166135000
1776166137.097,237.097,0.45,0.46,0.54,0.55,0.01,0.01,74415.16,1776166135000
1776166137.459,237.459,0.45,0.46,0.54,0.55,0.01,0.01,74415.16,1776166136000
1776166137.814,237.814,0.45,0.46,0.54,0.55,0.01,0.01,74415.16,1776166136000
1776166138.395,238.395,0.45,0.46,0.54,0.55,0.01,0.01,74415.23,1776166137000
1776166138.729,238.729,0.46,0.47,0.53,0.55,0.01,0.02,74415.23,1776166137000
1776166139.114,239.114,0.46,0.47,0.53,0.54,0.01,0.01,74415.23,1776166138000
1776166139.484,239.484,0.46,0.47,0.53,0.54,0.01,0.01,74415.23,1776166138000
1776166140.275,240.275,0.46,0.49,0.53,0.54,0.03,0.01,74415.23,1776166138000
1776166140.722,240.722,0.46,0.47,0.53,0.54,0.01,0.01,74415.22,1776166139000
1776166141.112,241.112,0.41,0.42,0.58,0.6,0.01,0.02,74415.22,1776166139000
1776166141.457,241.457,0.4,0.41,0.59,0.6,0.01,0.01,74414.99,1776166140000
1776166141.82,241.82,0.38,0.39,0.61,0.63,0.01,0.02,74414.99,1776166140000
1776166142.164,242.164,0.35,0.37,0.62,0.65,0.02,0.03,74411.64,1776166141000
1776166142.505,242.505,0.35,0.36,0.64,0.65,0.01,0.01,74411.64,1776166141000
1776166142.892,242.892,0.35,0.36,0.64,0.65,0.01,0.01,74411.64,1776166141000
1776166143.252,243.252,0.35,0.36,0.64,0.65,0.01,0.01,74409.12,1776166142000
1776166143.748,243.748,0.34,0.35,0.64,0.66,0.01,0.02,74409.12,1776166142000
1776166144.228,244.228,0.34,0.35,0.65,0.66,0.01,0.01,74409.31,1776166143000
1776166144.565,244.565,0.28,0.32,0.68,0.72,0.04,0.04,74409.31,1776166143000
1776166144.903,244.903,0.28,0.29,0.71,0.72,0.01,0.01,74409.31,1776166143000
1776166145.4,245.4,0.27,0.28,0.72,0.73,0.01,0.01,74409.31,1776166143000
1776166145.741,245.741,0.26,0.27,0.73,0.74,0.01,0.01,74408.8,1776166144000
1776166146.077,246.077,0.26,0.27,0.73,0.74,0.01,0.01,74404.28,1776166145000
1776166146.414,246.414,0.25,0.26,0.73,0.75,0.01,0.02,74404.28,1776166145000
1776166146.759,246.759,0.25,0.26,0.74,0.75,0.01,0.01,74404.28,1776166145000
1776166147.156,247.156,0.25,0.26,0.74,0.75,0.01,0.01,74403.45,1776166146000
1776166147.683,247.683,0.25,0.26,0.74,0.75,0.01,0.01,74403.45,1776166146000
1776166148.049,248.049,0.25,0.26,0.74,0.75,0.01,0.01,74403.45,1776166146000
1776166148.395,248.395,0.25,0.26,0.74,0.75,0.01,0.01,74403.4,1776166147000
1776166148.796,248.796,0.24,0.25,0.75,0.76,0.01,0.01,74403.4,1776166147000
1776166149.206,249.206,0.24,0.25,0.75,0.76,0.01,0.01,74403.4,1776166147000
1776166149.58,249.58,0.24,0.25,0.75,0.76,0.01,0.01,74403.83,1776166148000
1776166150.019,250.019,0.23,0.24,0.76,0.77,0.01,0.01,74403.14,1776166149000
1776166150.392,250.392,0.23,0.24,0.76,0.77,0.01,0.01,74403.14,1776166149000
1776166150.845,250.845,0.23,0.24,0.76,0.77,0.01,0.01,74403.07,1776166150000
1776166151.182,251.182,0.21,0.23,0.77,0.79,0.02,0.02,74403.07,1776166150000
1776166151.614,251.614,0.19,0.2,0.8,0.81,0.01,0.01,74403.07,1776166150000
1776166151.966,251.966,0.18,0.19,0.81,0.82,0.01,0.01,74403.05,1776166151000
1776166152.324,252.324,0.18,0.19,0.81,0.82,0.01,0.01,74403.05,1776166151000
1776166152.8,252.8,0.17,0.18,0.81,0.84,0.01,0.03,74403.05,1776166151000
1776166153.218,253.218,0.16,0.17,0.83,0.84,0.01,0.01,74403.05,1776166151000
1776166153.62,253.62,0.15,0.16,0.83,0.85,0.01,0.02,74394.45,1776166152000
1776166153.985,253.985,0.15,0.16,0.84,0.85,0.01,0.01,74394.45,1776166152000
1776166154.32,254.32,0.15,0.16,0.84,0.85,0.01,0.01,74393.98,1776166153000
1776166154.706,254.706,0.15,0.16,0.84,0.85,0.01,0.01,74393.98,1776166153000
1776166155.187,255.187,0.14,0.15,0.85,0.86,0.01,0.01,74393.98,1776166153000
1776166155.538,255.538,0.13,0.14,0.86,0.87,0.01,0.01,74393.97,1776166154000
1776166156.109,256.109,0.11,0.12,0.87,0.89,0.01,0.02,74393.97,1776166154000
1776166156.46,256.46,0.11,0.12,0.88,0.89,0.01,0.01,74393.47,1776166155000
1776166156.867,256.867,0.1,0.11,0.88,0.89,0.01,0.01,74393.47,1776166155000
1776166157.222,257.222,0.09,0.1,0.9,0.91,0.01,0.01,74389.46,1776166156000
1776166157.683,257.683,0.09,0.1,0.9,0.91,0.01,0.01,74389.46,1776166156000
1776166158.03,258.03,0.09,0.1,0.9,0.91,0.01,0.01,74389.46,1776166156000
1776166158.363,258.363,0.08,0.09,0.91,0.92,0.01,0.01,74387.21,1776166157000
1776166158.707,258.707,0.08,0.09,0.91,0.92,0.01,0.01,74387.21,1776166157000
1776166159.149,259.149,0.08,0.09,0.91,0.92,0.01,0.01,74382.99,1776166158000
1776166159.554,259.554,0.07,0.08,0.92,0.93,0.01,0.01,74382.99,1776166158000
1776166159.897,259.897,0.07,0.08,0.92,0.93,0.01,0.01,74382.99,1776166158000
1776166160.246,260.246,0.07,0.08,0.92,0.93,0.01,0.01,74382.65,1776166159000
1776166160.6,260.6,0.06,0.07,0.93,0.94,0.01,0.01,74382.65,1776166159000
1776166160.939,260.939,0.06,0.07,0.93,0.94,0.01,0.01,74382.65,1776166159000
1776166161.276,261.276,0.06,0.07,0.93,0.94,0.01,0.01,74382.65,1776166160000
1776166161.646,261.646,0.05,0.06,0.94,0.95,0.01,0.01,74382.65,1776166160000
1776166161.981,261.981,0.05,0.06,0.94,0.95,0.01,0.01,74382.65,1776166160000
1776166162.344,262.344,0.05,0.06,0.94,0.95,0.01,0.01,74382.72,1776166161000
1776166162.681,262.681,0.05,0.06,0.94,0.95,0.01,0.01,74382.72,1776166161000
1776166163.02,263.02,0.05,0.06,0.94,0.95,0.01,0.01,74382.72,1776166161000
1776166163.372,263.372,0.04,0.05,0.95,0.96,0.01,0.01,74382.72,1776166161000
1776166163.839,263.839,0.04,0.05,0.95,0.96,0.01,0.01,74382.72,1776166161000
1776166164.22,264.22,0.04,0.05,0.95,0.96,0.01,0.01,74382.78,1776166163000
1776166164.748,264.748,0.04,0.05,0.95,0.96,0.01,0.01,74382.78,1776166163000
1776166165.092,265.092,0.04,0.05,0.95,0.96,0.01,0.01,74382.78,1776166163000
1776166165.433,265.433,0.04,0.05,0.95,0.96,0.01,0.01,74382.65,1776166164000
1776166165.769,265.769,0.04,0.05,0.95,0.96,0.01,0.01,74382.65,1776166164000
1776166166.11,266.11,0.04,0.05,0.95,0.96,0.01,0.01,74382.65,1776166164000
1776166166.475,266.475,0.04,0.05,0.95,0.96,0.01,0.01,74382.65,1776166164000
1776166166.835,266.835,0.04,0.05,0.95,0.96,0.01,0.01,74382.61,1776166165000
1776166167.288,267.288,0.03,0.04,0.95,0.97,0.01,0.02,74382.61,1776166165000
1776166167.684,267.684,0.03,0.04,0.96,0.97,0.01,0.01,74382.65,1776166166000
1776166168.057,268.057,0.03,0.04,0.96,0.97,0.01,0.01,74381.97,1776166167000
1776166168.489,268.489,0.03,0.04,0.96,0.97,0.01,0.01,74381.97,1776166167000
1776166168.933,268.933,0.03,0.04,0.96,0.97,0.01,0.01,74381.97,1776166167000
1776166169.45,269.45,0.03,0.04,0.96,0.97,0.01,0.01,74380.36,1776166168000
1776166169.889,269.889,0.03,0.04,0.96,0.97,0.01,0.01,74380.36,1776166168000
1776166170.382,270.382,0.03,0.04,0.96,0.97,0.01,0.01,74380.36,1776166168000
1776166170.727,270.727,0.03,0.04,0.96,0.97,0.01,0.01,74382.77,1776166169000
1776166171.076,271.076,0.03,0.04,0.96,0.97,0.01,0.01,74382.79,1776166170000
1776166171.417,271.417,0.03,0.04,0.96,0.97,0.01,0.01,74382.79,1776166170000
1776166171.775,271.775,0.03,0.04,0.96,0.97,0.01,0.01,74382.79,1776166170000
1776166172.186,272.186,0.03,0.04,0.96,0.97,0.01,0.01,74382.79,1776166171000
1776166172.739,272.739,0.03,0.04,0.96,0.97,0.01,0.01,74382.79,1776166171000
1776166173.075,273.075,0.02,0.03,0.97,0.98,0.01,0.01,74382.79,1776166171000
1776166173.419,273.419,0.02,0.03,0.97,0.98,0.01,0.01,74382.79,1776166172000
1776166173.775,273.775,0.02,0.03,0.97,0.98,0.01,0.01,74382.79,1776166172000
1776166174.208,274.208,0.02,0.03,0.97,0.98,0.01,0.01,74382.68,1776166173000
1776166174.552,274.552,0.02,0.03,0.97,0.98,0.01,0.01,74382.68,1776166173000
1776166174.948,274.948,0.02,0.03,0.97,0.98,0.01,0.01,74382.68,1776166173000
1776166175.397,275.397,0.02,0.03,0.97,0.98,0.01,0.01,74382.47,1776166174000
1776166175.761,275.761,0.02,0.03,0.97,0.98,0.01,0.01,74382.47,1776166174000
1776166176.16,276.16,0.02,0.03,0.97,0.98,0.01,0.01,74382.47,1776166174000
1776166176.548,276.548,0.02,0.03,0.97,0.98,0.01,0.01,74382.47,1776166174000
1776166176.952,276.952,0.02,0.03,0.97,0.98,0.01,0.01,74382.05,1776166175000
1776166177.397,277.397,0.02,0.03,0.97,0.98,0.01,0.01,74382.04,1776166176000
1776166177.752,277.752,0.02,0.03,0.97,0.98,0.01,0.01,74382.04,1776166176000
1776166178.233,278.233,0.02,0.03,0.97,0.98,0.01,0.01,74382.04,1776166176000
1776166178.581,278.581,0.02,0.03,0.97,0.98,0.01,0.01,74382.04,1776166176000
1776166178.924,278.924,0.02,0.03,0.97,0.98,0.01,0.01,74382.05,1776166177000
1776166179.29,279.29,0.02,0.03,0.97,0.98,0.01,0.01,74382.05,1776166177000
1776166179.623,279.623,0.02,0.03,0.97,0.98,0.01,0.01,74382.05,1776166178000
1776166179.971,279.971,0.02,0.03,0.97,0.98,0.01,0.01,74382.05,1776166178000
1776166180.379,280.379,0.02,0.03,0.97,0.98,0.01,0.01,74382.05,1776166179000
1776166180.791,280.791,0.02,0.03,0.97,0.98,0.01,0.01,74382.05,1776166179000
1776166181.165,281.165,0.02,0.03,0.97,0.98,0.01,0.01,74384.03,1776166180000
1776166181.66,281.66,0.02,0.03,0.97,0.98,0.01,0.01,74384.03,1776166180000
1776166182.075,282.075,0.02,0.03,0.97,0.98,0.01,0.01,74384.26,1776166181000
1776166182.426,282.426,0.02,0.03,0.97,0.98,0.01,0.01,74384.26,1776166181000
1776166182.788,282.788,0.01,0.02,0.98,0.99,0.01,0.01,74384.26,1776166181000
1776166183.179,283.179,0.01,0.02,0.96,0.99,0.01,0.03,74384.27,1776166182000
1776166183.615,283.615,0.01,0.02,0.98,0.99,0.01,0.01,74384.27,1776166182000
1776166184.036,284.036,0.01,0.02,0.98,0.99,0.01,0.01,74383.07,1776166183000
1776166184.411,284.411,0.01,0.02,0.98,0.99,0.01,0.01,74383.07,1776166183000
1776166184.752,284.752,0.01,0.02,0.98,0.99,0.01,0.01,74383.07,1776166183000
1776166185.155,285.155,0.01,0.02,0.98,0.99,0.01,0.01,74383.07,1776166183000
1776166185.533,285.533,0.01,0.02,0.98,0.99,0.01,0.01,74378.67,1776166184000
1776166186.036,286.036,0.01,0.02,0.98,0.99,0.01,0.01,74378.67,1776166184000
1776166186.489,286.489,0.01,0.02,0.98,0.99,0.01,0.01,74378.6,1776166185000
1776166187.033,287.033,0.01,0.02,0.98,0.99,0.01,0.01,74378.6,1776166185000
1776166187.621,287.621,0.01,0.02,0.98,0.99,0.01,0.01,74378.2,1776166186000
1776166187.97,287.97,0.01,0.02,0.98,0.99,0.01,0.01,74378.2,1776166186000
1776166188.324,288.324,0.01,0.02,0.98,0.99,0.01,0.01,74378.06,1776166187000
1776166188.657,288.657,0.01,0.02,0.98,0.99,0.01,0.01,74378.06,1776166187000
1776166189.07,289.07,0.01,0.02,0.98,0.99,0.01,0.01,74378.06,1776166187000
1776166189.445,289.445,0.01,0.02,0.98,0.99,0.01,0.01,74378.51,1776166188000
1776166189.822,289.822,0.01,0.01,0.98,0.99,0.0,0.01,74378.51,1776166188000
1776166190.403,290.403,0.01,0.01,0.99,0.99,0.0,0.0,74378.41,1776166189000
1776166190.891,290.891,0.01,0.01,0.99,0.99,0.0,0.0,74378.41,1776166189000
1776166191.827,291.827,0.01,0.01,0.99,0.99,0.0,0.0,74377.65,1776166190000
1776166192.171,292.171,0.01,0.01,0.99,0.99,0.0,0.0,74377.61,1776166191000
1776166192.616,292.616,0.01,0.01,0.99,0.99,0.0,0.0,74377.61,1776166191000
1776166193.114,293.114,0.01,0.01,0.99,0.99,0.0,0.0,74376.16,1776166192000
1776166193.655,293.655,0.01,0.01,0.99,0.99,0.0,0.0,74376.16,1776166192000
1776166194.121,294.121,0.01,0.01,0.99,0.99,0.0,0.0,74376.16,1776166192000
1776166195.103,295.103,0.01,0.01,0.99,0.99,0.0,0.0,74380.0,1776166194000
1776166195.608,295.608,0.01,0.01,0.99,0.99,0.0,0.0,74380.0,1776166194000
1776166196.12,296.12,0.01,0.01,0.99,0.99,0.0,0.0,74379.87,1776166195000
1776166196.507,296.507,0.01,0.01,0.99,0.99,0.0,0.0,74379.87,1776166195000
1776166197.064,297.064,0.01,0.01,0.99,0.99,0.0,0.0,74379.75,1776166196000
1776166197.507,297.507,0.01,0.01,0.99,0.99,0.0,0.0,74379.75,1776166196000
1776166197.992,297.992,0.01,0.01,0.99,0.99,0.0,0.0,74379.58,1776166197000
1776166198.994,298.994,0.01,0.01,0.99,0.99,0.0,0.0,74379.48,1776166198000
1776166199.952,299.952,0.01,0.01,0.99,0.99,0.0,0.0,74379.58,1776166199000
1776166200.4,300.4,0.01,0.01,0.99,0.99,0.0,0.0,74379.58,1776166199000

# RESULT,winner=Down,slug=btc-updown-5m-1776165900,ticks=677
