timestamp,elapsed_sec,up_bid,up_ask,down_bid,down_ask,up_spread,down_spread,btc_price,btc_oracle_ts
1777016400.525,0.525,0.37,0.44,0.59,0.63,0.07,0.04,77687.39,1777016399000
1777016401.039,1.039,0.46,0.47,0.53,0.54,0.01,0.01,77691.26,1777016400000
1777016401.723,1.723,0.45,0.46,0.53,0.54,0.01,0.01,77691.26,1777016400000
1777016402.066,2.066,0.42,0.46,0.52,0.59,0.04,0.07,77690.26,1777016401000
1777016402.435,2.435,0.44,0.45,0.54,0.56,0.01,0.02,77690.26,1777016401000
1777016403.092,3.092,0.44,0.45,0.55,0.56,0.01,0.01,77673.3,1777016402000
1777016403.562,3.562,0.41,0.45,0.55,0.57,0.04,0.02,77673.3,1777016402000
1777016403.907,3.907,0.42,0.43,0.56,0.59,0.01,0.03,77673.3,1777016402000
1777016404.278,4.278,0.39,0.4,0.58,0.61,0.01,0.03,77673.3,1777016402000
1777016404.635,4.635,0.36,0.37,0.63,0.64,0.01,0.01,77673.3,1777016402000
1777016404.991,4.991,0.36,0.37,0.63,0.64,0.01,0.01,77672.04,1777016403000
1777016405.367,5.367,0.36,0.37,0.63,0.65,0.01,0.02,77672.04,1777016403000
1777016405.719,5.719,0.37,0.38,0.62,0.63,0.01,0.01,77672.8,1777016404000
1777016406.105,6.105,0.4,0.41,0.59,0.6,0.01,0.01,77671.93,1777016405000
1777016406.487,6.487,0.44,0.46,0.54,0.59,0.02,0.05,77671.93,1777016405000
1777016406.848,6.848,0.44,0.46,0.54,0.58,0.02,0.04,77671.93,1777016405000
1777016407.199,7.199,0.42,0.43,0.55,0.58,0.01,0.03,77671.93,1777016405000
1777016407.546,7.546,0.41,0.42,0.57,0.58,0.01,0.01,77668.78,1777016406000
1777016407.918,7.918,0.41,0.42,0.58,0.59,0.01,0.01,77668.78,1777016407000
1777016408.376,8.376,0.4,0.41,0.59,0.6,0.01,0.01,77668.78,1777016407000
1777016408.714,8.714,0.4,0.41,0.59,0.6,0.01,0.01,77668.78,1777016407000
1777016409.075,9.075,0.39,0.4,0.59,0.61,0.01,0.02,77668.78,1777016407000
1777016409.426,9.426,0.39,0.4,0.6,0.61,0.01,0.01,77677.7,1777016408000
1777016409.945,9.945,0.39,0.4,0.6,0.61,0.01,0.01,77677.7,1777016408000
1777016410.33,10.33,0.39,0.4,0.59,0.61,0.01,0.02,77677.7,1777016408000
1777016410.752,10.752,0.4,0.41,0.59,0.6,0.01,0.01,77677.24,1777016409000
1777016411.152,11.152,0.4,0.41,0.59,0.6,0.01,0.01,77678.28,1777016410000
1777016411.898,11.898,0.4,0.41,0.59,0.6,0.01,0.01,77678.28,1777016410000
1777016412.28,12.28,0.4,0.41,0.59,0.6,0.01,0.01,77678.28,1777016410000
1777016412.962,12.962,0.4,0.41,0.59,0.6,0.01,0.01,77678.43,1777016411000
1777016413.456,13.456,0.38,0.39,0.61,0.62,0.01,0.01,77678.35,1777016412000
1777016413.837,13.837,0.38,0.39,0.61,0.62,0.01,0.01,77678.35,1777016412000
1777016414.344,14.344,0.38,0.39,0.61,0.62,0.01,0.01,77678.33,1777016413000
1777016414.728,14.728,0.38,0.39,0.61,0.62,0.01,0.01,77678.33,1777016413000
1777016415.145,15.145,0.38,0.39,0.61,0.62,0.01,0.01,77678.42,1777016414000
1777016415.487,15.487,0.37,0.38,0.61,0.62,0.01,0.01,77678.42,1777016414000
1777016415.878,15.878,0.37,0.38,0.62,0.63,0.01,0.01,77678.42,1777016414000
1777016416.223,16.223,0.37,0.38,0.62,0.63,0.01,0.01,77678.37,1777016415000
1777016416.657,16.657,0.37,0.38,0.62,0.63,0.01,0.01,77678.37,1777016415000
1777016417.091,17.091,0.36,0.37,0.63,0.64,0.01,0.01,77678.37,1777016415000
1777016417.915,17.915,0.36,0.37,0.63,0.64,0.01,0.01,77678.35,1777016416000
1777016419.129,19.129,0.36,0.37,0.63,0.64,0.01,0.01,77678.05,1777016418000
1777016419.829,19.829,0.36,0.37,0.63,0.64,0.01,0.01,77678.05,1777016418000
1777016420.182,20.182,0.36,0.37,0.63,0.64,0.01,0.01,77678.05,1777016418000
1777016420.564,20.564,0.36,0.37,0.63,0.64,0.01,0.01,77676.86,1777016419000
1777016421.231,21.231,0.36,0.37,0.63,0.64,0.01,0.01,77676.86,1777016419000
1777016421.624,21.624,0.37,0.38,0.62,0.63,0.01,0.01,77676.84,1777016420000
1777016421.992,21.992,0.37,0.38,0.62,0.63,0.01,0.01,77676.84,1777016420000
1777016422.349,22.349,0.36,0.37,0.62,0.64,0.01,0.02,77676.84,1777016421000
1777016422.686,22.686,0.36,0.37,0.63,0.64,0.01,0.01,77676.84,1777016421000
1777016423.098,23.098,0.36,0.37,0.63,0.64,0.01,0.01,77676.84,1777016421000
1777016423.507,23.507,0.36,0.37,0.63,0.64,0.01,0.01,77676.84,1777016421000
1777016423.901,23.901,0.36,0.37,0.63,0.64,0.01,0.01,77676.82,1777016422000
1777016424.406,24.406,0.36,0.37,0.63,0.64,0.01,0.01,77676.82,1777016422000
1777016424.764,24.764,0.37,0.38,0.62,0.63,0.01,0.01,77676.73,1777016423000
1777016425.213,25.213,0.37,0.38,0.62,0.63,0.01,0.01,77676.73,1777016423000
1777016425.549,25.549,0.38,0.39,0.61,0.62,0.01,0.01,77676.7,1777016424000
1777016425.907,25.907,0.38,0.39,0.61,0.62,0.01,0.01,77676.7,1777016424000
1777016426.255,26.255,0.38,0.39,0.61,0.62,0.01,0.01,77676.7,1777016424000
1777016426.604,26.604,0.38,0.39,0.61,0.62,0.01,0.01,77676.7,1777016424000
1777016427.118,27.118,0.38,0.39,0.61,0.62,0.01,0.01,77677.1,1777016425000
1777016428.091,28.091,0.38,0.39,0.61,0.62,0.01,0.01,77680.99,1777016427000
1777016428.529,28.529,0.38,0.39,0.61,0.62,0.01,0.01,77680.99,1777016427000
1777016429.119,29.119,0.38,0.39,0.61,0.62,0.01,0.01,77680.99,1777016427000
1777016429.509,29.509,0.37,0.39,0.61,0.62,0.02,0.01,77680.99,1777016427000
1777016429.93,29.93,0.37,0.38,0.62,0.63,0.01,0.01,77681.43,1777016428000
1777016430.288,30.288,0.37,0.38,0.62,0.63,0.01,0.01,77681.43,1777016428000
1777016430.624,30.624,0.37,0.38,0.62,0.63,0.01,0.01,77681.39,1777016429000
1777016431.321,31.321,0.37,0.38,0.62,0.63,0.01,0.01,77681.4,1777016430000
1777016431.731,31.731,0.33,0.34,0.66,0.68,0.01,0.02,77681.4,1777016430000
1777016432.074,32.074,0.32,0.33,0.67,0.68,0.01,0.01,77681.4,1777016430000
1777016432.449,32.449,0.32,0.33,0.66,0.68,0.01,0.02,77681.32,1777016431000
1777016432.981,32.981,0.32,0.33,0.67,0.68,0.01,0.01,77681.32,1777016431000
1777016433.362,33.362,0.32,0.33,0.67,0.68,0.01,0.01,77681.32,1777016431000
1777016434.304,34.304,0.32,0.33,0.67,0.68,0.01,0.01,77673.66,1777016433000
1777016434.964,34.964,0.32,0.35,0.67,0.68,0.03,0.01,77673.66,1777016433000
1777016435.299,35.299,0.34,0.38,0.62,0.66,0.04,0.04,77673.66,1777016434000
1777016435.716,35.716,0.37,0.38,0.62,0.63,0.01,0.01,77673.66,1777016434000
1777016436.634,36.634,0.38,0.39,0.61,0.62,0.01,0.01,77680.83,1777016435000
1777016437.028,37.028,0.38,0.39,0.61,0.62,0.01,0.01,77680.83,1777016435000
1777016437.457,37.457,0.39,0.4,0.6,0.62,0.01,0.02,77680.83,1777016435000
1777016437.816,37.816,0.38,0.41,0.59,0.62,0.03,0.03,77685.27,1777016436000
1777016438.222,38.222,0.38,0.45,0.55,0.63,0.07,0.08,77685.27,1777016436000
1777016438.571,38.571,0.42,0.47,0.52,0.58,0.05,0.06,77686.25,1777016437000
1777016438.941,38.941,0.44,0.45,0.55,0.56,0.01,0.01,77686.25,1777016437000
1777016439.313,39.313,0.44,0.45,0.55,0.56,0.01,0.01,77686.25,1777016437000
1777016439.658,39.658,0.44,0.45,0.55,0.56,0.01,0.01,77689.77,1777016438000
1777016439.994,39.994,0.43,0.44,0.56,0.57,0.01,0.01,77689.77,1777016438000
1777016440.352,40.352,0.43,0.44,0.56,0.57,0.01,0.01,77688.51,1777016439000
1777016440.78,40.78,0.43,0.44,0.56,0.57,0.01,0.01,77688.51,1777016439000
1777016441.135,41.135,0.43,0.44,0.56,0.57,0.01,0.01,77688.51,1777016439000
1777016441.583,41.583,0.42,0.43,0.57,0.58,0.01,0.01,77686.52,1777016440000
1777016441.933,41.933,0.42,0.43,0.57,0.58,0.01,0.01,77686.52,1777016440000
1777016442.279,42.279,0.42,0.43,0.57,0.58,0.01,0.01,77686.52,1777016440000
1777016442.761,42.761,0.41,0.42,0.58,0.59,0.01,0.01,77686.93,1777016441000
1777016443.161,43.161,0.41,0.42,0.58,0.59,0.01,0.01,77686.93,1777016441000
1777016443.631,43.631,0.41,0.42,0.58,0.59,0.01,0.01,77687.62,1777016442000
1777016444.376,44.376,0.4,0.42,0.58,0.59,0.02,0.01,77687.61,1777016443000
1777016444.869,44.869,0.4,0.41,0.58,0.6,0.01,0.02,77687.61,1777016443000
1777016445.204,45.204,0.4,0.41,0.59,0.6,0.01,0.01,77687.61,1777016444000
1777016445.624,45.624,0.4,0.41,0.59,0.6,0.01,0.01,77687.61,1777016444000
1777016445.972,45.972,0.4,0.41,0.59,0.6,0.01,0.01,77687.61,1777016445000
1777016446.947,46.947,0.4,0.41,0.59,0.6,0.01,0.01,77687.61,1777016445000
1777016447.306,47.306,0.4,0.41,0.59,0.6,0.01,0.01,77687.6,1777016446000
1777016448.095,48.095,0.4,0.41,0.59,0.6,0.01,0.01,77687.6,1777016447000
1777016448.623,48.623,0.4,0.41,0.59,0.6,0.01,0.01,77687.6,1777016447000
1777016449.101,49.101,0.4,0.43,0.57,0.6,0.03,0.03,77687.6,1777016448000
1777016449.472,49.472,0.42,0.43,0.57,0.6,0.01,0.03,77687.6,1777016448000
1777016449.886,49.886,0.42,0.43,0.57,0.58,0.01,0.01,77687.6,1777016448000
1777016450.302,50.302,0.42,0.43,0.57,0.58,0.01,0.01,77687.6,1777016449000
1777016450.774,50.774,0.42,0.43,0.57,0.58,0.01,0.01,77687.6,1777016449000
1777016451.275,51.275,0.42,0.43,0.57,0.58,0.01,0.01,77687.6,1777016450000
1777016451.651,51.651,0.42,0.43,0.57,0.58,0.01,0.01,77687.6,1777016450000
1777016452.085,52.085,0.42,0.43,0.57,0.58,0.01,0.01,77687.6,1777016450000
1777016452.428,52.428,0.42,0.43,0.57,0.58,0.01,0.01,77687.6,1777016450000
1777016452.846,52.846,0.42,0.43,0.57,0.58,0.01,0.01,77687.6,1777016450000
1777016453.247,53.247,0.42,0.43,0.57,0.58,0.01,0.01,77687.59,1777016451000
1777016453.614,53.614,0.41,0.43,0.57,0.59,0.02,0.02,77687.59,1777016452000
1777016454.287,54.287,0.41,0.43,0.57,0.59,0.02,0.02,77687.59,1777016453000
1777016454.817,54.817,0.41,0.42,0.58,0.59,0.01,0.01,77687.59,1777016453000
1777016455.229,55.229,0.41,0.42,0.58,0.59,0.01,0.01,77687.59,1777016453000
1777016455.794,55.794,0.41,0.42,0.58,0.59,0.01,0.01,77684.86,1777016454000
1777016457.113,57.113,0.41,0.43,0.58,0.59,0.02,0.01,77683.49,1777016455000
1777016457.514,57.514,0.41,0.42,0.58,0.59,0.01,0.01,77683.61,1777016456000
1777016458.314,58.314,0.41,0.43,0.57,0.59,0.02,0.02,77683.87,1777016457000
1777016458.897,58.897,0.42,0.43,0.57,0.59,0.01,0.02,77683.87,1777016457000
1777016459.529,59.529,0.42,0.43,0.57,0.58,0.01,0.01,77683.87,1777016458000
1777016459.919,59.919,0.42,0.43,0.57,0.58,0.01,0.01,77683.87,1777016458000
1777016460.332,60.332,0.43,0.45,0.56,0.58,0.02,0.02,77686.47,1777016459000
1777016460.68,60.68,0.47,0.48,0.52,0.53,0.01,0.01,77686.47,1777016459000
1777016461.099,61.099,0.47,0.48,0.52,0.53,0.01,0.01,77686.47,1777016459000
1777016461.522,61.522,0.47,0.48,0.52,0.53,0.01,0.01,77686.76,1777016460000
1777016461.874,61.874,0.47,0.48,0.52,0.53,0.01,0.01,77687.82,1777016461000
1777016462.301,62.301,0.47,0.48,0.52,0.53,0.01,0.01,77687.82,1777016461000
1777016462.674,62.674,0.47,0.48,0.52,0.53,0.01,0.01,77687.82,1777016461000
1777016463.106,63.106,0.47,0.48,0.52,0.53,0.01,0.01,77687.82,1777016461000
1777016463.547,63.547,0.47,0.48,0.52,0.53,0.01,0.01,77689.14,1777016462000
1777016463.897,63.897,0.47,0.48,0.52,0.53,0.01,0.01,77689.14,1777016462000
1777016464.401,64.401,0.47,0.48,0.52,0.53,0.01,0.01,77689.14,1777016462000
1777016464.853,64.853,0.47,0.48,0.52,0.53,0.01,0.01,77689.41,1777016463000
1777016465.437,65.437,0.47,0.48,0.52,0.53,0.01,0.01,77689.41,1777016464000
1777016466.016,66.016,0.47,0.48,0.52,0.53,0.01,0.01,77689.42,1777016465000
1777016466.393,66.393,0.47,0.48,0.52,0.53,0.01,0.01,77689.42,1777016465000
1777016466.771,66.771,0.47,0.48,0.52,0.53,0.01,0.01,77689.42,1777016465000
1777016467.16,67.16,0.47,0.48,0.52,0.53,0.01,0.01,77689.42,1777016466000
1777016467.852,67.852,0.47,0.48,0.52,0.53,0.01,0.01,77689.42,1777016466000
1777016468.195,68.195,0.47,0.48,0.52,0.53,0.01,0.01,77689.42,1777016467000
1777016468.541,68.541,0.47,0.48,0.52,0.53,0.01,0.01,77689.42,1777016467000
1777016469.674,69.674,0.47,0.48,0.52,0.53,0.01,0.01,77689.42,1777016467000
1777016470.09,70.09,0.47,0.48,0.52,0.53,0.01,0.01,77689.42,1777016467000
1777016470.869,70.869,0.47,0.48,0.52,0.53,0.01,0.01,77689.73,1777016469000
1777016471.392,71.392,0.47,0.48,0.52,0.53,0.01,0.01,77689.73,1777016470000
1777016472.362,72.362,0.47,0.48,0.52,0.53,0.01,0.01,77689.69,1777016471000
1777016472.726,72.726,0.47,0.48,0.52,0.53,0.01,0.01,77689.69,1777016471000
1777016473.065,73.065,0.49,0.5,0.5,0.51,0.01,0.01,77689.69,1777016471000
1777016473.424,73.424,0.51,0.55,0.45,0.52,0.04,0.07,77690.09,1777016472000
1777016473.77,73.77,0.52,0.54,0.46,0.48,0.02,0.02,77690.09,1777016472000
1777016474.114,74.114,0.53,0.54,0.46,0.47,0.01,0.01,77690.09,1777016472000
1777016474.618,74.618,0.53,0.54,0.46,0.47,0.01,0.01,77690.09,1777016472000
1777016475.069,75.069,0.53,0.54,0.46,0.47,0.01,0.01,77698.78,1777016473000
1777016475.403,75.403,0.54,0.55,0.45,0.46,0.01,0.01,77701.29,1777016474000
1777016475.757,75.757,0.54,0.55,0.45,0.46,0.01,0.01,77701.29,1777016474000
1777016476.124,76.124,0.54,0.55,0.45,0.46,0.01,0.01,77701.5,1777016475000
1777016476.644,76.644,0.54,0.55,0.45,0.46,0.01,0.01,77701.5,1777016475000
1777016477.399,77.399,0.54,0.55,0.45,0.46,0.01,0.01,77701.5,1777016475000
1777016478.101,78.101,0.54,0.55,0.45,0.46,0.01,0.01,77698.49,1777016477000
1777016478.507,78.507,0.54,0.55,0.45,0.46,0.01,0.01,77698.49,1777016477000
1777016478.932,78.932,0.54,0.55,0.45,0.46,0.01,0.01,77698.49,1777016477000
1777016479.277,79.277,0.53,0.55,0.45,0.46,0.02,0.01,77698.49,1777016477000
1777016479.617,79.617,0.53,0.55,0.45,0.47,0.02,0.02,77698.77,1777016478000
1777016479.951,79.951,0.53,0.55,0.45,0.47,0.02,0.02,77698.77,1777016478000
1777016480.314,80.314,0.54,0.55,0.45,0.46,0.01,0.01,77698.77,1777016478000
1777016480.7,80.7,0.54,0.55,0.45,0.46,0.01,0.01,77698.32,1777016479000
1777016481.136,81.136,0.48,0.5,0.5,0.51,0.02,0.01,77698.32,1777016479000
1777016481.713,81.713,0.48,0.5,0.5,0.52,0.02,0.02,77698.32,1777016479000
1777016482.065,82.065,0.49,0.5,0.5,0.52,0.01,0.02,77698.31,1777016480000
1777016482.486,82.486,0.49,0.5,0.5,0.51,0.01,0.01,77698.31,1777016480000
1777016482.884,82.884,0.49,0.5,0.5,0.51,0.01,0.01,77696.81,1777016481000
1777016483.245,83.245,0.49,0.5,0.5,0.51,0.01,0.01,77696.81,1777016481000
1777016483.7,83.7,0.49,0.5,0.5,0.51,0.01,0.01,77697.88,1777016482000
1777016484.156,84.156,0.49,0.5,0.5,0.51,0.01,0.01,77697.88,1777016482000
1777016484.6,84.6,0.49,0.5,0.5,0.51,0.01,0.01,77697.88,1777016482000
1777016484.942,84.942,0.49,0.5,0.5,0.51,0.01,0.01,77697.64,1777016483000
1777016485.383,85.383,0.49,0.5,0.5,0.51,0.01,0.01,77697.66,1777016484000
1777016486.136,86.136,0.49,0.5,0.5,0.51,0.01,0.01,77697.69,1777016485000
1777016486.615,86.615,0.49,0.5,0.5,0.51,0.01,0.01,77697.69,1777016485000
1777016487.075,87.075,0.49,0.5,0.5,0.51,0.01,0.01,77697.69,1777016485000
1777016487.466,87.466,0.49,0.5,0.5,0.51,0.01,0.01,77697.96,1777016486000
1777016488.185,88.185,0.49,0.5,0.5,0.51,0.01,0.01,77697.96,1777016487000
1777016488.667,88.667,0.49,0.5,0.5,0.51,0.01,0.01,77697.96,1777016487000
1777016489.078,89.078,0.49,0.5,0.5,0.51,0.01,0.01,77697.96,1777016487000
1777016489.435,89.435,0.49,0.5,0.5,0.51,0.01,0.01,77697.96,1777016487000
1777016489.78,89.78,0.49,0.5,0.5,0.51,0.01,0.01,77697.97,1777016488000
1777016490.143,90.143,0.49,0.5,0.5,0.51,0.01,0.01,77697.97,1777016488000
1777016490.675,90.675,0.49,0.5,0.5,0.51,0.01,0.01,77697.96,1777016489000
1777016491.072,91.072,0.49,0.5,0.5,0.51,0.01,0.01,77697.96,1777016489000
1777016491.557,91.557,0.49,0.5,0.5,0.51,0.01,0.01,77697.96,1777016489000
1777016492.014,92.014,0.5,0.51,0.49,0.5,0.01,0.01,77697.88,1777016490000
1777016492.351,92.351,0.5,0.51,0.49,0.5,0.01,0.01,77697.61,1777016491000
1777016493.375,93.375,0.5,0.51,0.49,0.5,0.01,0.01,77697.61,1777016491000
1777016493.85,93.85,0.5,0.51,0.49,0.5,0.01,0.01,77697.08,1777016493000
1777016494.769,94.769,0.5,0.51,0.49,0.5,0.01,0.01,77697.08,1777016493000
1777016495.601,95.601,0.5,0.51,0.49,0.5,0.01,0.01,77697.08,1777016493000
1777016495.96,95.96,0.5,0.51,0.49,0.5,0.01,0.01,77694.0,1777016494000
1777016496.683,96.683,0.5,0.51,0.49,0.5,0.01,0.01,77697.55,1777016495000
1777016497.084,97.084,0.5,0.51,0.49,0.5,0.01,0.01,77697.55,1777016495000
1777016497.452,97.452,0.5,0.51,0.49,0.5,0.01,0.01,77697.44,1777016496000
1777016497.853,97.853,0.5,0.51,0.49,0.5,0.01,0.01,77697.44,1777016496000
1777016498.475,98.475,0.5,0.51,0.49,0.5,0.01,0.01,77697.38,1777016497000
1777016498.891,98.891,0.5,0.51,0.49,0.5,0.01,0.01,77697.38,1777016497000
1777016499.466,99.466,0.5,0.51,0.49,0.5,0.01,0.01,77697.39,1777016498000
1777016499.928,99.928,0.5,0.51,0.49,0.5,0.01,0.01,77697.39,1777016498000
1777016500.429,100.429,0.5,0.51,0.49,0.5,0.01,0.01,77695.56,1777016499000
1777016500.984,100.984,0.5,0.51,0.49,0.5,0.01,0.01,77695.56,1777016500000
1777016501.662,101.662,0.5,0.51,0.49,0.5,0.01,0.01,77695.56,1777016500000
1777016502.218,102.218,0.5,0.51,0.49,0.5,0.01,0.01,77695.71,1777016501000
1777016502.934,102.934,0.5,0.51,0.49,0.5,0.01,0.01,77695.71,1777016501000
1777016503.427,103.427,0.5,0.51,0.49,0.5,0.01,0.01,77695.58,1777016502000
1777016504.526,104.526,0.5,0.51,0.49,0.5,0.01,0.01,77695.58,1777016503000
1777016505.173,105.173,0.5,0.51,0.49,0.5,0.01,0.01,77695.58,1777016504000
1777016506.164,106.164,0.5,0.51,0.49,0.5,0.01,0.01,77686.07,1777016505000
1777016507.423,107.423,0.49,0.51,0.49,0.5,0.02,0.01,77686.07,1777016505000
1777016507.773,107.773,0.39,0.46,0.54,0.6,0.07,0.06,77686.07,1777016505000
1777016508.168,108.168,0.39,0.46,0.54,0.62,0.07,0.08,77682.72,1777016506000
1777016508.923,108.923,0.39,0.46,0.54,0.61,0.07,0.07,77682.54,1777016507000
1777016509.31,109.31,0.39,0.42,0.6,0.61,0.03,0.01,77682.54,1777016508000
1777016509.742,109.742,0.39,0.4,0.6,0.61,0.01,0.01,77682.54,1777016508000
1777016510.15,110.15,0.39,0.4,0.6,0.61,0.01,0.01,77682.54,1777016508000
1777016511.098,111.098,0.39,0.4,0.6,0.61,0.01,0.01,77682.5,1777016509000
1777016511.459,111.459,0.39,0.4,0.6,0.61,0.01,0.01,77686.74,1777016510000
1777016511.995,111.995,0.39,0.4,0.6,0.61,0.01,0.01,77686.74,1777016510000
1777016512.379,112.379,0.39,0.4,0.6,0.61,0.01,0.01,77687.77,1777016511000
1777016513.086,113.086,0.39,0.4,0.6,0.61,0.01,0.01,77687.77,1777016511000
1777016513.453,113.453,0.39,0.4,0.6,0.61,0.01,0.01,77687.36,1777016512000
1777016513.848,113.848,0.39,0.4,0.6,0.61,0.01,0.01,77687.36,1777016512000
1777016514.344,114.344,0.39,0.4,0.6,0.61,0.01,0.01,77687.51,1777016513000
1777016514.889,114.889,0.39,0.4,0.6,0.61,0.01,0.01,77687.51,1777016514000
1777016515.961,115.961,0.39,0.4,0.6,0.61,0.01,0.01,77687.51,1777016514000
1777016516.368,116.368,0.38,0.39,0.6,0.61,0.01,0.01,77686.08,1777016515000
1777016516.724,116.724,0.38,0.39,0.61,0.62,0.01,0.01,77686.08,1777016515000
1777016517.309,117.309,0.38,0.39,0.61,0.62,0.01,0.01,77683.7,1777016516000
1777016517.678,117.678,0.38,0.39,0.61,0.62,0.01,0.01,77683.7,1777016516000
1777016518.095,118.095,0.38,0.39,0.61,0.62,0.01,0.01,77683.7,1777016516000
1777016518.956,118.956,0.38,0.39,0.61,0.62,0.01,0.01,77684.41,1777016518000
1777016519.332,119.332,0.38,0.39,0.61,0.62,0.01,0.01,77684.41,1777016518000
1777016519.674,119.674,0.38,0.39,0.61,0.62,0.01,0.01,77684.41,1777016518000
1777016520.023,120.023,0.38,0.39,0.61,0.62,0.01,0.01,77684.41,1777016518000
1777016520.376,120.376,0.38,0.39,0.61,0.62,0.01,0.01,77684.58,1777016519000
1777016520.722,120.722,0.36,0.37,0.63,0.64,0.01,0.01,77684.58,1777016519000
1777016521.057,121.057,0.35,0.37,0.63,0.64,0.02,0.01,77684.58,1777016519000
1777016521.464,121.464,0.34,0.35,0.65,0.66,0.01,0.01,77684.58,1777016519000
1777016521.823,121.823,0.32,0.33,0.67,0.68,0.01,0.01,77684.53,1777016520000
1777016522.269,122.269,0.32,0.33,0.67,0.68,0.01,0.01,77684.53,1777016520000
1777016522.743,122.743,0.32,0.33,0.67,0.68,0.01,0.01,77682.75,1777016521000
1777016523.161,123.161,0.33,0.34,0.66,0.67,0.01,0.01,77682.75,1777016521000
1777016523.663,123.663,0.33,0.34,0.66,0.67,0.01,0.01,77680.52,1777016522000
1777016524.003,124.003,0.33,0.34,0.66,0.67,0.01,0.01,77680.08,1777016523000
1777016524.449,124.449,0.33,0.34,0.66,0.67,0.01,0.01,77680.08,1777016523000
1777016524.929,124.929,0.33,0.34,0.66,0.67,0.01,0.01,77680.08,1777016523000
1777016525.647,125.647,0.33,0.34,0.66,0.67,0.01,0.01,77680.96,1777016524000
1777016526.205,126.205,0.33,0.34,0.66,0.67,0.01,0.01,77680.96,1777016524000
1777016526.684,126.684,0.33,0.34,0.66,0.67,0.01,0.01,77680.96,1777016525000
1777016527.092,127.092,0.33,0.34,0.66,0.67,0.01,0.01,77680.96,1777016525000
1777016527.478,127.478,0.33,0.34,0.66,0.67,0.01,0.01,77680.96,1777016525000
1777016527.846,127.846,0.33,0.34,0.66,0.67,0.01,0.01,77681.25,1777016526000
1777016528.566,128.566,0.33,0.34,0.66,0.67,0.01,0.01,77681.25,1777016526000
1777016529.226,129.226,0.33,0.34,0.66,0.67,0.01,0.01,77680.0,1777016527000
1777016529.746,129.746,0.33,0.34,0.66,0.67,0.01,0.01,77680,1777016528000
1777016530.827,130.827,0.32,0.33,0.66,0.67,0.01,0.01,77680,1777016528000
1777016531.322,131.322,0.31,0.33,0.67,0.68,0.02,0.01,77678.84,1777016529000
1777016531.68,131.68,0.31,0.32,0.68,0.69,0.01,0.01,77678.78,1777016530000
1777016532.039,132.039,0.31,0.32,0.68,0.69,0.01,0.01,77678.78,1777016530000
1777016532.658,132.658,0.31,0.32,0.68,0.69,0.01,0.01,77678.36,1777016531000
1777016533.574,133.574,0.31,0.32,0.68,0.69,0.01,0.01,77678.36,1777016531000
1777016533.93,133.93,0.31,0.32,0.68,0.69,0.01,0.01,77673.49,1777016532000
1777016534.86,134.86,0.31,0.32,0.68,0.69,0.01,0.01,77673.55,1777016533000
1777016535.194,135.194,0.31,0.32,0.68,0.69,0.01,0.01,77673.55,1777016533000
1777016535.812,135.812,0.31,0.32,0.68,0.69,0.01,0.01,77673.35,1777016534000
1777016536.43,136.43,0.31,0.32,0.68,0.69,0.01,0.01,77673.35,1777016534000
1777016536.8,136.8,0.31,0.32,0.68,0.69,0.01,0.01,77675.23,1777016535000
1777016537.372,137.372,0.31,0.32,0.68,0.69,0.01,0.01,77675.23,1777016535000
1777016537.769,137.769,0.31,0.32,0.68,0.69,0.01,0.01,77675.23,1777016535000
1777016538.125,138.125,0.31,0.32,0.68,0.69,0.01,0.01,77675.52,1777016536000
1777016538.759,138.759,0.31,0.32,0.68,0.69,0.01,0.01,77675.52,1777016536000
1777016539.165,139.165,0.31,0.32,0.68,0.69,0.01,0.01,77675.43,1777016537000
1777016539.565,139.565,0.31,0.32,0.68,0.69,0.01,0.01,77675.43,1777016537000
1777016540.081,140.081,0.3,0.32,0.68,0.7,0.02,0.02,77674.65,1777016538000
1777016540.475,140.475,0.3,0.31,0.69,0.7,0.01,0.01,77674.65,1777016538000
1777016541.167,141.167,0.3,0.31,0.69,0.7,0.01,0.01,77673.33,1777016539000
1777016541.581,141.581,0.3,0.31,0.69,0.7,0.01,0.01,77672.69,1777016540000
1777016542.207,142.207,0.3,0.31,0.69,0.7,0.01,0.01,77672.52,1777016541000
1777016542.775,142.775,0.3,0.31,0.69,0.7,0.01,0.01,77672.52,1777016541000
1777016543.205,143.205,0.3,0.31,0.69,0.7,0.01,0.01,77672.52,1777016541000
1777016543.549,143.549,0.3,0.31,0.69,0.7,0.01,0.01,77673.92,1777016542000
1777016543.885,143.885,0.3,0.32,0.69,0.7,0.02,0.01,77673.92,1777016542000
1777016544.232,144.232,0.31,0.32,0.68,0.7,0.01,0.02,77673.93,1777016543000
1777016544.674,144.674,0.39,0.4,0.56,0.64,0.01,0.08,77673.93,1777016543000
1777016545.011,145.011,0.39,0.4,0.6,0.61,0.01,0.01,77673.93,1777016543000
1777016545.535,145.535,0.39,0.4,0.6,0.61,0.01,0.01,77676.71,1777016544000
1777016546.003,146.003,0.37,0.38,0.62,0.63,0.01,0.01,77676.71,1777016544000
1777016546.635,146.635,0.36,0.37,0.63,0.64,0.01,0.01,77680.62,1777016545000
1777016547.377,147.377,0.36,0.37,0.63,0.64,0.01,0.01,77683.57,1777016546000
1777016547.837,147.837,0.36,0.37,0.63,0.64,0.01,0.01,77683.57,1777016546000
1777016548.226,148.226,0.36,0.37,0.63,0.64,0.01,0.01,77683.62,1777016547000
1777016548.566,148.566,0.36,0.37,0.63,0.64,0.01,0.01,77683.62,1777016547000
1777016548.905,148.905,0.36,0.37,0.63,0.64,0.01,0.01,77683.62,1777016547000
1777016549.284,149.284,0.36,0.37,0.63,0.64,0.01,0.01,77683.62,1777016548000
1777016549.845,149.845,0.36,0.37,0.63,0.64,0.01,0.01,77683.86,1777016549000
1777016550.232,150.232,0.36,0.37,0.63,0.64,0.01,0.01,77683.86,1777016549000
1777016550.654,150.654,0.36,0.37,0.63,0.64,0.01,0.01,77683.86,1777016549000
1777016551.562,151.562,0.35,0.36,0.63,0.64,0.01,0.01,77683.86,1777016550000
1777016551.932,151.932,0.33,0.36,0.64,0.67,0.03,0.03,77683.7,1777016551000
1777016552.44,152.44,0.31,0.32,0.67,0.69,0.01,0.02,77683.7,1777016551000
1777016552.866,152.866,0.31,0.32,0.68,0.69,0.01,0.01,77677.79,1777016552000
1777016553.474,153.474,0.31,0.32,0.68,0.69,0.01,0.01,77677.79,1777016552000
1777016553.849,153.849,0.31,0.32,0.68,0.69,0.01,0.01,77677.79,1777016552000
1777016554.474,154.474,0.31,0.32,0.68,0.69,0.01,0.01,77677.79,1777016553000
1777016555.155,155.155,0.31,0.32,0.68,0.69,0.01,0.01,77677.79,1777016554000
1777016555.524,155.524,0.31,0.32,0.68,0.69,0.01,0.01,77677.79,1777016554000
1777016556.329,156.329,0.31,0.32,0.68,0.69,0.01,0.01,77677.8,1777016555000
1777016556.725,156.725,0.31,0.32,0.68,0.69,0.01,0.01,77677.8,1777016555000
1777016557.464,157.464,0.31,0.32,0.68,0.69,0.01,0.01,77677.8,1777016556000
1777016557.85,157.85,0.31,0.32,0.68,0.69,0.01,0.01,77677.8,1777016556000
1777016558.505,158.505,0.31,0.33,0.68,0.69,0.02,0.01,77677.8,1777016557000
1777016559.096,159.096,0.31,0.32,0.68,0.69,0.01,0.01,77677.8,1777016557000
1777016559.828,159.828,0.31,0.32,0.68,0.69,0.01,0.01,77677.0,1777016558000
1777016560.227,160.227,0.31,0.32,0.68,0.69,0.01,0.01,77677.0,1777016558000
1777016560.992,160.992,0.31,0.32,0.68,0.69,0.01,0.01,77677,1777016559000
1777016561.369,161.369,0.31,0.32,0.68,0.69,0.01,0.01,77677.0,1777016560000
1777016562.02,162.02,0.31,0.32,0.68,0.69,0.01,0.01,77677.0,1777016560000
1777016562.473,162.473,0.42,0.43,0.57,0.58,0.01,0.01,77677.0,1777016561000
1777016562.904,162.904,0.42,0.43,0.57,0.58,0.01,0.01,77677.0,1777016561000
1777016563.254,163.254,0.41,0.42,0.58,0.59,0.01,0.01,77677.0,1777016561000
1777016563.589,163.589,0.39,0.4,0.6,0.61,0.01,0.01,77676.96,1777016562000
1777016563.95,163.95,0.39,0.4,0.6,0.61,0.01,0.01,77676.96,1777016562000
1777016564.8,164.8,0.39,0.4,0.6,0.61,0.01,0.01,77682.57,1777016563000
1777016565.269,165.269,0.39,0.4,0.6,0.61,0.01,0.01,77682.57,1777016563000
1777016566.444,166.444,0.39,0.4,0.6,0.61,0.01,0.01,77683.09,1777016564000
1777016567.042,167.042,0.39,0.4,0.6,0.61,0.01,0.01,77683.29,1777016566000
1777016567.599,167.599,0.39,0.4,0.6,0.61,0.01,0.01,77683.29,1777016566000
1777016568.407,168.407,0.39,0.4,0.6,0.61,0.01,0.01,77683.29,1777016566000
1777016568.8,168.8,0.39,0.4,0.6,0.61,0.01,0.01,77683.2,1777016567000
1777016569.26,169.26,0.39,0.4,0.6,0.61,0.01,0.01,77683.24,1777016568000
1777016570.462,170.462,0.39,0.4,0.6,0.61,0.01,0.01,77683.24,1777016568000
1777016571.132,171.132,0.39,0.4,0.6,0.61,0.01,0.01,77683.24,1777016569000
1777016571.587,171.587,0.39,0.4,0.6,0.61,0.01,0.01,77683.17,1777016570000
1777016572.105,172.105,0.39,0.4,0.6,0.61,0.01,0.01,77683.17,1777016570000
1777016572.439,172.439,0.39,0.4,0.6,0.61,0.01,0.01,77683.33,1777016571000
1777016572.825,172.825,0.39,0.4,0.6,0.61,0.01,0.01,77683.33,1777016571000
1777016573.504,173.504,0.39,0.4,0.6,0.61,0.01,0.01,77683.33,1777016572000
1777016574.361,174.361,0.39,0.4,0.6,0.61,0.01,0.01,77683.35,1777016573000
1777016575.068,175.068,0.39,0.4,0.6,0.61,0.01,0.01,77683.62,1777016574000
1777016575.655,175.655,0.4,0.41,0.6,0.61,0.01,0.01,77683.62,1777016574000
1777016576.044,176.044,0.52,0.53,0.47,0.48,0.01,0.01,77683.62,1777016574000
1777016576.766,176.766,0.52,0.53,0.47,0.48,0.01,0.01,77683.74,1777016575000
1777016577.145,177.145,0.52,0.53,0.47,0.48,0.01,0.01,77691.27,1777016576000
1777016577.532,177.532,0.52,0.53,0.47,0.48,0.01,0.01,77691.27,1777016576000
1777016578.013,178.013,0.52,0.53,0.47,0.48,0.01,0.01,77691.27,1777016576000
1777016578.413,178.413,0.52,0.53,0.47,0.48,0.01,0.01,77691.27,1777016576000
1777016579.087,179.087,0.52,0.53,0.47,0.48,0.01,0.01,77692.77,1777016578000
1777016579.555,179.555,0.52,0.53,0.47,0.48,0.01,0.01,77692.77,1777016578000
1777016580.173,180.173,0.51,0.52,0.48,0.49,0.01,0.01,77692.77,1777016578000
1777016580.509,180.509,0.51,0.52,0.48,0.49,0.01,0.01,77692.94,1777016579000
1777016580.888,180.888,0.5,0.51,0.49,0.5,0.01,0.01,77692.94,1777016579000
1777016581.365,181.365,0.49,0.5,0.49,0.5,0.01,0.01,77692.94,1777016579000
1777016581.901,181.901,0.46,0.47,0.5,0.54,0.01,0.04,77689.51,1777016580000
1777016582.67,182.67,0.46,0.47,0.53,0.54,0.01,0.01,77689.39,1777016581000
1777016583.286,183.286,0.46,0.47,0.53,0.54,0.01,0.01,77689.39,1777016581000
1777016583.921,183.921,0.46,0.47,0.53,0.54,0.01,0.01,77689.89,1777016582000
1777016584.269,184.269,0.46,0.47,0.53,0.54,0.01,0.01,77689.89,1777016583000
1777016584.64,184.64,0.46,0.47,0.53,0.54,0.01,0.01,77689.89,1777016583000
1777016585.313,185.313,0.46,0.47,0.53,0.54,0.01,0.01,77689.89,1777016584000
1777016585.647,185.647,0.53,0.54,0.46,0.47,0.01,0.01,77689.89,1777016584000
1777016586.447,186.447,0.53,0.54,0.46,0.47,0.01,0.01,77689.88,1777016585000
1777016586.838,186.838,0.49,0.5,0.5,0.53,0.01,0.03,77689.88,1777016585000
1777016587.194,187.194,0.49,0.5,0.5,0.51,0.01,0.01,77689.88,1777016586000
1777016587.574,187.574,0.49,0.5,0.5,0.51,0.01,0.01,77689.88,1777016586000
1777016587.907,187.907,0.49,0.5,0.5,0.51,0.01,0.01,77689.88,1777016586000
1777016588.25,188.25,0.49,0.5,0.5,0.51,0.01,0.01,77689.88,1777016587000
1777016588.64,188.64,0.48,0.49,0.51,0.52,0.01,0.01,77689.88,1777016587000
1777016589.027,189.027,0.48,0.49,0.51,0.52,0.01,0.01,77690.37,1777016588000
1777016589.552,189.552,0.47,0.48,0.51,0.53,0.01,0.02,77690.37,1777016588000
1777016589.916,189.916,0.47,0.48,0.52,0.53,0.01,0.01,77690.37,1777016588000
1777016590.279,190.279,0.47,0.48,0.52,0.53,0.01,0.01,77690.72,1777016589000
1777016590.618,190.618,0.49,0.51,0.5,0.51,0.02,0.01,77690.72,1777016589000
1777016591.567,191.567,0.51,0.52,0.48,0.49,0.01,0.01,77690.72,1777016589000
1777016591.924,191.924,0.51,0.52,0.48,0.49,0.01,0.01,77690.72,1777016590000
1777016592.267,192.267,0.51,0.52,0.48,0.49,0.01,0.01,77690.72,1777016591000
1777016592.948,192.948,0.51,0.52,0.48,0.5,0.01,0.02,77690.72,1777016591000
1777016593.431,193.431,0.5,0.51,0.48,0.5,0.01,0.02,77690.72,1777016591000
1777016593.927,193.927,0.5,0.51,0.49,0.5,0.01,0.01,77691.28,1777016592000
1777016594.342,194.342,0.5,0.51,0.49,0.5,0.01,0.01,77690.72,1777016593000
1777016594.765,194.765,0.5,0.51,0.49,0.5,0.01,0.01,77690.72,1777016593000
1777016595.218,195.218,0.5,0.51,0.49,0.5,0.01,0.01,77690.52,1777016594000
1777016595.577,195.577,0.5,0.51,0.49,0.5,0.01,0.01,77690.52,1777016594000
1777016596.016,196.016,0.5,0.51,0.49,0.5,0.01,0.01,77690.55,1777016595000
1777016596.609,196.609,0.49,0.5,0.49,0.5,0.01,0.01,77690.55,1777016595000
1777016597.133,197.133,0.49,0.5,0.5,0.51,0.01,0.01,77690.55,1777016595000
1777016597.99,197.99,0.49,0.52,0.5,0.51,0.03,0.01,77690.51,1777016596000
1777016599.757,199.757,0.49,0.52,0.48,0.51,0.03,0.03,77690.41,1777016598000
1777016600.315,200.315,0.49,0.52,0.48,0.51,0.03,0.03,77690.41,1777016599000
1777016600.931,200.931,0.49,0.52,0.48,0.51,0.03,0.03,77690.04,1777016600000
1777016601.446,201.446,0.49,0.5,0.48,0.51,0.01,0.03,77690.04,1777016600000
1777016601.805,201.805,0.49,0.5,0.5,0.51,0.01,0.01,77690.04,1777016600000
1777016602.139,202.139,0.49,0.5,0.5,0.51,0.01,0.01,77690.05,1777016601000
1777016603.002,203.002,0.5,0.51,0.49,0.5,0.01,0.01,77690.05,1777016601000
1777016603.517,203.517,0.49,0.51,0.49,0.5,0.02,0.01,77688.31,1777016602000
1777016604.414,204.414,0.49,0.5,0.49,0.51,0.01,0.02,77688.31,1777016602000
1777016605.047,205.047,0.48,0.5,0.5,0.52,0.02,0.02,77689.26,1777016604000
1777016606.067,206.067,0.48,0.5,0.5,0.52,0.02,0.02,77689.6,1777016605000
1777016606.701,206.701,0.48,0.5,0.5,0.52,0.02,0.02,77689.6,1777016605000
1777016607.299,207.299,0.48,0.49,0.51,0.52,0.01,0.01,77689.6,1777016606000
1777016608.418,208.418,0.48,0.49,0.51,0.52,0.01,0.01,77689.59,1777016607000
1777016608.954,208.954,0.48,0.49,0.51,0.52,0.01,0.01,77689.59,1777016608000
1777016610.088,210.088,0.48,0.49,0.51,0.52,0.01,0.01,77682.96,1777016609000
1777016610.975,210.975,0.48,0.49,0.51,0.52,0.01,0.01,77682.96,1777016609000
1777016611.389,211.389,0.46,0.49,0.51,0.53,0.03,0.02,77682.96,1777016610000
1777016611.893,211.893,0.37,0.41,0.59,0.6,0.04,0.01,77682.96,1777016610000
1777016612.284,212.284,0.31,0.38,0.62,0.69,0.07,0.07,77682.96,1777016610000
1777016612.695,212.695,0.35,0.41,0.62,0.69,0.06,0.07,77682.97,1777016611000
1777016613.178,213.178,0.36,0.41,0.59,0.64,0.05,0.05,77682.97,1777016611000
1777016613.652,213.652,0.36,0.4,0.59,0.64,0.04,0.05,77682.97,1777016612000
1777016614.001,214.001,0.37,0.38,0.62,0.63,0.01,0.01,77682.97,1777016612000
1777016614.426,214.426,0.37,0.38,0.62,0.63,0.01,0.01,77682.97,1777016612000
1777016614.768,214.768,0.37,0.38,0.62,0.63,0.01,0.01,77682.97,1777016613000
1777016615.121,215.121,0.37,0.38,0.62,0.63,0.01,0.01,77682.97,1777016613000
1777016615.589,215.589,0.37,0.38,0.62,0.63,0.01,0.01,77685.45,1777016614000
1777016615.947,215.947,0.37,0.38,0.62,0.63,0.01,0.01,77685.45,1777016614000
1777016616.302,216.302,0.37,0.38,0.62,0.63,0.01,0.01,77685.45,1777016614000
1777016616.869,216.869,0.37,0.38,0.62,0.63,0.01,0.01,77684.09,1777016615000
1777016617.44,217.44,0.37,0.38,0.62,0.63,0.01,0.01,77684.09,1777016616000
1777016617.785,217.785,0.37,0.39,0.61,0.63,0.02,0.02,77684.09,1777016616000
1777016618.257,218.257,0.37,0.38,0.62,0.63,0.01,0.01,77684.16,1777016617000
1777016619.128,219.128,0.37,0.38,0.62,0.63,0.01,0.01,77684.16,1777016617000
1777016619.532,219.532,0.37,0.38,0.62,0.63,0.01,0.01,77684.38,1777016618000
1777016620.037,220.037,0.37,0.38,0.62,0.63,0.01,0.01,77684.38,1777016618000
1777016620.372,220.372,0.37,0.38,0.62,0.63,0.01,0.01,77684.38,1777016618000
1777016620.744,220.744,0.37,0.38,0.62,0.63,0.01,0.01,77684.33,1777016619000
1777016621.182,221.182,0.37,0.38,0.62,0.63,0.01,0.01,77684.33,1777016619000
1777016621.951,221.951,0.37,0.38,0.62,0.63,0.01,0.01,77684.31,1777016620000
1777016622.29,222.29,0.37,0.38,0.62,0.63,0.01,0.01,77684.31,1777016620000
1777016622.686,222.686,0.37,0.38,0.62,0.63,0.01,0.01,77684.15,1777016621000
1777016623.292,223.292,0.37,0.38,0.62,0.63,0.01,0.01,77684.15,1777016621000
1777016623.716,223.716,0.37,0.4,0.6,0.63,0.03,0.03,77684.35,1777016622000
1777016624.114,224.114,0.37,0.38,0.62,0.63,0.01,0.01,77684.62,1777016623000
1777016624.46,224.46,0.37,0.38,0.62,0.63,0.01,0.01,77684.62,1777016623000
1777016624.834,224.834,0.37,0.38,0.62,0.63,0.01,0.01,77684.62,1777016623000
1777016625.234,225.234,0.37,0.38,0.62,0.63,0.01,0.01,77688.04,1777016624000
1777016625.585,225.585,0.37,0.38,0.62,0.63,0.01,0.01,77688.04,1777016624000
1777016626.065,226.065,0.38,0.39,0.61,0.62,0.01,0.01,77687.43,1777016625000
1777016627.2,227.2,0.38,0.39,0.61,0.62,0.01,0.01,77687.6,1777016626000
1777016628.673,228.673,0.38,0.39,0.61,0.62,0.01,0.01,77687.91,1777016627000
1777016629.034,229.034,0.38,0.41,0.59,0.62,0.03,0.03,77687.91,1777016627000
1777016629.475,229.475,0.38,0.4,0.59,0.62,0.02,0.03,77689.48,1777016628000
1777016630.142,230.142,0.38,0.39,0.6,0.62,0.01,0.02,77689.48,1777016628000
1777016630.615,230.615,0.4,0.41,0.59,0.6,0.01,0.01,77690.14,1777016629000
1777016631.341,231.341,0.4,0.41,0.59,0.6,0.01,0.01,77689.63,1777016630000
1777016631.825,231.825,0.4,0.43,0.57,0.58,0.03,0.01,77689.63,1777016630000
1777016632.316,232.316,0.4,0.41,0.59,0.6,0.01,0.01,77689.63,1777016631000
1777016632.995,232.995,0.4,0.41,0.59,0.6,0.01,0.01,77689.97,1777016632000
1777016633.487,233.487,0.41,0.42,0.59,0.6,0.01,0.01,77689.97,1777016632000
1777016634.004,234.004,0.41,0.42,0.58,0.59,0.01,0.01,77690.38,1777016633000
1777016634.568,234.568,0.41,0.42,0.58,0.59,0.01,0.01,77690.38,1777016633000
1777016634.955,234.955,0.41,0.42,0.58,0.59,0.01,0.01,77690.67,1777016634000
1777016635.967,235.967,0.41,0.42,0.58,0.59,0.01,0.01,77691.17,1777016635000
1777016636.978,236.978,0.41,0.42,0.58,0.59,0.01,0.01,77690.7,1777016636000
1777016638.177,238.177,0.41,0.42,0.58,0.59,0.01,0.01,77688.35,1777016637000
1777016639.089,239.089,0.41,0.42,0.58,0.59,0.01,0.01,77687.77,1777016638000
1777016639.423,239.423,0.4,0.42,0.58,0.6,0.02,0.02,77687.77,1777016638000
1777016640.099,240.099,0.37,0.42,0.58,0.63,0.05,0.05,77687.77,1777016639000
1777016640.467,240.467,0.36,0.4,0.6,0.64,0.04,0.04,77687.77,1777016639000
1777016640.815,240.815,0.37,0.4,0.6,0.63,0.03,0.03,77687.77,1777016639000
1777016641.692,241.692,0.33,0.38,0.62,0.65,0.05,0.03,77687.81,1777016640000
1777016642.14,242.14,0.38,0.42,0.58,0.69,0.04,0.11,77687.81,1777016640000
1777016642.485,242.485,0.4,0.42,0.55,0.59,0.02,0.04,77687.83,1777016641000
1777016642.829,242.829,0.4,0.41,0.59,0.6,0.01,0.01,77687.83,1777016641000
1777016643.334,243.334,0.42,0.43,0.57,0.59,0.01,0.02,77687.83,1777016641000
1777016643.702,243.702,0.42,0.43,0.57,0.58,0.01,0.01,77688.76,1777016642000
1777016644.036,244.036,0.42,0.43,0.57,0.58,0.01,0.01,77688.76,1777016642000
1777016644.447,244.447,0.42,0.43,0.57,0.58,0.01,0.01,77688.64,1777016643000
1777016645.127,245.127,0.42,0.43,0.57,0.58,0.01,0.01,77688.64,1777016643000
1777016645.687,245.687,0.43,0.44,0.56,0.58,0.01,0.02,77688.72,1777016644000
1777016646.451,246.451,0.43,0.44,0.56,0.57,0.01,0.01,77688.73,1777016645000
1777016647.153,247.153,0.43,0.44,0.56,0.57,0.01,0.01,77688.87,1777016646000
1777016647.659,247.659,0.43,0.44,0.56,0.57,0.01,0.01,77688.87,1777016646000
1777016648.015,248.015,0.43,0.44,0.56,0.58,0.01,0.02,77688.87,1777016646000
1777016648.755,248.755,0.43,0.44,0.56,0.57,0.01,0.01,77688.73,1777016647000
1777016649.203,249.203,0.43,0.44,0.56,0.57,0.01,0.01,77688.73,1777016647000
1777016649.554,249.554,0.42,0.43,0.56,0.58,0.01,0.02,77688.67,1777016648000
1777016650.149,250.149,0.42,0.43,0.57,0.58,0.01,0.01,77688.42,1777016649000
1777016650.562,250.562,0.39,0.4,0.57,0.61,0.01,0.04,77688.42,1777016649000
1777016651.22,251.22,0.37,0.38,0.62,0.63,0.01,0.01,77688.38,1777016650000
1777016651.64,251.64,0.26,0.27,0.73,0.74,0.01,0.01,77688.38,1777016650000
1777016652.015,252.015,0.23,0.25,0.73,0.79,0.02,0.06,77688.38,1777016650000
1777016652.355,252.355,0.21,0.22,0.78,0.79,0.01,0.01,77688.38,1777016650000
1777016652.711,252.711,0.2,0.22,0.78,0.8,0.02,0.02,77687.84,1777016651000
1777016653.145,253.145,0.2,0.21,0.79,0.8,0.01,0.01,77683.03,1777016652000
1777016653.479,253.479,0.2,0.21,0.79,0.8,0.01,0.01,77683.03,1777016652000
1777016653.853,253.853,0.2,0.21,0.79,0.8,0.01,0.01,77683.03,1777016652000
1777016654.346,254.346,0.2,0.21,0.79,0.8,0.01,0.01,77678.01,1777016653000
1777016654.942,254.942,0.2,0.21,0.79,0.8,0.01,0.01,77678.01,1777016653000
1777016655.291,255.291,0.2,0.21,0.79,0.8,0.01,0.01,77678.01,1777016653000
1777016655.667,255.667,0.19,0.21,0.79,0.81,0.02,0.02,77677.38,1777016654000
1777016656.765,256.765,0.2,0.21,0.79,0.8,0.01,0.01,77677.36,1777016655000
1777016657.418,257.418,0.17,0.2,0.79,0.8,0.03,0.01,77677.36,1777016655000
1777016657.871,257.871,0.17,0.23,0.82,0.83,0.06,0.01,77677.48,1777016656000
1777016658.253,258.253,0.17,0.23,0.77,0.83,0.06,0.06,77677.47,1777016657000
1777016658.816,258.816,0.12,0.19,0.81,0.83,0.07,0.02,77677.47,1777016657000
1777016659.149,259.149,0.12,0.2,0.81,0.88,0.08,0.07,77677.47,1777016657000
1777016659.485,259.485,0.14,0.16,0.84,0.89,0.02,0.05,77677.47,1777016658000
1777016659.983,259.983,0.14,0.15,0.85,0.86,0.01,0.01,77677.47,1777016658000
1777016660.36,260.36,0.14,0.15,0.85,0.86,0.01,0.01,77677.63,1777016659000
1777016660.742,260.742,0.14,0.15,0.85,0.86,0.01,0.01,77677.63,1777016659000
1777016661.198,261.198,0.15,0.16,0.84,0.85,0.01,0.01,77677.63,1777016659000
1777016661.569,261.569,0.15,0.16,0.84,0.85,0.01,0.01,77676.91,1777016660000
1777016662.156,262.156,0.15,0.16,0.84,0.85,0.01,0.01,77676.91,1777016660000
1777016662.559,262.559,0.15,0.16,0.84,0.85,0.01,0.01,77677.17,1777016661000
1777016663.262,263.262,0.15,0.16,0.84,0.85,0.01,0.01,77676.93,1777016662000
1777016664.35,264.35,0.15,0.16,0.84,0.85,0.01,0.01,77676.93,1777016662000
1777016664.937,264.937,0.15,0.16,0.84,0.85,0.01,0.01,77677.2,1777016663000
1777016665.441,265.441,0.15,0.16,0.84,0.85,0.01,0.01,77677.2,1777016664000
1777016665.999,265.999,0.15,0.16,0.84,0.85,0.01,0.01,77677.2,1777016664000
1777016666.59,266.59,0.15,0.16,0.84,0.85,0.01,0.01,77676.95,1777016665000
1777016666.988,266.988,0.15,0.16,0.84,0.85,0.01,0.01,77676.95,1777016665000
1777016667.501,267.501,0.15,0.16,0.84,0.85,0.01,0.01,77676.95,1777016666000
1777016667.849,267.849,0.15,0.16,0.84,0.85,0.01,0.01,77676.95,1777016666000
1777016668.568,268.568,0.15,0.16,0.84,0.85,0.01,0.01,77676.95,1777016667000
1777016669.035,269.035,0.15,0.16,0.84,0.85,0.01,0.01,77676.95,1777016667000
1777016669.444,269.444,0.15,0.16,0.83,0.85,0.01,0.02,77677.85,1777016668000
1777016669.877,269.877,0.15,0.16,0.84,0.85,0.01,0.01,77677.85,1777016668000
1777016670.214,270.214,0.15,0.16,0.84,0.85,0.01,0.01,77677.84,1777016669000
1777016670.595,270.595,0.14,0.15,0.85,0.86,0.01,0.01,77677.84,1777016669000
1777016671.067,271.067,0.14,0.15,0.85,0.86,0.01,0.01,77677.84,1777016669000
1777016671.53,271.53,0.14,0.15,0.85,0.86,0.01,0.01,77678.15,1777016670000
1777016672.032,272.032,0.11,0.12,0.85,0.89,0.01,0.04,77678.15,1777016670000
1777016672.537,272.537,0.11,0.12,0.88,0.89,0.01,0.01,77678.15,1777016671000
1777016673.031,273.031,0.11,0.12,0.88,0.89,0.01,0.01,77678.15,1777016671000
1777016673.407,273.407,0.11,0.12,0.88,0.89,0.01,0.01,77676.91,1777016672000
1777016673.796,273.796,0.11,0.12,0.88,0.89,0.01,0.01,77676.91,1777016672000
1777016674.244,274.244,0.11,0.12,0.88,0.89,0.01,0.01,77676.91,1777016672000
1777016674.595,274.595,0.11,0.12,0.88,0.89,0.01,0.01,77676.9,1777016673000
1777016675.17,275.17,0.11,0.12,0.88,0.89,0.01,0.01,77676.9,1777016673000
1777016675.81,275.81,0.11,0.12,0.88,0.89,0.01,0.01,77673.96,1777016674000
1777016676.191,276.191,0.11,0.12,0.88,0.89,0.01,0.01,77673.96,1777016675000
1777016676.58,276.58,0.11,0.12,0.88,0.89,0.01,0.01,77673.96,1777016675000
1777016676.991,276.991,0.12,0.13,0.87,0.88,0.01,0.01,77673.96,1777016675000
1777016677.347,277.347,0.1,0.12,0.88,0.89,0.02,0.01,77670.5,1777016676000
1777016677.682,277.682,0.15,0.17,0.84,0.88,0.02,0.04,77670.5,1777016676000
1777016678.027,278.027,0.16,0.17,0.83,0.84,0.01,0.01,77670.5,1777016676000
1777016678.409,278.409,0.1,0.11,0.89,0.9,0.01,0.01,77670.5,1777016677000
1777016678.808,278.808,0.14,0.15,0.85,0.86,0.01,0.01,77670.5,1777016677000
1777016679.206,279.206,0.14,0.15,0.85,0.86,0.01,0.01,77670.5,1777016677000
1777016679.551,279.551,0.06,0.12,0.88,0.89,0.06,0.01,77669.39,1777016678000
1777016679.919,279.919,0.08,0.09,0.91,0.92,0.01,0.01,77671.4,1777016679000
1777016680.421,280.421,0.07,0.09,0.91,0.92,0.02,0.01,77671.4,1777016679000
1777016680.802,280.802,0.06,0.07,0.93,0.94,0.01,0.01,77671.4,1777016679000
1777016681.139,281.139,0.06,0.07,0.93,0.94,0.01,0.01,77675.72,1777016680000
1777016681.504,281.504,0.06,0.07,0.93,0.94,0.01,0.01,77675.72,1777016680000
1777016681.843,281.843,0.06,0.07,0.93,0.94,0.01,0.01,77675.72,1777016680000
1777016682.243,282.243,0.06,0.07,0.93,0.94,0.01,0.01,77675.72,1777016681000
1777016682.763,282.763,0.06,0.07,0.93,0.94,0.01,0.01,77675.72,1777016681000
1777016683.108,283.108,0.06,0.07,0.93,0.94,0.01,0.01,77675.72,1777016681000
1777016683.452,283.452,0.06,0.07,0.93,0.94,0.01,0.01,77675.27,1777016682000
1777016683.911,283.911,0.06,0.07,0.93,0.94,0.01,0.01,77675.27,1777016682000
1777016684.29,284.29,0.05,0.06,0.93,0.95,0.01,0.02,77675.27,1777016682000
1777016684.754,284.754,0.05,0.06,0.94,0.95,0.01,0.01,77672.88,1777016683000
1777016685.142,285.142,0.05,0.06,0.94,0.95,0.01,0.01,77672.88,1777016683000
1777016685.494,285.494,0.05,0.06,0.94,0.95,0.01,0.01,77672.88,1777016683000
1777016685.915,285.915,0.05,0.06,0.94,0.95,0.01,0.01,77672.88,1777016683000
1777016686.267,286.267,0.04,0.05,0.94,0.95,0.01,0.01,77670.69,1777016684000
1777016686.634,286.634,0.04,0.05,0.95,0.96,0.01,0.01,77670.69,1777016685000
1777016686.983,286.983,0.04,0.05,0.95,0.96,0.01,0.01,77672.27,1777016686000
1777016687.386,287.386,0.04,0.05,0.95,0.96,0.01,0.01,77672.27,1777016686000
1777016687.783,287.783,0.04,0.05,0.95,0.96,0.01,0.01,77672.27,1777016686000
1777016688.128,288.128,0.04,0.05,0.95,0.96,0.01,0.01,77672.27,1777016686000
1777016688.517,288.517,0.04,0.05,0.95,0.96,0.01,0.01,77672.5,1777016687000
1777016688.907,288.907,0.03,0.04,0.96,0.97,0.01,0.01,77672.5,1777016687000
1777016689.244,289.244,0.03,0.04,0.96,0.97,0.01,0.01,77672.5,1777016687000
1777016689.599,289.599,0.03,0.04,0.96,0.97,0.01,0.01,77672.56,1777016688000
1777016689.953,289.953,0.03,0.04,0.96,0.97,0.01,0.01,77672.56,1777016688000
1777016690.288,290.288,0.03,0.04,0.96,0.97,0.01,0.01,77672.51,1777016689000
1777016690.641,290.641,0.03,0.04,0.96,0.97,0.01,0.01,77672.51,1777016689000
1777016691.129,291.129,0.03,0.04,0.96,0.97,0.01,0.01,77672.51,1777016689000
1777016691.475,291.475,0.03,0.04,0.96,0.97,0.01,0.01,77672.48,1777016690000
1777016691.887,291.887,0.02,0.03,0.97,0.98,0.01,0.01,77672.48,1777016690000
1777016692.221,292.221,0.02,0.03,0.97,0.98,0.01,0.01,77672.49,1777016691000
1777016692.75,292.75,0.02,0.04,0.97,0.98,0.02,0.01,77672.49,1777016691000
1777016693.223,293.223,0.02,0.03,0.97,0.98,0.01,0.01,77672.49,1777016691000
1777016693.58,293.58,0.02,0.03,0.97,0.98,0.01,0.01,77672.48,1777016692000
1777016693.926,293.926,0.02,0.03,0.97,0.98,0.01,0.01,77672.48,1777016692000
1777016694.269,294.269,0.02,0.03,0.95,0.98,0.01,0.03,77672.48,1777016692000
1777016694.65,294.65,0.01,0.02,0.98,0.99,0.01,0.01,77672.03,1777016693000
1777016695.022,295.022,0.01,0.02,0.98,0.99,0.01,0.01,77666.45,1777016694000
1777016695.372,295.372,0.02,0.03,0.97,0.98,0.01,0.01,77666.45,1777016694000
1777016695.719,295.719,0.01,0.02,0.98,0.99,0.01,0.01,77666.45,1777016694000
1777016696.069,296.069,0.01,0.02,0.98,0.99,0.01,0.01,77671.46,1777016695000
1777016696.423,296.423,0.01,0.02,0.98,0.99,0.01,0.01,77671.46,1777016695000
1777016696.761,296.761,0.01,0.02,0.98,0.99,0.01,0.01,77671.46,1777016695000
1777016697.099,297.099,0.01,0.02,0.98,0.99,0.01,0.01,77671.46,1777016695000
1777016697.453,297.453,0.01,0.02,0.98,0.99,0.01,0.01,77671.46,1777016696000
1777016697.887,297.887,0.01,0.01,0.98,0.99,0.0,0.01,77671.46,1777016696000
1777016698.29,298.29,0.01,0.01,0.99,0.99,0.0,0.0,77673.96,1777016697000
1777016698.855,298.855,0.01,0.01,0.99,0.99,0.0,0.0,77673.96,1777016697000
1777016699.289,299.289,0.01,0.01,0.99,0.99,0.0,0.0,77673.96,1777016697000
1777016699.627,299.627,0.01,0.01,0.99,0.99,0.0,0.0,77674.8,1777016698000
1777016700.383,300.383,0.01,0.01,0.99,0.99,0.0,0.0,77674.8,1777016698000
1777016700.825,300.825,0.01,0.01,0.99,0.99,0.0,0.0,77675.2,1777016699000

# RESULT,winner=Down,slug=btc-updown-5m-1777016400,ticks=607
