timestamp,elapsed_sec,up_bid,up_ask,down_bid,down_ask,up_spread,down_spread,btc_price,btc_oracle_ts
1776207600.527,0.527,0.47,0.48,0.5,0.51,0.01,0.01,74058.66,1776207599000
1776207600.862,0.862,0.47,0.48,0.52,0.53,0.01,0.01,74058.66,1776207599000
1776207601.327,1.327,0.46,0.47,0.53,0.54,0.01,0.01,74059.03,1776207600000
1776207601.672,1.672,0.45,0.47,0.53,0.54,0.02,0.01,74059.03,1776207600000
1776207602.041,2.041,0.46,0.47,0.53,0.54,0.01,0.01,74059.03,1776207600000
1776207602.379,2.379,0.46,0.48,0.52,0.54,0.02,0.02,74059.03,1776207600000
1776207602.826,2.826,0.49,0.51,0.49,0.54,0.02,0.05,74059.1,1776207601000
1776207603.377,3.377,0.51,0.52,0.48,0.49,0.01,0.01,74056.55,1776207602000
1776207603.721,3.721,0.51,0.52,0.48,0.49,0.01,0.01,74056.55,1776207602000
1776207604.07,4.07,0.51,0.52,0.48,0.49,0.01,0.01,74056.55,1776207602000
1776207604.426,4.426,0.52,0.53,0.47,0.48,0.01,0.01,74057.58,1776207603000
1776207604.778,4.778,0.52,0.53,0.47,0.48,0.01,0.01,74057.58,1776207603000
1776207605.303,5.303,0.53,0.54,0.47,0.48,0.01,0.01,74057.58,1776207603000
1776207605.672,5.672,0.64,0.65,0.35,0.36,0.01,0.01,74062.37,1776207604000
1776207606.099,6.099,0.64,0.65,0.35,0.36,0.01,0.01,74062.37,1776207604000
1776207606.449,6.449,0.61,0.65,0.35,0.39,0.04,0.04,74062.37,1776207604000
1776207606.797,6.797,0.61,0.62,0.38,0.39,0.01,0.01,74062.74,1776207605000
1776207607.136,7.136,0.61,0.62,0.38,0.39,0.01,0.01,74079.06,1776207606000
1776207607.487,7.487,0.6,0.62,0.38,0.4,0.02,0.02,74079.06,1776207606000
1776207607.865,7.865,0.6,0.61,0.39,0.4,0.01,0.01,74079.06,1776207606000
1776207608.24,8.24,0.6,0.61,0.39,0.4,0.01,0.01,74079.06,1776207606000
1776207608.807,8.807,0.6,0.61,0.39,0.4,0.01,0.01,74080.62,1776207607000
1776207609.207,9.207,0.6,0.61,0.39,0.4,0.01,0.01,74080.62,1776207607000
1776207609.654,9.654,0.61,0.62,0.38,0.39,0.01,0.01,74074.48,1776207608000
1776207610.021,10.021,0.6,0.62,0.38,0.4,0.02,0.02,74074.5,1776207609000
1776207610.361,10.361,0.61,0.64,0.38,0.39,0.03,0.01,74074.5,1776207609000
1776207610.776,10.776,0.63,0.64,0.36,0.37,0.01,0.01,74074.5,1776207609000
1776207611.391,11.391,0.63,0.64,0.36,0.37,0.01,0.01,74078.42,1776207610000
1776207611.872,11.872,0.63,0.64,0.36,0.37,0.01,0.01,74078.42,1776207610000
1776207612.365,12.365,0.63,0.64,0.36,0.37,0.01,0.01,74081.83,1776207611000
1776207612.702,12.702,0.63,0.64,0.36,0.37,0.01,0.01,74081.83,1776207611000
1776207613.047,13.047,0.63,0.64,0.36,0.37,0.01,0.01,74081.83,1776207611000
1776207613.417,13.417,0.63,0.64,0.36,0.37,0.01,0.01,74082.23,1776207612000
1776207613.796,13.796,0.62,0.63,0.36,0.38,0.01,0.02,74082.23,1776207612000
1776207614.208,14.208,0.61,0.62,0.38,0.4,0.01,0.02,74082.23,1776207613000
1776207614.675,14.675,0.61,0.62,0.38,0.39,0.01,0.01,74082.23,1776207613000
1776207615.182,15.182,0.61,0.62,0.38,0.39,0.01,0.01,74082.23,1776207613000
1776207615.552,15.552,0.61,0.62,0.38,0.39,0.01,0.01,74078.56,1776207614000
1776207615.975,15.975,0.61,0.62,0.38,0.39,0.01,0.01,74078.56,1776207614000
1776207616.429,16.429,0.6,0.61,0.39,0.4,0.01,0.01,74075.51,1776207615000
1776207616.798,16.798,0.59,0.61,0.39,0.4,0.02,0.01,74075.51,1776207615000
1776207617.156,17.156,0.59,0.6,0.4,0.41,0.01,0.01,74075.51,1776207615000
1776207617.804,17.804,0.59,0.6,0.4,0.41,0.01,0.01,74073.61,1776207616000
1776207618.159,18.159,0.59,0.6,0.4,0.41,0.01,0.01,74073.45,1776207617000
1776207618.689,18.689,0.59,0.6,0.4,0.41,0.01,0.01,74073.45,1776207617000
1776207619.032,19.032,0.59,0.6,0.4,0.41,0.01,0.01,74073.45,1776207617000
1776207619.456,19.456,0.59,0.6,0.4,0.41,0.01,0.01,74069.51,1776207618000
1776207620.176,20.176,0.58,0.59,0.4,0.41,0.01,0.01,74069.51,1776207618000
1776207620.512,20.512,0.55,0.58,0.42,0.44,0.03,0.02,74069.08,1776207619000
1776207620.884,20.884,0.56,0.57,0.43,0.44,0.01,0.01,74069.08,1776207619000
1776207621.242,21.242,0.55,0.56,0.43,0.45,0.01,0.02,74069.08,1776207619000
1776207621.681,21.681,0.55,0.56,0.44,0.45,0.01,0.01,74068.99,1776207620000
1776207622.137,22.137,0.55,0.56,0.44,0.45,0.01,0.01,74068.79,1776207621000
1776207622.765,22.765,0.54,0.55,0.45,0.46,0.01,0.01,74068.79,1776207621000
1776207623.421,23.421,0.54,0.55,0.45,0.46,0.01,0.01,74064.75,1776207622000
1776207623.95,23.95,0.54,0.55,0.45,0.46,0.01,0.01,74064.75,1776207622000
1776207624.919,24.919,0.54,0.55,0.45,0.46,0.01,0.01,74063.01,1776207623000
1776207625.384,25.384,0.54,0.55,0.45,0.46,0.01,0.01,74062.54,1776207624000
1776207625.992,25.992,0.54,0.55,0.45,0.46,0.01,0.01,74062.63,1776207625000
1776207626.475,26.475,0.54,0.55,0.45,0.46,0.01,0.01,74062.63,1776207625000
1776207627.033,27.033,0.54,0.55,0.45,0.46,0.01,0.01,74062.63,1776207625000
1776207627.491,27.491,0.54,0.55,0.45,0.46,0.01,0.01,74062.4,1776207626000
1776207627.869,27.869,0.53,0.54,0.46,0.47,0.01,0.01,74062.4,1776207626000
1776207628.259,28.259,0.53,0.54,0.46,0.47,0.01,0.01,74062.4,1776207626000
1776207628.827,28.827,0.53,0.54,0.46,0.47,0.01,0.01,74062.41,1776207627000
1776207629.202,29.202,0.53,0.54,0.46,0.47,0.01,0.01,74062.41,1776207627000
1776207629.537,29.537,0.52,0.53,0.47,0.48,0.01,0.01,74062.52,1776207628000
1776207630.033,30.033,0.52,0.53,0.47,0.48,0.01,0.01,74062.52,1776207628000
1776207630.614,30.614,0.52,0.53,0.47,0.48,0.01,0.01,74062.54,1776207629000
1776207631.139,31.139,0.51,0.52,0.47,0.49,0.01,0.02,74062.54,1776207629000
1776207631.794,31.794,0.51,0.52,0.48,0.49,0.01,0.01,74062.55,1776207630000
1776207632.361,32.361,0.51,0.52,0.48,0.49,0.01,0.01,74062.56,1776207631000
1776207632.99,32.99,0.52,0.53,0.47,0.49,0.01,0.02,74062.56,1776207631000
1776207633.417,33.417,0.52,0.53,0.47,0.48,0.01,0.01,74062.32,1776207632000
1776207633.869,33.869,0.52,0.53,0.47,0.48,0.01,0.01,74062.32,1776207632000
1776207634.25,34.25,0.53,0.54,0.46,0.47,0.01,0.01,74062.34,1776207633000
1776207634.667,34.667,0.53,0.54,0.46,0.47,0.01,0.01,74062.34,1776207633000
1776207635.121,35.121,0.53,0.54,0.46,0.47,0.01,0.01,74062.34,1776207633000
1776207635.84,35.84,0.54,0.55,0.46,0.47,0.01,0.01,74064.86,1776207634000
1776207636.66,36.66,0.54,0.55,0.45,0.46,0.01,0.01,74064.86,1776207634000
1776207637.479,37.479,0.54,0.55,0.45,0.46,0.01,0.01,74067.09,1776207636000
1776207637.998,37.998,0.54,0.55,0.45,0.46,0.01,0.01,74067.09,1776207637000
1776207638.454,38.454,0.53,0.55,0.45,0.46,0.02,0.01,74067.09,1776207637000
1776207638.789,38.789,0.53,0.54,0.46,0.47,0.01,0.01,74067.09,1776207637000
1776207639.128,39.128,0.53,0.54,0.46,0.47,0.01,0.01,74067.11,1776207638000
1776207639.567,39.567,0.53,0.54,0.46,0.47,0.01,0.01,74067.11,1776207638000
1776207639.936,39.936,0.53,0.54,0.46,0.47,0.01,0.01,74068.09,1776207639000
1776207640.339,40.339,0.53,0.55,0.46,0.47,0.02,0.01,74068.09,1776207639000
1776207641.097,41.097,0.53,0.55,0.45,0.47,0.02,0.02,74068.28,1776207640000
1776207642.039,42.039,0.53,0.55,0.45,0.47,0.02,0.02,74072.02,1776207641000
1776207642.751,42.751,0.54,0.55,0.45,0.47,0.01,0.02,74072.02,1776207641000
1776207644.029,44.029,0.54,0.55,0.45,0.46,0.01,0.01,74078.94,1776207643000
1776207644.373,44.373,0.54,0.55,0.45,0.46,0.01,0.01,74078.94,1776207643000
1776207644.727,44.727,0.54,0.55,0.45,0.46,0.01,0.01,74078.94,1776207643000
1776207645.906,45.906,0.54,0.55,0.45,0.46,0.01,0.01,74079.11,1776207644000
1776207646.243,46.243,0.54,0.55,0.45,0.46,0.01,0.01,74078.72,1776207645000
1776207646.585,46.585,0.54,0.55,0.45,0.46,0.01,0.01,74078.72,1776207645000
1776207646.944,46.944,0.54,0.55,0.45,0.46,0.01,0.01,74078.72,1776207645000
1776207647.625,47.625,0.54,0.55,0.45,0.46,0.01,0.01,74078.57,1776207646000
1776207648.022,48.022,0.54,0.55,0.45,0.46,0.01,0.01,74078.57,1776207647000
1776207649.069,49.069,0.54,0.55,0.45,0.46,0.01,0.01,74078.6,1776207648000
1776207649.412,49.412,0.54,0.55,0.44,0.46,0.01,0.02,74078.6,1776207648000
1776207649.886,49.886,0.55,0.56,0.44,0.45,0.01,0.01,74078.6,1776207648000
1776207650.317,50.317,0.55,0.56,0.44,0.45,0.01,0.01,74078.6,1776207648000
1776207651.379,51.379,0.55,0.56,0.44,0.45,0.01,0.01,74078.59,1776207649000
1776207651.974,51.974,0.55,0.56,0.44,0.45,0.01,0.01,74078.6,1776207650000
1776207652.657,52.657,0.55,0.56,0.44,0.45,0.01,0.01,74078.6,1776207651000
1776207653.422,53.422,0.55,0.56,0.44,0.45,0.01,0.01,74078.6,1776207652000
1776207653.988,53.988,0.55,0.56,0.44,0.45,0.01,0.01,74078.6,1776207652000
1776207655.799,55.799,0.55,0.56,0.44,0.45,0.01,0.01,74081.56,1776207654000
1776207656.382,56.382,0.55,0.56,0.44,0.45,0.01,0.01,74084.15,1776207655000
1776207656.756,56.756,0.55,0.56,0.44,0.45,0.01,0.01,74084.15,1776207655000
1776207657.134,57.134,0.57,0.58,0.41,0.42,0.01,0.01,74084.95,1776207656000
1776207657.59,57.59,0.57,0.58,0.42,0.43,0.01,0.01,74084.95,1776207656000
1776207657.991,57.991,0.58,0.6,0.41,0.42,0.02,0.01,74084.95,1776207656000
1776207658.484,58.484,0.59,0.6,0.4,0.41,0.01,0.01,74084.99,1776207657000
1776207659.15,59.15,0.59,0.6,0.4,0.41,0.01,0.01,74084.97,1776207658000
1776207659.681,59.681,0.59,0.6,0.4,0.41,0.01,0.01,74084.97,1776207658000
1776207660.025,60.025,0.55,0.56,0.44,0.45,0.01,0.01,74084.97,1776207658000
1776207660.432,60.432,0.53,0.55,0.45,0.46,0.02,0.01,74084.93,1776207659000
1776207660.767,60.767,0.54,0.55,0.45,0.46,0.01,0.01,74084.93,1776207659000
1776207661.224,61.224,0.53,0.55,0.45,0.46,0.02,0.01,74084.93,1776207659000
1776207661.581,61.581,0.53,0.54,0.46,0.47,0.01,0.01,74080.84,1776207660000
1776207662.018,62.018,0.53,0.54,0.46,0.47,0.01,0.01,74080.84,1776207660000
1776207662.36,62.36,0.52,0.53,0.47,0.48,0.01,0.01,74073.18,1776207661000
1776207662.719,62.719,0.52,0.53,0.47,0.48,0.01,0.01,74073.18,1776207661000
1776207663.058,63.058,0.52,0.53,0.47,0.48,0.01,0.01,74073.18,1776207661000
1776207663.512,63.512,0.52,0.53,0.47,0.48,0.01,0.01,74073.18,1776207661000
1776207663.942,63.942,0.51,0.52,0.48,0.49,0.01,0.01,74067.84,1776207662000
1776207664.317,64.317,0.51,0.52,0.48,0.49,0.01,0.01,74067.24,1776207663000
1776207664.678,64.678,0.51,0.52,0.48,0.49,0.01,0.01,74067.24,1776207663000
1776207665.529,65.529,0.51,0.52,0.48,0.49,0.01,0.01,74065.43,1776207664000
1776207666.14,66.14,0.51,0.52,0.48,0.49,0.01,0.01,74064.17,1776207665000
1776207666.625,66.625,0.51,0.52,0.48,0.49,0.01,0.01,74064.17,1776207665000
1776207667.102,67.102,0.5,0.51,0.48,0.5,0.01,0.02,74064.17,1776207665000
1776207667.685,67.685,0.5,0.51,0.49,0.5,0.01,0.01,74064.17,1776207665000
1776207668.076,68.076,0.5,0.51,0.49,0.5,0.01,0.01,74062.35,1776207666000
1776207668.419,68.419,0.5,0.51,0.49,0.5,0.01,0.01,74062.35,1776207666000
1776207668.828,68.828,0.5,0.51,0.49,0.5,0.01,0.01,74062.29,1776207667000
1776207669.18,69.18,0.5,0.51,0.49,0.5,0.01,0.01,74062.29,1776207667000
1776207669.574,69.574,0.5,0.51,0.49,0.5,0.01,0.01,74062.29,1776207667000
1776207669.911,69.911,0.5,0.51,0.49,0.5,0.01,0.01,74061.21,1776207668000
1776207670.259,70.259,0.5,0.51,0.49,0.5,0.01,0.01,74061.21,1776207668000
1776207670.656,70.656,0.49,0.5,0.5,0.51,0.01,0.01,74061.21,1776207668000
1776207671.158,71.158,0.49,0.5,0.5,0.51,0.01,0.01,74060.06,1776207669000
1776207671.531,71.531,0.49,0.5,0.5,0.51,0.01,0.01,74060.06,1776207669000
1776207672.456,72.456,0.49,0.51,0.5,0.51,0.02,0.01,74060.02,1776207670000
1776207672.824,72.824,0.53,0.54,0.45,0.47,0.01,0.02,74057.57,1776207671000
1776207673.174,73.174,0.53,0.54,0.46,0.47,0.01,0.01,74056.42,1776207672000
1776207673.518,73.518,0.53,0.54,0.46,0.47,0.01,0.01,74056.42,1776207672000
1776207674.066,74.066,0.51,0.52,0.47,0.49,0.01,0.02,74056.42,1776207672000
1776207674.489,74.489,0.5,0.51,0.48,0.49,0.01,0.01,74056.42,1776207672000
1776207675.04,75.04,0.5,0.51,0.49,0.5,0.01,0.01,74062.46,1776207673000
1776207675.794,75.794,0.49,0.51,0.49,0.5,0.02,0.01,74062.46,1776207674000
1776207676.713,76.713,0.49,0.5,0.5,0.51,0.01,0.01,74061.62,1776207675000
1776207677.22,77.22,0.48,0.5,0.5,0.51,0.02,0.01,74061.62,1776207675000
1776207677.57,77.57,0.46,0.47,0.52,0.54,0.01,0.02,74058.4,1776207676000
1776207678.098,78.098,0.43,0.46,0.53,0.55,0.03,0.02,74058.4,1776207676000
1776207678.47,78.47,0.37,0.42,0.58,0.63,0.05,0.05,74058.32,1776207677000
1776207678.813,78.813,0.36,0.39,0.61,0.63,0.03,0.02,74058.32,1776207677000
1776207679.169,79.169,0.36,0.38,0.62,0.63,0.02,0.01,74058.32,1776207677000
1776207679.539,79.539,0.36,0.37,0.63,0.65,0.01,0.02,74051.68,1776207678000
1776207679.874,79.874,0.36,0.37,0.63,0.64,0.01,0.01,74051.68,1776207678000
1776207680.255,80.255,0.36,0.37,0.63,0.64,0.01,0.01,74051.68,1776207678000
1776207680.685,80.685,0.36,0.37,0.63,0.64,0.01,0.01,74046.27,1776207679000
1776207681.113,81.113,0.36,0.37,0.63,0.65,0.01,0.02,74046.27,1776207679000
1776207681.535,81.535,0.36,0.37,0.63,0.64,0.01,0.01,74034.9,1776207680000
1776207681.95,81.95,0.35,0.36,0.64,0.65,0.01,0.01,74034.9,1776207680000
1776207682.294,82.294,0.35,0.36,0.64,0.65,0.01,0.01,74034.9,1776207680000
1776207682.662,82.662,0.35,0.36,0.64,0.65,0.01,0.01,74035.21,1776207681000
1776207683.007,83.007,0.35,0.36,0.64,0.65,0.01,0.01,74035.21,1776207681000
1776207683.505,83.505,0.35,0.36,0.64,0.65,0.01,0.01,74035.21,1776207681000
1776207683.952,83.952,0.35,0.36,0.64,0.65,0.01,0.01,74036.14,1776207682000
1776207684.36,84.36,0.35,0.36,0.64,0.65,0.01,0.01,74036.14,1776207683000
1776207684.793,84.793,0.35,0.36,0.64,0.65,0.01,0.01,74036.14,1776207683000
1776207685.172,85.172,0.4,0.41,0.59,0.6,0.01,0.01,74036.14,1776207684000
1776207685.551,85.551,0.46,0.49,0.51,0.55,0.03,0.04,74036.14,1776207684000
1776207685.927,85.927,0.48,0.5,0.5,0.52,0.02,0.02,74036.14,1776207684000
1776207686.268,86.268,0.48,0.49,0.51,0.52,0.01,0.01,74036.14,1776207684000
1776207686.744,86.744,0.48,0.49,0.51,0.52,0.01,0.01,74036.14,1776207684000
1776207687.122,87.122,0.48,0.49,0.51,0.52,0.01,0.01,74036.14,1776207684000
1776207687.479,87.479,0.48,0.49,0.51,0.52,0.01,0.01,74048.45,1776207685000
1776207687.986,87.986,0.48,0.49,0.51,0.52,0.01,0.01,74055.72,1776207686000
1776207688.333,88.333,0.48,0.49,0.51,0.52,0.01,0.01,74056.45,1776207687000
1776207688.678,88.678,0.48,0.49,0.51,0.52,0.01,0.01,74056.45,1776207687000
1776207689.086,89.086,0.48,0.49,0.51,0.52,0.01,0.01,74056.45,1776207687000
1776207689.428,89.428,0.48,0.49,0.51,0.52,0.01,0.01,74056.54,1776207688000
1776207689.925,89.925,0.48,0.49,0.51,0.52,0.01,0.01,74056.54,1776207688000
1776207690.368,90.368,0.51,0.52,0.48,0.49,0.01,0.01,74056.54,1776207689000
1776207690.721,90.721,0.51,0.52,0.48,0.49,0.01,0.01,74056.54,1776207689000
1776207691.147,91.147,0.52,0.53,0.47,0.48,0.01,0.01,74056.54,1776207689000
1776207691.494,91.494,0.52,0.53,0.47,0.48,0.01,0.01,74056.78,1776207690000
1776207691.959,91.959,0.52,0.53,0.47,0.48,0.01,0.01,74058.77,1776207691000
1776207692.48,92.48,0.52,0.53,0.47,0.48,0.01,0.01,74058.77,1776207691000
1776207693.059,93.059,0.52,0.53,0.47,0.48,0.01,0.01,74058.77,1776207691000
1776207693.654,93.654,0.54,0.55,0.46,0.48,0.01,0.02,74059.82,1776207692000
1776207694.023,94.023,0.54,0.55,0.45,0.46,0.01,0.01,74059.82,1776207692000
1776207694.625,94.625,0.54,0.55,0.45,0.46,0.01,0.01,74062.05,1776207693000
1776207695.075,95.075,0.54,0.55,0.45,0.46,0.01,0.01,74063.91,1776207694000
1776207695.488,95.488,0.55,0.56,0.44,0.46,0.01,0.02,74063.91,1776207694000
1776207695.854,95.854,0.55,0.56,0.44,0.45,0.01,0.01,74063.91,1776207694000
1776207696.247,96.247,0.55,0.56,0.44,0.45,0.01,0.01,74063.91,1776207694000
1776207696.732,96.732,0.55,0.56,0.44,0.45,0.01,0.01,74068.35,1776207695000
1776207697.204,97.204,0.55,0.56,0.44,0.45,0.01,0.01,74068.35,1776207695000
1776207697.995,97.995,0.55,0.56,0.44,0.45,0.01,0.01,74069.51,1776207696000
1776207698.508,98.508,0.55,0.56,0.44,0.45,0.01,0.01,74071.42,1776207697000
1776207698.866,98.866,0.55,0.56,0.44,0.45,0.01,0.01,74071.42,1776207697000
1776207699.224,99.224,0.55,0.56,0.44,0.45,0.01,0.01,74072.17,1776207698000
1776207699.824,99.824,0.55,0.56,0.44,0.45,0.01,0.01,74072.17,1776207698000
1776207700.165,100.165,0.55,0.56,0.44,0.45,0.01,0.01,74072.91,1776207699000
1776207700.798,100.798,0.55,0.56,0.44,0.45,0.01,0.01,74072.91,1776207699000
1776207701.283,101.283,0.55,0.56,0.44,0.45,0.01,0.01,74073.37,1776207700000
1776207701.738,101.738,0.55,0.56,0.44,0.45,0.01,0.01,74073.37,1776207700000
1776207702.271,102.271,0.55,0.57,0.43,0.45,0.02,0.02,74073.38,1776207701000
1776207702.804,102.804,0.56,0.57,0.43,0.45,0.01,0.02,74073.38,1776207701000
1776207703.345,103.345,0.56,0.57,0.43,0.44,0.01,0.01,74072.82,1776207702000
1776207703.878,103.878,0.56,0.57,0.43,0.44,0.01,0.01,74072.82,1776207702000
1776207704.262,104.262,0.56,0.57,0.43,0.44,0.01,0.01,74072.82,1776207702000
1776207704.798,104.798,0.57,0.58,0.42,0.43,0.01,0.01,74072.82,1776207703000
1776207705.25,105.25,0.57,0.58,0.42,0.43,0.01,0.01,74072.74,1776207704000
1776207705.878,105.878,0.6,0.61,0.39,0.4,0.01,0.01,74072.74,1776207704000
1776207706.287,106.287,0.6,0.61,0.39,0.4,0.01,0.01,74072.74,1776207704000
1776207706.955,106.955,0.61,0.62,0.39,0.4,0.01,0.01,74075.99,1776207705000
1776207707.343,107.343,0.61,0.62,0.38,0.39,0.01,0.01,74080.09,1776207706000
1776207707.984,107.984,0.62,0.63,0.38,0.39,0.01,0.01,74080.09,1776207706000
1776207708.372,108.372,0.63,0.64,0.36,0.37,0.01,0.01,74082.35,1776207707000
1776207709.193,109.193,0.63,0.64,0.36,0.37,0.01,0.01,74082.35,1776207707000
1776207709.623,109.623,0.63,0.64,0.36,0.37,0.01,0.01,74085.94,1776207708000
1776207710.225,110.225,0.63,0.64,0.36,0.37,0.01,0.01,74085.94,1776207708000
1776207710.881,110.881,0.63,0.64,0.36,0.37,0.01,0.01,74085.86,1776207710000
1776207711.582,111.582,0.63,0.65,0.36,0.37,0.02,0.01,74085.86,1776207710000
1776207711.982,111.982,0.64,0.65,0.35,0.36,0.01,0.01,74086.28,1776207711000
1776207712.416,112.416,0.64,0.65,0.35,0.36,0.01,0.01,74086.28,1776207711000
1776207713.059,113.059,0.64,0.65,0.35,0.36,0.01,0.01,74086.39,1776207712000
1776207713.415,113.415,0.64,0.65,0.35,0.36,0.01,0.01,74086.39,1776207712000
1776207714.06,114.06,0.65,0.66,0.35,0.36,0.01,0.01,74086.39,1776207712000
1776207715.077,115.077,0.65,0.66,0.34,0.35,0.01,0.01,74086.39,1776207713000
1776207715.441,115.441,0.65,0.66,0.34,0.35,0.01,0.01,74086.42,1776207714000
1776207715.777,115.777,0.66,0.67,0.33,0.34,0.01,0.01,74086.42,1776207714000
1776207716.582,116.582,0.66,0.67,0.33,0.34,0.01,0.01,74086.42,1776207715000
1776207716.933,116.933,0.66,0.67,0.33,0.34,0.01,0.01,74086.42,1776207715000
1776207717.348,117.348,0.67,0.68,0.33,0.34,0.01,0.01,74086.83,1776207716000
1776207717.786,117.786,0.67,0.68,0.32,0.33,0.01,0.01,74086.83,1776207716000
1776207718.234,118.234,0.67,0.68,0.32,0.33,0.01,0.01,74089.39,1776207717000
1776207719.052,119.052,0.67,0.68,0.32,0.33,0.01,0.01,74090.49,1776207718000
1776207719.43,119.43,0.67,0.68,0.32,0.33,0.01,0.01,74090.49,1776207718000
1776207720.054,120.054,0.67,0.68,0.32,0.33,0.01,0.01,74090.33,1776207719000
1776207720.805,120.805,0.67,0.68,0.32,0.33,0.01,0.01,74090.33,1776207719000
1776207721.144,121.144,0.62,0.64,0.36,0.38,0.02,0.02,74090.32,1776207720000
1776207721.531,121.531,0.62,0.63,0.36,0.38,0.01,0.02,74090.32,1776207720000
1776207722.065,122.065,0.61,0.62,0.38,0.39,0.01,0.01,74090.32,1776207720000
1776207722.634,122.634,0.59,0.6,0.4,0.41,0.01,0.01,74090.24,1776207721000
1776207722.999,122.999,0.58,0.59,0.41,0.42,0.01,0.01,74090.24,1776207721000
1776207723.345,123.345,0.58,0.59,0.41,0.42,0.01,0.01,74080.72,1776207722000
1776207723.706,123.706,0.56,0.58,0.42,0.44,0.02,0.02,74080.72,1776207722000
1776207724.04,124.04,0.55,0.57,0.43,0.44,0.02,0.01,74080.72,1776207722000
1776207724.452,124.452,0.55,0.56,0.43,0.45,0.01,0.02,74078.87,1776207723000
1776207725.058,125.058,0.55,0.56,0.44,0.45,0.01,0.01,74078.87,1776207723000
1776207725.609,125.609,0.55,0.56,0.44,0.45,0.01,0.01,74074.06,1776207724000
1776207725.944,125.944,0.55,0.56,0.44,0.45,0.01,0.01,74074.06,1776207724000
1776207726.289,126.289,0.54,0.55,0.45,0.46,0.01,0.01,74068.7,1776207725000
1776207726.643,126.643,0.53,0.54,0.46,0.47,0.01,0.01,74068.7,1776207725000
1776207727.139,127.139,0.53,0.54,0.46,0.47,0.01,0.01,74068.7,1776207725000
1776207727.474,127.474,0.53,0.54,0.46,0.47,0.01,0.01,74068.2,1776207726000
1776207727.827,127.827,0.53,0.54,0.46,0.47,0.01,0.01,74068.2,1776207726000
1776207728.193,128.193,0.53,0.54,0.46,0.47,0.01,0.01,74068.2,1776207726000
1776207728.551,128.551,0.52,0.53,0.46,0.48,0.01,0.02,74068.2,1776207726000
1776207728.894,128.894,0.51,0.52,0.47,0.49,0.01,0.02,74064.07,1776207727000
1776207729.29,129.29,0.51,0.52,0.48,0.49,0.01,0.01,74063.78,1776207728000
1776207729.788,129.788,0.49,0.5,0.49,0.51,0.01,0.02,74063.78,1776207728000
1776207730.167,130.167,0.49,0.5,0.5,0.51,0.01,0.01,74063.46,1776207729000
1776207730.507,130.507,0.48,0.5,0.5,0.51,0.02,0.01,74063.46,1776207729000
1776207730.911,130.911,0.48,0.49,0.51,0.52,0.01,0.01,74063.46,1776207729000
1776207731.581,131.581,0.48,0.49,0.51,0.52,0.01,0.01,74059.55,1776207730000
1776207731.962,131.962,0.47,0.49,0.51,0.52,0.02,0.01,74059.55,1776207730000
1776207732.359,132.359,0.47,0.48,0.52,0.53,0.01,0.01,74058.03,1776207731000
1776207733.1,133.1,0.47,0.48,0.52,0.53,0.01,0.01,74057.55,1776207732000
1776207733.927,133.927,0.46,0.47,0.52,0.54,0.01,0.02,74057.55,1776207732000
1776207734.291,134.291,0.46,0.47,0.53,0.54,0.01,0.01,74057.53,1776207733000
1776207734.678,134.678,0.46,0.47,0.53,0.54,0.01,0.01,74057.53,1776207733000
1776207735.056,135.056,0.46,0.47,0.53,0.54,0.01,0.01,74057.53,1776207733000
1776207735.428,135.428,0.46,0.47,0.53,0.54,0.01,0.01,74057.23,1776207734000
1776207735.769,135.769,0.46,0.47,0.53,0.54,0.01,0.01,74057.23,1776207734000
1776207736.226,136.226,0.46,0.47,0.53,0.54,0.01,0.01,74057.32,1776207735000
1776207736.826,136.826,0.46,0.47,0.53,0.54,0.01,0.01,74057.32,1776207735000
1776207737.36,137.36,0.46,0.47,0.53,0.54,0.01,0.01,74057.52,1776207736000
1776207737.844,137.844,0.46,0.47,0.53,0.54,0.01,0.01,74057.52,1776207736000
1776207738.244,138.244,0.46,0.47,0.53,0.54,0.01,0.01,74058.04,1776207737000
1776207738.87,138.87,0.46,0.47,0.53,0.54,0.01,0.01,74058.04,1776207737000
1776207739.322,139.322,0.46,0.47,0.53,0.54,0.01,0.01,74057.99,1776207738000
1776207739.704,139.704,0.46,0.47,0.53,0.54,0.01,0.01,74057.99,1776207738000
1776207740.059,140.059,0.46,0.47,0.53,0.54,0.01,0.01,74057.99,1776207739000
1776207740.471,140.471,0.46,0.47,0.53,0.54,0.01,0.01,74057.99,1776207739000
1776207740.893,140.893,0.46,0.48,0.53,0.54,0.02,0.01,74057.99,1776207739000
1776207741.327,141.327,0.51,0.52,0.48,0.51,0.01,0.03,74057.98,1776207740000
1776207741.798,141.798,0.51,0.52,0.47,0.49,0.01,0.02,74057.98,1776207740000
1776207742.284,142.284,0.51,0.52,0.48,0.49,0.01,0.01,74057.98,1776207741000
1776207743.761,143.761,0.52,0.53,0.47,0.48,0.01,0.01,74063.69,1776207742000
1776207744.177,144.177,0.53,0.54,0.46,0.48,0.01,0.02,74063.69,1776207742000
1776207744.606,144.606,0.53,0.55,0.46,0.47,0.02,0.01,74063.69,1776207743000
1776207744.99,144.99,0.54,0.55,0.45,0.47,0.01,0.02,74063.69,1776207743000
1776207745.408,145.408,0.55,0.57,0.43,0.46,0.02,0.03,74063.69,1776207743000
1776207745.76,145.76,0.59,0.6,0.42,0.43,0.01,0.01,74063.82,1776207744000
1776207746.161,146.161,0.59,0.6,0.4,0.41,0.01,0.01,74064.55,1776207745000
1776207746.565,146.565,0.59,0.6,0.4,0.41,0.01,0.01,74064.55,1776207745000
1776207747.07,147.07,0.59,0.6,0.4,0.41,0.01,0.01,74064.55,1776207745000
1776207747.719,147.719,0.59,0.6,0.4,0.41,0.01,0.01,74067.78,1776207746000
1776207748.306,148.306,0.59,0.6,0.4,0.41,0.01,0.01,74071.49,1776207747000
1776207748.741,148.741,0.59,0.6,0.4,0.41,0.01,0.01,74071.49,1776207747000
1776207749.131,149.131,0.59,0.6,0.4,0.41,0.01,0.01,74071.49,1776207747000
1776207749.483,149.483,0.59,0.6,0.4,0.41,0.01,0.01,74071.89,1776207748000
1776207749.937,149.937,0.59,0.6,0.4,0.41,0.01,0.01,74072.05,1776207749000
1776207750.359,150.359,0.6,0.61,0.4,0.41,0.01,0.01,74072.05,1776207749000
1776207751.029,151.029,0.6,0.61,0.39,0.4,0.01,0.01,74072.48,1776207750000
1776207751.433,151.433,0.62,0.64,0.37,0.4,0.02,0.03,74072.48,1776207750000
1776207751.821,151.821,0.63,0.65,0.36,0.37,0.02,0.01,74072.48,1776207750000
1776207752.161,152.161,0.63,0.65,0.36,0.37,0.02,0.01,74072.48,1776207750000
1776207752.712,152.712,0.63,0.64,0.36,0.37,0.01,0.01,74073.56,1776207751000
1776207753.121,153.121,0.63,0.64,0.36,0.37,0.01,0.01,74073.56,1776207751000
1776207753.459,153.459,0.63,0.65,0.36,0.37,0.02,0.01,74079.91,1776207752000
1776207754.054,154.054,0.64,0.65,0.35,0.36,0.01,0.01,74081.49,1776207753000
1776207754.542,154.542,0.66,0.67,0.33,0.36,0.01,0.03,74081.49,1776207753000
1776207754.897,154.897,0.66,0.67,0.33,0.34,0.01,0.01,74081.49,1776207753000
1776207755.265,155.265,0.66,0.68,0.33,0.34,0.02,0.01,74082.86,1776207754000
1776207755.632,155.632,0.67,0.68,0.32,0.33,0.01,0.01,74082.86,1776207754000
1776207756.088,156.088,0.69,0.7,0.3,0.32,0.01,0.02,74082.86,1776207754000
1776207756.705,156.705,0.74,0.75,0.27,0.29,0.01,0.02,74084.93,1776207755000
1776207757.091,157.091,0.74,0.75,0.25,0.26,0.01,0.01,74084.93,1776207755000
1776207757.473,157.473,0.74,0.75,0.25,0.26,0.01,0.01,74090.52,1776207756000
1776207757.812,157.812,0.74,0.75,0.25,0.26,0.01,0.01,74090.52,1776207756000
1776207758.26,158.26,0.75,0.76,0.24,0.26,0.01,0.02,74092.82,1776207757000
1776207758.626,158.626,0.75,0.77,0.23,0.25,0.02,0.02,74092.82,1776207757000
1776207759.057,159.057,0.76,0.77,0.23,0.24,0.01,0.01,74094.12,1776207758000
1776207759.39,159.39,0.76,0.77,0.23,0.24,0.01,0.01,74094.12,1776207758000
1776207759.747,159.747,0.76,0.77,0.23,0.24,0.01,0.01,74094.12,1776207758000
1776207760.094,160.094,0.76,0.77,0.23,0.24,0.01,0.01,74097.07,1776207759000
1776207760.479,160.479,0.76,0.77,0.23,0.24,0.01,0.01,74097.07,1776207759000
1776207761.102,161.102,0.76,0.77,0.23,0.24,0.01,0.01,74099.72,1776207760000
1776207761.502,161.502,0.77,0.78,0.22,0.24,0.01,0.02,74099.72,1776207760000
1776207761.963,161.963,0.77,0.78,0.22,0.23,0.01,0.01,74099.72,1776207760000
1776207762.304,162.304,0.77,0.78,0.22,0.23,0.01,0.01,74099.77,1776207761000
1776207762.768,162.768,0.79,0.8,0.2,0.22,0.01,0.02,74099.77,1776207761000
1776207763.177,163.177,0.79,0.81,0.19,0.21,0.02,0.02,74102.62,1776207762000
1776207763.532,163.532,0.81,0.82,0.19,0.2,0.01,0.01,74102.62,1776207762000
1776207763.881,163.881,0.81,0.82,0.18,0.19,0.01,0.01,74102.62,1776207762000
1776207764.368,164.368,0.81,0.82,0.18,0.19,0.01,0.01,74106.65,1776207763000
1776207764.702,164.702,0.81,0.82,0.18,0.19,0.01,0.01,74106.65,1776207763000
1776207765.062,165.062,0.81,0.82,0.18,0.19,0.01,0.01,74106.65,1776207763000
1776207765.406,165.406,0.8,0.81,0.19,0.2,0.01,0.01,74107.53,1776207764000
1776207765.746,165.746,0.8,0.81,0.19,0.2,0.01,0.01,74107.53,1776207764000
1776207766.106,166.106,0.8,0.81,0.19,0.2,0.01,0.01,74107.53,1776207764000
1776207766.471,166.471,0.8,0.81,0.19,0.2,0.01,0.01,74108.23,1776207765000
1776207766.878,166.878,0.82,0.83,0.19,0.2,0.01,0.01,74108.23,1776207765000
1776207767.229,167.229,0.83,0.84,0.15,0.17,0.01,0.02,74108.23,1776207765000
1776207767.583,167.583,0.83,0.85,0.16,0.17,0.02,0.01,74107.15,1776207766000
1776207767.963,167.963,0.84,0.85,0.15,0.16,0.01,0.01,74107.15,1776207766000
1776207768.485,168.485,0.84,0.85,0.15,0.16,0.01,0.01,74106.03,1776207767000
1776207769.07,169.07,0.84,0.85,0.15,0.16,0.01,0.01,74106.03,1776207767000
1776207769.455,169.455,0.84,0.85,0.15,0.16,0.01,0.01,74110.79,1776207768000
1776207769.796,169.796,0.84,0.85,0.15,0.16,0.01,0.01,74110.79,1776207768000
1776207770.19,170.19,0.84,0.85,0.15,0.16,0.01,0.01,74111.44,1776207769000
1776207770.532,170.532,0.84,0.85,0.15,0.16,0.01,0.01,74111.44,1776207769000
1776207770.908,170.908,0.84,0.85,0.15,0.16,0.01,0.01,74111.44,1776207769000
1776207771.254,171.254,0.84,0.85,0.15,0.16,0.01,0.01,74111.44,1776207769000
1776207771.622,171.622,0.84,0.85,0.15,0.16,0.01,0.01,74112.26,1776207770000
1776207771.966,171.966,0.84,0.85,0.15,0.16,0.01,0.01,74112.26,1776207770000
1776207772.303,172.303,0.84,0.85,0.15,0.16,0.01,0.01,74112.26,1776207770000
1776207772.657,172.657,0.84,0.85,0.15,0.16,0.01,0.01,74111.53,1776207771000
1776207773.033,173.033,0.84,0.85,0.15,0.16,0.01,0.01,74111.53,1776207771000
1776207773.368,173.368,0.83,0.84,0.16,0.17,0.01,0.01,74110.85,1776207772000
1776207773.702,173.702,0.83,0.84,0.16,0.17,0.01,0.01,74110.85,1776207772000
1776207774.201,174.201,0.83,0.84,0.16,0.17,0.01,0.01,74110.85,1776207772000
1776207774.715,174.715,0.83,0.84,0.16,0.17,0.01,0.01,74110.16,1776207773000
1776207775.17,175.17,0.83,0.84,0.16,0.17,0.01,0.01,74109.76,1776207774000
1776207775.653,175.653,0.83,0.84,0.16,0.17,0.01,0.01,74109.76,1776207774000
1776207776.068,176.068,0.83,0.84,0.16,0.17,0.01,0.01,74109.76,1776207774000
1776207776.615,176.615,0.83,0.84,0.16,0.17,0.01,0.01,74109.76,1776207775000
1776207777.107,177.107,0.83,0.84,0.16,0.17,0.01,0.01,74109.76,1776207775000
1776207777.807,177.807,0.83,0.84,0.16,0.17,0.01,0.01,74110.7,1776207776000
1776207778.318,178.318,0.83,0.84,0.16,0.17,0.01,0.01,74110.7,1776207776000
1776207778.89,178.89,0.83,0.84,0.16,0.17,0.01,0.01,74111.19,1776207777000
1776207779.241,179.241,0.83,0.84,0.16,0.17,0.01,0.01,74111.19,1776207777000
1776207780.068,180.068,0.83,0.84,0.16,0.17,0.01,0.01,74111.19,1776207778000
1776207780.591,180.591,0.83,0.84,0.16,0.17,0.01,0.01,74111.19,1776207778000
1776207781.015,181.015,0.84,0.85,0.15,0.16,0.01,0.01,74111.19,1776207779000
1776207781.475,181.475,0.84,0.85,0.15,0.16,0.01,0.01,74111.19,1776207779000
1776207781.871,181.871,0.84,0.85,0.15,0.16,0.01,0.01,74111.21,1776207780000
1776207782.212,182.212,0.84,0.85,0.15,0.16,0.01,0.01,74111.22,1776207781000
1776207782.638,182.638,0.84,0.85,0.15,0.16,0.01,0.01,74111.22,1776207781000
1776207783.001,183.001,0.84,0.85,0.15,0.16,0.01,0.01,74111.22,1776207781000
1776207783.455,183.455,0.84,0.85,0.15,0.16,0.01,0.01,74111.22,1776207781000
1776207783.853,183.853,0.84,0.85,0.15,0.16,0.01,0.01,74111.22,1776207782000
1776207784.509,184.509,0.84,0.85,0.15,0.16,0.01,0.01,74111.22,1776207782000
1776207785.334,185.334,0.84,0.85,0.15,0.16,0.01,0.01,74111.22,1776207783000
1776207785.74,185.74,0.84,0.85,0.15,0.16,0.01,0.01,74111.09,1776207784000
1776207786.452,186.452,0.84,0.85,0.15,0.16,0.01,0.01,74111.09,1776207785000
1776207786.884,186.884,0.84,0.85,0.15,0.16,0.01,0.01,74111.09,1776207785000
1776207787.22,187.22,0.84,0.85,0.15,0.16,0.01,0.01,74111.09,1776207786000
1776207787.702,187.702,0.84,0.85,0.15,0.16,0.01,0.01,74111.09,1776207786000
1776207788.206,188.206,0.83,0.84,0.16,0.17,0.01,0.01,74111.09,1776207786000
1776207788.642,188.642,0.83,0.84,0.16,0.17,0.01,0.01,74111.09,1776207786000
1776207788.977,188.977,0.83,0.84,0.16,0.17,0.01,0.01,74109.99,1776207787000
1776207789.37,189.37,0.83,0.84,0.16,0.17,0.01,0.01,74109.99,1776207787000
1776207789.709,189.709,0.83,0.84,0.16,0.17,0.01,0.01,74107.49,1776207788000
1776207790.049,190.049,0.82,0.83,0.16,0.18,0.01,0.02,74107.49,1776207788000
1776207790.385,190.385,0.82,0.83,0.17,0.18,0.01,0.01,74107.49,1776207788000
1776207790.836,190.836,0.82,0.83,0.17,0.18,0.01,0.01,74106.14,1776207789000
1776207791.219,191.219,0.82,0.83,0.17,0.18,0.01,0.01,74106.15,1776207790000
1776207791.846,191.846,0.82,0.83,0.17,0.18,0.01,0.01,74106.15,1776207790000
1776207792.89,192.89,0.82,0.83,0.17,0.18,0.01,0.01,74104.42,1776207791000
1776207793.402,193.402,0.82,0.83,0.17,0.18,0.01,0.01,74103.23,1776207792000
1776207793.845,193.845,0.82,0.84,0.16,0.18,0.02,0.02,74103.23,1776207792000
1776207794.188,194.188,0.82,0.85,0.15,0.18,0.03,0.03,74112.18,1776207793000
1776207794.686,194.686,0.82,0.85,0.15,0.18,0.03,0.03,74112.18,1776207793000
1776207795.108,195.108,0.83,0.85,0.15,0.17,0.02,0.02,74112.18,1776207793000
1776207795.532,195.532,0.84,0.85,0.15,0.16,0.01,0.01,74115.89,1776207794000
1776207795.883,195.883,0.83,0.84,0.16,0.17,0.01,0.01,74115.89,1776207794000
1776207796.225,196.225,0.84,0.85,0.15,0.16,0.01,0.01,74115.89,1776207794000
1776207796.558,196.558,0.83,0.85,0.15,0.17,0.02,0.02,74116.18,1776207795000
1776207796.905,196.905,0.83,0.84,0.16,0.17,0.01,0.01,74116.29,1776207796000
1776207797.322,197.322,0.83,0.84,0.15,0.17,0.01,0.02,74116.29,1776207796000
1776207797.668,197.668,0.84,0.85,0.15,0.16,0.01,0.01,74116.29,1776207796000
1776207798.149,198.149,0.84,0.85,0.15,0.16,0.01,0.01,74114.53,1776207797000
1776207798.65,198.65,0.84,0.85,0.15,0.16,0.01,0.01,74114.53,1776207797000
1776207799.021,199.021,0.87,0.88,0.12,0.13,0.01,0.01,74114.53,1776207797000
1776207799.987,199.987,0.87,0.88,0.12,0.13,0.01,0.01,74115.12,1776207798000
1776207800.328,200.328,0.87,0.88,0.12,0.13,0.01,0.01,74120.97,1776207799000
1776207800.67,200.67,0.87,0.89,0.11,0.13,0.02,0.02,74120.97,1776207799000
1776207801.023,201.023,0.88,0.89,0.11,0.12,0.01,0.01,74120.97,1776207799000
1776207801.546,201.546,0.88,0.89,0.11,0.12,0.01,0.01,74126.17,1776207800000
1776207801.889,201.889,0.88,0.89,0.1,0.12,0.01,0.02,74126.17,1776207800000
1776207802.439,202.439,0.88,0.9,0.11,0.12,0.02,0.01,74128.91,1776207801000
1776207802.787,202.787,0.89,0.9,0.1,0.11,0.01,0.01,74128.91,1776207801000
1776207803.163,203.163,0.89,0.9,0.1,0.11,0.01,0.01,74128.91,1776207801000
1776207803.5,203.5,0.89,0.9,0.1,0.11,0.01,0.01,74128.91,1776207801000
1776207803.845,203.845,0.9,0.91,0.09,0.1,0.01,0.01,74129.13,1776207802000
1776207804.215,204.215,0.9,0.91,0.09,0.1,0.01,0.01,74129.13,1776207803000
1776207804.555,204.555,0.9,0.91,0.09,0.1,0.01,0.01,74129.13,1776207803000
1776207804.95,204.95,0.9,0.91,0.09,0.1,0.01,0.01,74129.13,1776207803000
1776207805.362,205.362,0.9,0.91,0.09,0.1,0.01,0.01,74129.13,1776207803000
1776207806.061,206.061,0.91,0.92,0.08,0.09,0.01,0.01,74128.11,1776207805000
1776207806.902,206.902,0.91,0.92,0.08,0.09,0.01,0.01,74128.11,1776207805000
1776207807.372,207.372,0.91,0.92,0.08,0.09,0.01,0.01,74128.14,1776207806000
1776207807.816,207.816,0.91,0.92,0.08,0.09,0.01,0.01,74128.14,1776207806000
1776207808.294,208.294,0.91,0.92,0.08,0.09,0.01,0.01,74128.14,1776207806000
1776207808.642,208.642,0.91,0.92,0.08,0.09,0.01,0.01,74132.74,1776207807000
1776207809.001,209.001,0.92,0.93,0.07,0.08,0.01,0.01,74134.07,1776207808000
1776207809.356,209.356,0.92,0.93,0.07,0.08,0.01,0.01,74134.07,1776207808000
1776207809.752,209.752,0.92,0.93,0.07,0.08,0.01,0.01,74134.07,1776207808000
1776207810.134,210.134,0.92,0.93,0.07,0.08,0.01,0.01,74136.98,1776207809000
1776207810.499,210.499,0.92,0.93,0.07,0.08,0.01,0.01,74136.98,1776207809000
1776207810.904,210.904,0.92,0.93,0.07,0.08,0.01,0.01,74136.98,1776207809000
1776207811.256,211.256,0.93,0.94,0.06,0.07,0.01,0.01,74136.98,1776207809000
1776207812.122,212.122,0.93,0.94,0.06,0.07,0.01,0.01,74137.92,1776207810000
1776207812.471,212.471,0.93,0.94,0.06,0.07,0.01,0.01,74139.01,1776207811000
1776207813.395,213.395,0.94,0.95,0.05,0.06,0.01,0.01,74141.63,1776207812000
1776207813.751,213.751,0.94,0.95,0.05,0.06,0.01,0.01,74141.63,1776207812000
1776207814.103,214.103,0.94,0.95,0.05,0.06,0.01,0.01,74142.94,1776207813000
1776207814.522,214.522,0.94,0.95,0.05,0.06,0.01,0.01,74142.94,1776207813000
1776207814.999,214.999,0.94,0.95,0.05,0.06,0.01,0.01,74142.94,1776207813000
1776207815.667,215.667,0.94,0.95,0.05,0.06,0.01,0.01,74143.43,1776207814000
1776207816.007,216.007,0.94,0.95,0.05,0.06,0.01,0.01,74143.43,1776207814000
1776207816.354,216.354,0.95,0.96,0.04,0.05,0.01,0.01,74143.41,1776207815000
1776207816.779,216.779,0.95,0.96,0.04,0.05,0.01,0.01,74143.41,1776207815000
1776207817.142,217.142,0.95,0.96,0.04,0.05,0.01,0.01,74143.41,1776207815000
1776207817.58,217.58,0.95,0.96,0.04,0.05,0.01,0.01,74143.41,1776207816000
1776207817.921,217.921,0.95,0.96,0.04,0.05,0.01,0.01,74143.41,1776207816000
1776207818.455,218.455,0.95,0.96,0.04,0.05,0.01,0.01,74143.41,1776207816000
1776207818.927,218.927,0.95,0.96,0.04,0.05,0.01,0.01,74143.41,1776207817000
1776207819.539,219.539,0.95,0.96,0.04,0.05,0.01,0.01,74143.43,1776207818000
1776207819.958,219.958,0.95,0.96,0.04,0.05,0.01,0.01,74143.5,1776207819000
1776207820.307,220.307,0.95,0.96,0.04,0.05,0.01,0.01,74143.5,1776207819000
1776207820.657,220.657,0.95,0.96,0.04,0.05,0.01,0.01,74143.5,1776207819000
1776207821.099,221.099,0.95,0.96,0.04,0.05,0.01,0.01,74143.5,1776207819000
1776207822.032,222.032,0.95,0.96,0.04,0.05,0.01,0.01,74143.9,1776207820000
1776207822.382,222.382,0.95,0.96,0.04,0.05,0.01,0.01,74144.55,1776207821000
1776207822.806,222.806,0.95,0.96,0.04,0.05,0.01,0.01,74144.55,1776207821000
1776207823.222,223.222,0.95,0.96,0.04,0.05,0.01,0.01,74142.18,1776207822000
1776207823.716,223.716,0.95,0.96,0.04,0.05,0.01,0.01,74142.18,1776207822000
1776207824.066,224.066,0.95,0.96,0.04,0.05,0.01,0.01,74141.25,1776207823000
1776207824.717,224.717,0.95,0.96,0.04,0.05,0.01,0.01,74141.25,1776207823000
1776207825.158,225.158,0.95,0.96,0.04,0.05,0.01,0.01,74141.25,1776207823000
1776207825.561,225.561,0.95,0.96,0.04,0.05,0.01,0.01,74137.55,1776207824000
1776207825.968,225.968,0.95,0.96,0.04,0.05,0.01,0.01,74137.55,1776207824000
1776207826.597,226.597,0.95,0.96,0.04,0.05,0.01,0.01,74135.5,1776207825000
1776207827.127,227.127,0.95,0.96,0.04,0.05,0.01,0.01,74135.5,1776207825000
1776207827.533,227.533,0.95,0.96,0.04,0.05,0.01,0.01,74133.4,1776207826000
1776207828.195,228.195,0.95,0.96,0.04,0.05,0.01,0.01,74134.31,1776207827000
1776207828.936,228.936,0.95,0.96,0.04,0.05,0.01,0.01,74134.31,1776207827000
1776207829.285,229.285,0.95,0.96,0.04,0.05,0.01,0.01,74134.31,1776207827000
1776207829.795,229.795,0.95,0.96,0.04,0.05,0.01,0.01,74134.72,1776207828000
1776207830.162,230.162,0.95,0.96,0.04,0.05,0.01,0.01,74134.44,1776207829000
1776207830.548,230.548,0.95,0.96,0.04,0.05,0.01,0.01,74134.44,1776207829000
1776207830.949,230.949,0.95,0.96,0.04,0.05,0.01,0.01,74134.44,1776207829000
1776207831.352,231.352,0.95,0.96,0.04,0.05,0.01,0.01,74133.83,1776207830000
1776207831.898,231.898,0.95,0.97,0.04,0.05,0.02,0.01,74133.83,1776207830000
1776207832.259,232.259,0.96,0.97,0.03,0.04,0.01,0.01,74133.7,1776207831000
1776207832.909,232.909,0.96,0.97,0.03,0.04,0.01,0.01,74133.7,1776207831000
1776207833.319,233.319,0.96,0.97,0.03,0.04,0.01,0.01,74133.11,1776207832000
1776207833.662,233.662,0.96,0.97,0.03,0.04,0.01,0.01,74133.11,1776207832000
1776207834.89,234.89,0.96,0.97,0.03,0.04,0.01,0.01,74132.7,1776207833000
1776207835.324,235.324,0.96,0.97,0.03,0.04,0.01,0.01,74132.7,1776207833000
1776207835.858,235.858,0.95,0.96,0.04,0.05,0.01,0.01,74131.89,1776207834000
1776207836.351,236.351,0.95,0.96,0.04,0.05,0.01,0.01,74131.54,1776207835000
1776207836.689,236.689,0.95,0.96,0.04,0.05,0.01,0.01,74131.54,1776207835000
1776207837.041,237.041,0.95,0.96,0.04,0.05,0.01,0.01,74131.54,1776207835000
1776207837.538,237.538,0.95,0.96,0.04,0.05,0.01,0.01,74129.29,1776207836000
1776207837.905,237.905,0.95,0.96,0.04,0.05,0.01,0.01,74129.29,1776207836000
1776207838.381,238.381,0.95,0.96,0.04,0.05,0.01,0.01,74123.67,1776207837000
1776207838.774,238.774,0.95,0.96,0.04,0.05,0.01,0.01,74123.67,1776207837000
1776207839.235,239.235,0.95,0.96,0.04,0.05,0.01,0.01,74123.16,1776207838000
1776207839.719,239.719,0.95,0.96,0.04,0.05,0.01,0.01,74123.16,1776207838000
1776207840.221,240.221,0.95,0.96,0.04,0.05,0.01,0.01,74123.16,1776207838000
1776207840.837,240.837,0.95,0.96,0.04,0.05,0.01,0.01,74123.16,1776207839000
1776207841.421,241.421,0.95,0.97,0.03,0.05,0.02,0.02,74123.16,1776207840000
1776207841.794,241.794,0.96,0.97,0.03,0.04,0.01,0.01,74123.16,1776207840000
1776207842.218,242.218,0.96,0.97,0.03,0.04,0.01,0.01,74123.16,1776207840000
1776207842.571,242.571,0.96,0.97,0.03,0.04,0.01,0.01,74123.16,1776207840000
1776207842.924,242.924,0.96,0.97,0.03,0.04,0.01,0.01,74123.16,1776207840000
1776207843.405,243.405,0.96,0.97,0.03,0.04,0.01,0.01,74124.77,1776207842000
1776207843.81,243.81,0.96,0.97,0.03,0.04,0.01,0.01,74124.77,1776207842000
1776207844.372,244.372,0.96,0.97,0.03,0.04,0.01,0.01,74127.14,1776207843000
1776207844.838,244.838,0.96,0.97,0.03,0.04,0.01,0.01,74127.14,1776207843000
1776207845.249,245.249,0.96,0.97,0.03,0.04,0.01,0.01,74127.14,1776207844000
1776207845.619,245.619,0.97,0.98,0.02,0.03,0.01,0.01,74127.14,1776207844000
1776207845.99,245.99,0.97,0.98,0.02,0.03,0.01,0.01,74127.12,1776207845000
1776207846.395,246.395,0.97,0.98,0.02,0.03,0.01,0.01,74127.12,1776207845000
1776207847.043,247.043,0.97,0.98,0.02,0.03,0.01,0.01,74127.03,1776207846000
1776207847.409,247.409,0.97,0.98,0.02,0.03,0.01,0.01,74127.03,1776207846000
1776207847.757,247.757,0.97,0.98,0.02,0.03,0.01,0.01,74127.03,1776207846000
1776207848.227,248.227,0.97,0.98,0.02,0.03,0.01,0.01,74126.94,1776207847000
1776207848.686,248.686,0.97,0.98,0.02,0.03,0.01,0.01,74126.94,1776207847000
1776207849.035,249.035,0.97,0.98,0.02,0.03,0.01,0.01,74126.94,1776207847000
1776207849.502,249.502,0.97,0.98,0.02,0.03,0.01,0.01,74126.94,1776207847000
1776207850.242,250.242,0.97,0.98,0.02,0.03,0.01,0.01,74127.07,1776207848000
1776207851.092,251.092,0.97,0.98,0.02,0.03,0.01,0.01,74126.97,1776207849000
1776207851.43,251.43,0.97,0.98,0.02,0.03,0.01,0.01,74126.97,1776207849000
1776207851.891,251.891,0.97,0.98,0.02,0.03,0.01,0.01,74126.97,1776207849000
1776207852.593,252.593,0.97,0.98,0.02,0.03,0.01,0.01,74126.93,1776207851000
1776207852.945,252.945,0.97,0.98,0.02,0.03,0.01,0.01,74126.93,1776207851000
1776207853.339,253.339,0.97,0.98,0.02,0.03,0.01,0.01,74126.93,1776207851000
1776207853.768,253.768,0.97,0.98,0.02,0.03,0.01,0.01,74126.96,1776207852000
1776207854.136,254.136,0.97,0.98,0.02,0.03,0.01,0.01,74126.96,1776207852000
1776207854.591,254.591,0.97,0.98,0.02,0.03,0.01,0.01,74126.97,1776207853000
1776207854.959,254.959,0.97,0.98,0.02,0.03,0.01,0.01,74126.97,1776207853000
1776207855.309,255.309,0.97,0.98,0.02,0.03,0.01,0.01,74126.97,1776207853000
1776207855.689,255.689,0.97,0.98,0.02,0.03,0.01,0.01,74126.97,1776207854000
1776207856.174,256.174,0.97,0.98,0.02,0.03,0.01,0.01,74126.97,1776207854000
1776207856.538,256.538,0.96,0.97,0.03,0.04,0.01,0.01,74126.97,1776207854000
1776207856.922,256.922,0.96,0.97,0.03,0.04,0.01,0.01,74126.97,1776207855000
1776207857.268,257.268,0.96,0.97,0.03,0.04,0.01,0.01,74127.04,1776207856000
1776207857.62,257.62,0.96,0.97,0.03,0.04,0.01,0.01,74127.04,1776207856000
1776207858.283,258.283,0.96,0.97,0.03,0.04,0.01,0.01,74127.04,1776207856000
1776207858.621,258.621,0.96,0.97,0.03,0.04,0.01,0.01,74123.45,1776207857000
1776207859.067,259.067,0.96,0.97,0.03,0.04,0.01,0.01,74120.17,1776207858000
1776207859.49,259.49,0.96,0.97,0.03,0.04,0.01,0.01,74120.17,1776207858000
1776207859.923,259.923,0.96,0.97,0.03,0.04,0.01,0.01,74120.17,1776207858000
1776207860.386,260.386,0.96,0.97,0.03,0.04,0.01,0.01,74119.12,1776207859000
1776207860.719,260.719,0.96,0.97,0.03,0.04,0.01,0.01,74119.12,1776207859000
1776207861.206,261.206,0.96,0.97,0.03,0.04,0.01,0.01,74119.08,1776207860000
1776207861.646,261.646,0.96,0.98,0.03,0.04,0.02,0.01,74119.08,1776207860000
1776207862.234,262.234,0.96,0.98,0.03,0.04,0.02,0.01,74119.08,1776207860000
1776207862.817,262.817,0.96,0.97,0.03,0.04,0.01,0.01,74118.45,1776207861000
1776207863.292,263.292,0.96,0.97,0.03,0.04,0.01,0.01,74118.45,1776207861000
1776207863.63,263.63,0.96,0.97,0.03,0.05,0.01,0.02,74118.45,1776207861000
1776207863.969,263.969,0.96,0.97,0.03,0.04,0.01,0.01,74118.21,1776207862000
1776207864.675,264.675,0.97,0.98,0.03,0.04,0.01,0.01,74118.02,1776207863000
1776207865.216,265.216,0.97,0.98,0.02,0.03,0.01,0.01,74118.02,1776207863000
1776207866.055,266.055,0.97,0.98,0.02,0.03,0.01,0.01,74116.53,1776207864000
1776207866.399,266.399,0.98,0.99,0.01,0.02,0.01,0.01,74117.4,1776207865000
1776207866.732,266.732,0.98,0.99,0.01,0.02,0.01,0.01,74117.4,1776207865000
1776207867.078,267.078,0.98,0.99,0.01,0.02,0.01,0.01,74117.58,1776207866000
1776207867.438,267.438,0.98,0.99,0.01,0.02,0.01,0.01,74117.58,1776207866000
1776207867.871,267.871,0.98,0.99,0.01,0.02,0.01,0.01,74120.7,1776207867000
1776207868.259,268.259,0.98,0.99,0.01,0.02,0.01,0.01,74120.7,1776207867000
1776207868.619,268.619,0.98,0.99,0.01,0.02,0.01,0.01,74120.7,1776207867000
1776207869.012,269.012,0.98,0.99,0.01,0.02,0.01,0.01,74129.32,1776207868000
1776207869.355,269.355,0.98,0.99,0.01,0.02,0.01,0.01,74129.32,1776207868000
1776207869.773,269.773,0.98,0.99,0.01,0.02,0.01,0.01,74129.32,1776207868000
1776207870.263,270.263,0.98,0.99,0.01,0.02,0.01,0.01,74129.32,1776207868000
1776207870.601,270.601,0.98,0.99,0.01,0.02,0.01,0.01,74131.52,1776207869000
1776207870.957,270.957,0.98,0.99,0.01,0.02,0.01,0.01,74131.52,1776207869000
1776207871.345,271.345,0.98,0.99,0.01,0.02,0.01,0.01,74131.52,1776207869000
1776207871.818,271.818,0.98,0.99,0.01,0.02,0.01,0.01,74132.19,1776207870000
1776207872.221,272.221,0.98,0.99,0.01,0.02,0.01,0.01,74132.19,1776207870000
1776207872.591,272.591,0.98,0.99,0.01,0.02,0.01,0.01,74132.19,1776207870000
1776207873.093,273.093,0.98,0.99,0.01,0.02,0.01,0.01,74132.86,1776207871000
1776207873.475,273.475,0.98,0.99,0.01,0.02,0.01,0.01,74132.52,1776207872000
1776207873.873,273.873,0.98,0.99,0.01,0.02,0.01,0.01,74132.52,1776207872000
1776207874.304,274.304,0.98,0.99,0.01,0.02,0.01,0.01,74132.52,1776207872000
1776207874.67,274.67,0.98,0.99,0.01,0.02,0.01,0.01,74131.95,1776207873000
1776207875.024,275.024,0.98,0.99,0.01,0.02,0.01,0.01,74131.95,1776207874000
1776207875.481,275.481,0.98,0.99,0.01,0.02,0.01,0.01,74131.95,1776207874000
1776207875.858,275.858,0.98,0.99,0.01,0.02,0.01,0.01,74131.95,1776207874000
1776207876.242,276.242,0.98,0.99,0.01,0.02,0.01,0.01,74131.35,1776207875000
1776207876.592,276.592,0.98,0.99,0.01,0.02,0.01,0.01,74131.35,1776207875000
1776207876.963,276.963,0.98,0.99,0.01,0.02,0.01,0.01,74131.35,1776207875000
1776207877.331,277.331,0.99,0.99,0.01,0.01,0.0,0.0,74131.35,1776207875000
1776207877.759,277.759,0.99,0.99,0.01,0.01,0.0,0.0,74131.38,1776207876000
1776207878.098,278.098,0.99,0.99,0.01,0.01,0.0,0.0,74131.38,1776207876000
1776207878.563,278.563,0.99,0.99,0.01,0.01,0.0,0.0,74131.92,1776207877000
1776207879.051,279.051,0.99,0.99,0.01,0.01,0.0,0.0,74131.92,1776207878000
1776207879.62,279.62,0.99,0.99,0.01,0.01,0.0,0.0,74131.92,1776207878000
1776207880.284,280.284,0.99,0.99,0.01,0.01,0.0,0.0,74131.92,1776207878000
1776207880.626,280.626,0.99,0.99,0.01,0.01,0.0,0.0,74131.81,1776207879000
1776207880.968,280.968,0.99,0.99,0.01,0.01,0.0,0.0,74131.81,1776207879000
1776207881.633,281.633,0.99,0.99,0.01,0.01,0.0,0.0,74131.81,1776207880000
1776207881.976,281.976,0.99,0.99,0.01,0.01,0.0,0.0,74131.81,1776207880000
1776207883.227,283.227,0.99,0.99,0.01,0.01,0.0,0.0,74131.61,1776207882000
1776207883.843,283.843,0.99,0.99,0.01,0.01,0.0,0.0,74131.61,1776207882000
1776207884.241,284.241,0.99,0.99,0.01,0.01,0.0,0.0,74131.61,1776207882000
1776207885.393,285.393,0.99,0.99,0.01,0.01,0.0,0.0,74131.61,1776207883000
1776207886.274,286.274,0.99,0.99,0.01,0.01,0.0,0.0,74130.84,1776207884000
1776207886.729,286.729,0.99,0.99,0.01,0.01,0.0,0.0,74130.67,1776207885000
1776207887.089,287.089,0.99,0.99,0.01,0.01,0.0,0.0,74130.99,1776207886000
1776207888.087,288.087,0.99,0.99,0.01,0.01,0.0,0.0,74131.04,1776207887000
1776207889.192,289.192,0.99,0.99,0.01,0.01,0.0,0.0,74131.04,1776207888000
1776207889.71,289.71,0.99,0.99,0.01,0.01,0.0,0.0,74131.04,1776207888000
1776207890.338,290.338,0.99,0.99,0.01,0.01,0.0,0.0,74129.46,1776207889000
1776207891.308,291.308,0.99,0.99,0.01,0.01,0.0,0.0,74130.21,1776207890000
1776207892.339,292.339,0.99,0.99,0.01,0.01,0.0,0.0,74131.26,1776207891000
1776207892.94,292.94,0.99,0.99,0.01,0.01,0.0,0.0,74131.27,1776207892000
1776207893.741,293.741,0.99,0.99,0.01,0.01,0.0,0.0,74131.27,1776207892000
1776207894.547,294.547,0.99,0.99,0.01,0.01,0.0,0.0,74140.96,1776207893000
1776207894.9,294.9,0.99,0.99,0.01,0.01,0.0,0.0,74140.96,1776207893000
1776207895.756,295.756,0.99,0.99,0.01,0.01,0.0,0.0,74141.29,1776207894000
1776207896.997,296.997,0.99,0.99,0.01,0.01,0.0,0.0,74142.33,1776207896000
1776207897.459,297.459,0.99,0.99,0.01,0.01,0.0,0.0,74142.33,1776207896000
1776207897.93,297.93,0.99,0.99,0.01,0.01,0.0,0.0,74142.33,1776207897000
1776207899.001,299.001,0.99,0.99,0.01,0.01,0.0,0.0,74142.34,1776207898000
1776207899.814,299.814,0.99,0.99,0.01,0.01,0.0,0.0,74142.34,1776207898000
1776207900.688,300.688,0.99,0.99,0.01,0.01,0.0,0.0,74142.32,1776207899000
1776207902.025,302.025,0.99,0.99,0.01,0.01,0.0,0.0,74142.18,1776207901000
1776207902.959,302.959,0.99,0.99,0.01,0.01,0.0,0.0,74142.29,1776207902000

# RESULT,winner=Up,slug=btc-updown-5m-1776207600,ticks=634
