timestamp,elapsed_sec,up_bid,up_ask,down_bid,down_ask,up_spread,down_spread,btc_price,btc_oracle_ts
1776832800.513,0.513,0.48,0.49,0.5,0.52,0.01,0.02,77662.74,1776832799000
1776832800.871,0.871,0.49,0.5,0.5,0.51,0.01,0.01,77662.74,1776832799000
1776832801.21,1.21,0.49,0.5,0.5,0.51,0.01,0.01,77662.74,1776832799000
1776832801.555,1.555,0.48,0.49,0.5,0.52,0.01,0.02,77664.18,1776832800000
1776832801.898,1.898,0.5,0.52,0.48,0.52,0.02,0.04,77664.18,1776832800000
1776832802.267,2.267,0.59,0.6,0.4,0.42,0.01,0.02,77664.18,1776832801000
1776832802.645,2.645,0.59,0.6,0.4,0.41,0.01,0.01,77664.18,1776832801000
1776832803.199,3.199,0.59,0.6,0.4,0.41,0.01,0.01,77664.18,1776832801000
1776832803.539,3.539,0.59,0.6,0.4,0.41,0.01,0.01,77664.87,1776832802000
1776832803.879,3.879,0.59,0.6,0.4,0.41,0.01,0.01,77664.87,1776832802000
1776832804.243,4.243,0.59,0.6,0.4,0.42,0.01,0.02,77664.87,1776832802000
1776832804.708,4.708,0.58,0.6,0.4,0.41,0.02,0.01,77678.33,1776832803000
1776832805.268,5.268,0.59,0.6,0.4,0.41,0.01,0.01,77678.33,1776832803000
1776832805.86,5.86,0.59,0.6,0.4,0.41,0.01,0.01,77679.51,1776832804000
1776832806.39,6.39,0.59,0.6,0.4,0.42,0.01,0.02,77680.88,1776832805000
1776832806.736,6.736,0.59,0.6,0.4,0.41,0.01,0.01,77680.88,1776832805000
1776832807.146,7.146,0.62,0.65,0.35,0.37,0.03,0.02,77680.88,1776832805000
1776832807.493,7.493,0.67,0.71,0.29,0.34,0.04,0.05,77681.21,1776832806000
1776832807.921,7.921,0.72,0.75,0.25,0.28,0.03,0.03,77681.21,1776832806000
1776832808.333,8.333,0.72,0.73,0.26,0.28,0.01,0.02,77681.21,1776832806000
1776832808.685,8.685,0.73,0.74,0.26,0.28,0.01,0.02,77693.75,1776832807000
1776832809.052,9.052,0.73,0.74,0.26,0.27,0.01,0.01,77693.75,1776832807000
1776832809.401,9.401,0.73,0.74,0.26,0.27,0.01,0.01,77708.06,1776832808000
1776832809.735,9.735,0.73,0.74,0.26,0.27,0.01,0.01,77708.06,1776832808000
1776832810.189,10.189,0.66,0.67,0.32,0.33,0.01,0.01,77708.06,1776832808000
1776832810.617,10.617,0.66,0.67,0.33,0.34,0.01,0.01,77714.75,1776832809000
1776832811.137,11.137,0.65,0.66,0.34,0.35,0.01,0.01,77714.75,1776832809000
1776832811.538,11.538,0.62,0.63,0.37,0.38,0.01,0.01,77714.75,1776832809000
1776832811.939,11.939,0.61,0.62,0.38,0.39,0.01,0.01,77710.8,1776832810000
1776832812.346,12.346,0.61,0.62,0.38,0.39,0.01,0.01,77697.3,1776832811000
1776832813.255,13.255,0.6,0.62,0.38,0.4,0.02,0.02,77690.95,1776832812000
1776832813.626,13.626,0.61,0.62,0.38,0.39,0.01,0.01,77690.95,1776832812000
1776832814.192,14.192,0.61,0.62,0.38,0.39,0.01,0.01,77690.95,1776832812000
1776832814.572,14.572,0.61,0.62,0.38,0.39,0.01,0.01,77690.95,1776832812000
1776832814.912,14.912,0.61,0.62,0.38,0.39,0.01,0.01,77686.7,1776832813000
1776832815.286,15.286,0.66,0.67,0.33,0.34,0.01,0.01,77686.7,1776832813000
1776832815.63,15.63,0.67,0.68,0.32,0.33,0.01,0.01,77688.58,1776832814000
1776832816.08,16.08,0.67,0.68,0.32,0.33,0.01,0.01,77688.58,1776832814000
1776832816.469,16.469,0.67,0.68,0.32,0.33,0.01,0.01,77702.03,1776832815000
1776832816.857,16.857,0.67,0.68,0.32,0.33,0.01,0.01,77702.03,1776832815000
1776832817.224,17.224,0.67,0.68,0.32,0.33,0.01,0.01,77704.49,1776832816000
1776832817.589,17.589,0.67,0.68,0.32,0.33,0.01,0.01,77704.49,1776832816000
1776832817.995,17.995,0.67,0.68,0.32,0.33,0.01,0.01,77704.49,1776832816000
1776832818.35,18.35,0.67,0.68,0.32,0.33,0.01,0.01,77707.65,1776832817000
1776832818.696,18.696,0.67,0.68,0.32,0.33,0.01,0.01,77707.65,1776832817000
1776832819.275,19.275,0.68,0.69,0.31,0.32,0.01,0.01,77707.65,1776832817000
1776832819.69,19.69,0.68,0.71,0.31,0.32,0.03,0.01,77707.3,1776832818000
1776832820.335,20.335,0.7,0.71,0.29,0.3,0.01,0.01,77707.3,1776832819000
1776832820.673,20.673,0.68,0.69,0.31,0.32,0.01,0.01,77707.3,1776832819000
1776832821.048,21.048,0.68,0.69,0.31,0.32,0.01,0.01,77707.3,1776832819000
1776832821.482,21.482,0.68,0.69,0.31,0.32,0.01,0.01,77707.27,1776832820000
1776832822.108,22.108,0.68,0.69,0.31,0.32,0.01,0.01,77707.27,1776832820000
1776832822.764,22.764,0.68,0.69,0.31,0.32,0.01,0.01,77708.32,1776832821000
1776832823.252,23.252,0.68,0.69,0.31,0.33,0.01,0.02,77708.36,1776832822000
1776832823.651,23.651,0.67,0.68,0.32,0.34,0.01,0.02,77708.36,1776832822000
1776832824.043,24.043,0.64,0.67,0.33,0.34,0.03,0.01,77708.36,1776832822000
1776832824.392,24.392,0.64,0.65,0.35,0.36,0.01,0.01,77701.1,1776832823000
1776832824.762,24.762,0.64,0.65,0.35,0.36,0.01,0.01,77701.1,1776832823000
1776832825.104,25.104,0.64,0.65,0.35,0.36,0.01,0.01,77701.1,1776832823000
1776832825.565,25.565,0.63,0.64,0.36,0.37,0.01,0.01,77698.11,1776832824000
1776832825.951,25.951,0.63,0.64,0.36,0.37,0.01,0.01,77698.11,1776832824000
1776832826.313,26.313,0.61,0.64,0.36,0.37,0.03,0.01,77698.11,1776832824000
1776832826.734,26.734,0.63,0.64,0.36,0.37,0.01,0.01,77698.11,1776832824000
1776832827.131,27.131,0.57,0.59,0.41,0.43,0.02,0.02,77694.15,1776832825000
1776832827.505,27.505,0.57,0.58,0.42,0.43,0.01,0.01,77694.02,1776832826000
1776832827.905,27.905,0.57,0.58,0.42,0.43,0.01,0.01,77694.02,1776832826000
1776832828.246,28.246,0.57,0.58,0.42,0.43,0.01,0.01,77694.02,1776832827000
1776832828.826,28.826,0.57,0.58,0.42,0.43,0.01,0.01,77694.02,1776832827000
1776832829.17,29.17,0.57,0.58,0.42,0.43,0.01,0.01,77684.77,1776832828000
1776832829.508,29.508,0.57,0.58,0.42,0.43,0.01,0.01,77684.77,1776832828000
1776832829.932,29.932,0.53,0.54,0.46,0.47,0.01,0.01,77685.09,1776832829000
1776832830.68,30.68,0.53,0.54,0.46,0.47,0.01,0.01,77685.09,1776832829000
1776832831.081,31.081,0.53,0.54,0.46,0.47,0.01,0.01,77683.93,1776832830000
1776832831.505,31.505,0.53,0.54,0.46,0.47,0.01,0.01,77683.93,1776832830000
1776832831.903,31.903,0.53,0.54,0.46,0.47,0.01,0.01,77682.92,1776832831000
1776832832.511,32.511,0.54,0.55,0.43,0.46,0.01,0.03,77682.92,1776832831000
1776832832.846,32.846,0.54,0.57,0.45,0.46,0.03,0.01,77681.08,1776832832000
1776832833.198,33.198,0.56,0.58,0.43,0.44,0.02,0.01,77681.08,1776832832000
1776832833.579,33.579,0.57,0.58,0.42,0.43,0.01,0.01,77681.08,1776832832000
1776832834.062,34.062,0.57,0.58,0.42,0.43,0.01,0.01,77681.08,1776832833000
1776832834.412,34.412,0.57,0.58,0.42,0.43,0.01,0.01,77681.08,1776832833000
1776832834.801,34.801,0.57,0.58,0.42,0.43,0.01,0.01,77681.08,1776832833000
1776832835.274,35.274,0.58,0.59,0.41,0.42,0.01,0.01,77681.46,1776832834000
1776832835.937,35.937,0.58,0.59,0.41,0.42,0.01,0.01,77683.23,1776832835000
1776832836.315,36.315,0.58,0.59,0.41,0.42,0.01,0.01,77683.23,1776832835000
1776832836.653,36.653,0.58,0.6,0.41,0.42,0.02,0.01,77683.23,1776832835000
1776832837.076,37.076,0.58,0.59,0.41,0.42,0.01,0.01,77682.8,1776832836000
1776832837.899,37.899,0.58,0.59,0.41,0.42,0.01,0.01,77682.8,1776832836000
1776832838.422,38.422,0.58,0.59,0.41,0.42,0.01,0.01,77682.8,1776832837000
1776832838.827,38.827,0.58,0.6,0.41,0.42,0.02,0.01,77682.8,1776832837000
1776832839.33,39.33,0.6,0.61,0.39,0.41,0.01,0.02,77682.39,1776832838000
1776832839.849,39.849,0.6,0.61,0.39,0.4,0.01,0.01,77682.39,1776832838000
1776832840.23,40.23,0.6,0.61,0.39,0.4,0.01,0.01,77682.39,1776832838000
1776832840.563,40.563,0.63,0.67,0.33,0.37,0.04,0.04,77682.64,1776832839000
1776832840.929,40.929,0.66,0.67,0.33,0.34,0.01,0.01,77682.64,1776832839000
1776832841.384,41.384,0.66,0.67,0.33,0.34,0.01,0.01,77682.73,1776832840000
1776832841.727,41.727,0.66,0.67,0.33,0.34,0.01,0.01,77682.73,1776832840000
1776832842.065,42.065,0.66,0.67,0.33,0.34,0.01,0.01,77688.39,1776832841000
1776832842.481,42.481,0.66,0.67,0.33,0.34,0.01,0.01,77688.39,1776832841000
1776832842.824,42.824,0.66,0.67,0.33,0.34,0.01,0.01,77688.39,1776832841000
1776832843.362,43.362,0.66,0.67,0.33,0.34,0.01,0.01,77688.39,1776832841000
1776832843.781,43.781,0.66,0.67,0.33,0.34,0.01,0.01,77695.14,1776832842000
1776832844.258,44.258,0.66,0.67,0.33,0.34,0.01,0.01,77695.14,1776832842000
1776832844.76,44.76,0.66,0.67,0.33,0.34,0.01,0.01,77697.75,1776832843000
1776832845.632,45.632,0.66,0.67,0.33,0.34,0.01,0.01,77697.6,1776832844000
1776832846.227,46.227,0.66,0.67,0.33,0.34,0.01,0.01,77696.84,1776832845000
1776832847.277,47.277,0.66,0.67,0.33,0.34,0.01,0.01,77700.83,1776832846000
1776832847.747,47.747,0.66,0.67,0.33,0.34,0.01,0.01,77700.83,1776832846000
1776832848.395,48.395,0.66,0.67,0.33,0.34,0.01,0.01,77706.04,1776832847000
1776832848.75,48.75,0.67,0.73,0.28,0.33,0.06,0.05,77706.04,1776832847000
1776832849.156,49.156,0.72,0.73,0.26,0.28,0.01,0.02,77706.04,1776832848000
1776832849.737,49.737,0.71,0.72,0.26,0.28,0.01,0.02,77706.04,1776832848000
1776832850.105,50.105,0.7,0.71,0.29,0.3,0.01,0.01,77709.61,1776832849000
1776832850.465,50.465,0.7,0.71,0.29,0.31,0.01,0.02,77709.61,1776832849000
1776832850.814,50.814,0.69,0.7,0.29,0.31,0.01,0.02,77709.61,1776832849000
1776832851.168,51.168,0.69,0.7,0.3,0.31,0.01,0.01,77709.61,1776832849000
1776832851.521,51.521,0.69,0.7,0.3,0.31,0.01,0.01,77706.99,1776832850000
1776832851.925,51.925,0.72,0.73,0.27,0.28,0.01,0.01,77706.99,1776832850000
1776832852.314,52.314,0.72,0.73,0.27,0.28,0.01,0.01,77706.77,1776832851000
1776832852.916,52.916,0.72,0.73,0.27,0.28,0.01,0.01,77706.77,1776832851000
1776832853.781,53.781,0.72,0.73,0.27,0.28,0.01,0.01,77706.51,1776832852000
1776832854.215,54.215,0.72,0.73,0.27,0.28,0.01,0.01,77707.57,1776832853000
1776832854.639,54.639,0.72,0.73,0.27,0.28,0.01,0.01,77707.57,1776832853000
1776832855.069,55.069,0.72,0.73,0.27,0.28,0.01,0.01,77707.57,1776832853000
1776832855.728,55.728,0.72,0.73,0.27,0.28,0.01,0.01,77708.42,1776832854000
1776832856.19,56.19,0.72,0.73,0.27,0.28,0.01,0.01,77708.35,1776832855000
1776832856.525,56.525,0.72,0.73,0.27,0.28,0.01,0.01,77708.35,1776832855000
1776832857.122,57.122,0.72,0.73,0.27,0.28,0.01,0.01,77708.35,1776832855000
1776832857.708,57.708,0.68,0.69,0.31,0.32,0.01,0.01,77708.75,1776832856000
1776832858.045,58.045,0.68,0.69,0.31,0.32,0.01,0.01,77708.75,1776832856000
1776832858.408,58.408,0.68,0.71,0.29,0.32,0.03,0.03,77709.0,1776832857000
1776832858.917,58.917,0.7,0.71,0.29,0.32,0.01,0.03,77709.0,1776832857000
1776832859.278,59.278,0.7,0.71,0.29,0.3,0.01,0.01,77709.0,1776832857000
1776832859.701,59.701,0.65,0.66,0.34,0.35,0.01,0.01,77707.54,1776832858000
1776832860.095,60.095,0.65,0.66,0.34,0.35,0.01,0.01,77707.54,1776832858000
1776832860.436,60.436,0.66,0.67,0.33,0.34,0.01,0.01,77707.45,1776832859000
1776832860.774,60.774,0.66,0.67,0.33,0.34,0.01,0.01,77707.45,1776832859000
1776832861.237,61.237,0.66,0.67,0.33,0.34,0.01,0.01,77707.45,1776832859000
1776832861.58,61.58,0.66,0.67,0.33,0.34,0.01,0.01,77703.57,1776832860000
1776832861.94,61.94,0.66,0.68,0.32,0.34,0.02,0.02,77702.08,1776832861000
1776832862.359,62.359,0.67,0.68,0.32,0.33,0.01,0.01,77702.08,1776832861000
1776832862.907,62.907,0.67,0.68,0.32,0.33,0.01,0.01,77702.08,1776832861000
1776832863.242,63.242,0.68,0.7,0.3,0.32,0.02,0.02,77701.87,1776832862000
1776832863.852,63.852,0.71,0.72,0.28,0.29,0.01,0.01,77701.87,1776832862000
1776832864.402,64.402,0.71,0.72,0.28,0.29,0.01,0.01,77701.86,1776832863000
1776832864.769,64.769,0.71,0.72,0.28,0.29,0.01,0.01,77701.86,1776832863000
1776832865.233,65.233,0.71,0.72,0.28,0.29,0.01,0.01,77701.86,1776832863000
1776832865.651,65.651,0.65,0.68,0.32,0.35,0.03,0.03,77704.04,1776832864000
1776832866.117,66.117,0.65,0.66,0.32,0.34,0.01,0.02,77706.5,1776832865000
1776832866.593,66.593,0.64,0.65,0.35,0.36,0.01,0.01,77706.5,1776832865000
1776832866.937,66.937,0.64,0.65,0.35,0.36,0.01,0.01,77704.12,1776832866000
1776832867.293,67.293,0.64,0.65,0.35,0.36,0.01,0.01,77704.12,1776832866000
1776832867.911,67.911,0.64,0.65,0.35,0.36,0.01,0.01,77704.12,1776832866000
1776832868.276,68.276,0.64,0.65,0.35,0.36,0.01,0.01,77697.67,1776832867000
1776832868.663,68.663,0.65,0.67,0.34,0.36,0.02,0.02,77697.67,1776832867000
1776832869.069,69.069,0.66,0.67,0.33,0.34,0.01,0.01,77697.67,1776832867000
1776832869.504,69.504,0.66,0.67,0.33,0.34,0.01,0.01,77694.92,1776832868000
1776832869.903,69.903,0.66,0.67,0.33,0.34,0.01,0.01,77694.92,1776832868000
1776832870.248,70.248,0.66,0.67,0.33,0.34,0.01,0.01,77694.91,1776832869000
1776832870.598,70.598,0.66,0.67,0.33,0.34,0.01,0.01,77694.91,1776832869000
1776832870.981,70.981,0.66,0.67,0.33,0.34,0.01,0.01,77694.91,1776832869000
1776832871.64,71.64,0.66,0.67,0.33,0.34,0.01,0.01,77694.91,1776832869000
1776832871.978,71.978,0.66,0.67,0.33,0.34,0.01,0.01,77695.22,1776832870000
1776832872.33,72.33,0.66,0.67,0.33,0.34,0.01,0.01,77695.22,1776832870000
1776832872.835,72.835,0.66,0.67,0.33,0.34,0.01,0.01,77695.22,1776832870000
1776832873.446,73.446,0.66,0.67,0.33,0.34,0.01,0.01,77695.1,1776832871000
1776832874.347,74.347,0.66,0.67,0.33,0.34,0.01,0.01,77695.21,1776832873000
1776832874.704,74.704,0.64,0.65,0.35,0.36,0.01,0.01,77695.21,1776832873000
1776832875.062,75.062,0.61,0.62,0.38,0.39,0.01,0.01,77695.21,1776832873000
1776832875.413,75.413,0.59,0.6,0.4,0.41,0.01,0.01,77693.11,1776832874000
1776832876.017,76.017,0.57,0.58,0.42,0.43,0.01,0.01,77693.11,1776832874000
1776832876.525,76.525,0.57,0.58,0.42,0.43,0.01,0.01,77693.11,1776832874000
1776832877.102,77.102,0.57,0.58,0.42,0.43,0.01,0.01,77690.79,1776832875000
1776832877.46,77.46,0.52,0.53,0.47,0.48,0.01,0.01,77683.77,1776832876000
1776832877.981,77.981,0.52,0.53,0.47,0.48,0.01,0.01,77683.77,1776832876000
1776832878.366,78.366,0.52,0.53,0.47,0.48,0.01,0.01,77683.47,1776832877000
1776832878.744,78.744,0.52,0.53,0.47,0.48,0.01,0.01,77683.47,1776832877000
1776832879.082,79.082,0.52,0.53,0.47,0.48,0.01,0.01,77683.47,1776832877000
1776832879.417,79.417,0.52,0.53,0.47,0.48,0.01,0.01,77683.47,1776832877000
1776832879.751,79.751,0.52,0.53,0.47,0.48,0.01,0.01,77671.61,1776832878000
1776832880.263,80.263,0.52,0.53,0.47,0.48,0.01,0.01,77671.61,1776832878000
1776832880.616,80.616,0.48,0.51,0.49,0.52,0.03,0.03,77671.61,1776832879000
1776832880.95,80.95,0.48,0.49,0.51,0.52,0.01,0.01,77671.61,1776832879000
1776832881.29,81.29,0.49,0.5,0.5,0.51,0.01,0.01,77671.61,1776832879000
1776832881.64,81.64,0.49,0.5,0.5,0.51,0.01,0.01,77671.61,1776832879000
1776832882.072,82.072,0.49,0.5,0.5,0.51,0.01,0.01,77670.66,1776832880000
1776832882.505,82.505,0.5,0.51,0.49,0.5,0.01,0.01,77670.66,1776832880000
1776832883.009,83.009,0.5,0.51,0.49,0.5,0.01,0.01,77665.34,1776832881000
1776832883.437,83.437,0.5,0.51,0.49,0.5,0.01,0.01,77665.34,1776832882000
1776832883.892,83.892,0.51,0.52,0.48,0.49,0.01,0.01,77665.34,1776832882000
1776832884.319,84.319,0.49,0.5,0.5,0.51,0.01,0.01,77665.34,1776832882000
1776832884.652,84.652,0.48,0.49,0.5,0.52,0.01,0.02,77665.34,1776832882000
1776832884.991,84.991,0.48,0.49,0.51,0.52,0.01,0.01,77663.99,1776832883000
1776832885.354,85.354,0.48,0.49,0.51,0.52,0.01,0.01,77663.99,1776832883000
1776832885.724,85.724,0.48,0.49,0.51,0.52,0.01,0.01,77663.51,1776832884000
1776832886.107,86.107,0.48,0.49,0.51,0.52,0.01,0.01,77663.51,1776832884000
1776832886.474,86.474,0.48,0.49,0.51,0.52,0.01,0.01,77662.99,1776832885000
1776832887.121,87.121,0.48,0.49,0.51,0.52,0.01,0.01,77661.89,1776832886000
1776832887.485,87.485,0.48,0.49,0.51,0.52,0.01,0.01,77661.89,1776832886000
1776832887.879,87.879,0.48,0.49,0.51,0.52,0.01,0.01,77661.89,1776832886000
1776832888.238,88.238,0.48,0.49,0.51,0.52,0.01,0.01,77661.89,1776832886000
1776832888.63,88.63,0.45,0.46,0.54,0.55,0.01,0.01,77661.89,1776832886000
1776832889.176,89.176,0.45,0.46,0.54,0.55,0.01,0.01,77656.84,1776832887000
1776832889.58,89.58,0.39,0.4,0.6,0.61,0.01,0.01,77656.84,1776832888000
1776832890.018,90.018,0.38,0.39,0.61,0.62,0.01,0.01,77656.84,1776832888000
1776832890.354,90.354,0.38,0.39,0.61,0.62,0.01,0.01,77656.51,1776832889000
1776832890.767,90.767,0.38,0.39,0.61,0.62,0.01,0.01,77656.51,1776832889000
1776832891.131,91.131,0.38,0.39,0.61,0.62,0.01,0.01,77656.51,1776832889000
1776832891.491,91.491,0.38,0.39,0.61,0.62,0.01,0.01,77651.05,1776832890000
1776832892.072,92.072,0.38,0.39,0.61,0.62,0.01,0.01,77651.05,1776832890000
1776832892.525,92.525,0.38,0.39,0.61,0.62,0.01,0.01,77644.9,1776832891000
1776832892.964,92.964,0.38,0.39,0.61,0.62,0.01,0.01,77644.9,1776832891000
1776832893.3,93.3,0.37,0.38,0.62,0.63,0.01,0.01,77644.9,1776832891000
1776832893.656,93.656,0.35,0.36,0.64,0.65,0.01,0.01,77642.91,1776832892000
1776832894.24,94.24,0.35,0.36,0.64,0.65,0.01,0.01,77642.91,1776832893000
1776832894.64,94.64,0.35,0.36,0.64,0.65,0.01,0.01,77642.91,1776832893000
1776832895.105,95.105,0.35,0.36,0.64,0.65,0.01,0.01,77641.51,1776832894000
1776832895.445,95.445,0.35,0.36,0.64,0.65,0.01,0.01,77641.51,1776832894000
1776832895.809,95.809,0.35,0.36,0.64,0.65,0.01,0.01,77641.51,1776832894000
1776832896.344,96.344,0.35,0.36,0.64,0.65,0.01,0.01,77641.51,1776832894000
1776832896.68,96.68,0.35,0.36,0.64,0.65,0.01,0.01,77637.8,1776832895000
1776832897.022,97.022,0.35,0.36,0.64,0.65,0.01,0.01,77637.8,1776832895000
1776832897.36,97.36,0.37,0.38,0.62,0.63,0.01,0.01,77636.83,1776832896000
1776832897.769,97.769,0.42,0.43,0.57,0.58,0.01,0.01,77636.83,1776832896000
1776832898.112,98.112,0.45,0.46,0.54,0.55,0.01,0.01,77636.83,1776832896000
1776832898.513,98.513,0.45,0.46,0.54,0.55,0.01,0.01,77636.84,1776832897000
1776832898.924,98.924,0.45,0.46,0.54,0.55,0.01,0.01,77636.84,1776832897000
1776832899.388,99.388,0.44,0.45,0.54,0.55,0.01,0.01,77636.84,1776832897000
1776832899.729,99.729,0.44,0.45,0.55,0.56,0.01,0.01,77644.75,1776832898000
1776832900.155,100.155,0.44,0.45,0.55,0.56,0.01,0.01,77649.35,1776832899000
1776832900.503,100.503,0.44,0.45,0.55,0.56,0.01,0.01,77649.35,1776832899000
1776832900.84,100.84,0.44,0.45,0.55,0.56,0.01,0.01,77649.35,1776832899000
1776832901.179,101.179,0.44,0.45,0.55,0.56,0.01,0.01,77649.35,1776832899000
1776832901.775,101.775,0.44,0.45,0.55,0.56,0.01,0.01,77647.42,1776832900000
1776832902.858,102.858,0.44,0.45,0.55,0.56,0.01,0.01,77645.5,1776832901000
1776832903.198,103.198,0.44,0.45,0.55,0.56,0.01,0.01,77645.5,1776832901000
1776832903.535,103.535,0.44,0.45,0.55,0.56,0.01,0.01,77645.5,1776832901000
1776832903.923,103.923,0.44,0.45,0.55,0.56,0.01,0.01,77644.66,1776832902000
1776832904.52,104.52,0.44,0.45,0.55,0.56,0.01,0.01,77644.66,1776832903000
1776832904.863,104.863,0.44,0.45,0.55,0.56,0.01,0.01,77644.66,1776832903000
1776832905.207,105.207,0.43,0.45,0.55,0.57,0.02,0.02,77644.66,1776832903000
1776832905.657,105.657,0.42,0.43,0.56,0.57,0.01,0.01,77644.72,1776832904000
1776832906.164,106.164,0.41,0.42,0.57,0.58,0.01,0.01,77644.88,1776832905000
1776832906.505,106.505,0.41,0.42,0.58,0.59,0.01,0.01,77644.88,1776832905000
1776832906.991,106.991,0.41,0.42,0.58,0.59,0.01,0.01,77644.88,1776832906000
1776832907.408,107.408,0.41,0.42,0.58,0.59,0.01,0.01,77644.88,1776832906000
1776832907.773,107.773,0.4,0.41,0.59,0.6,0.01,0.01,77644.88,1776832906000
1776832908.382,108.382,0.4,0.42,0.58,0.6,0.02,0.02,77644.88,1776832907000
1776832908.912,108.912,0.4,0.41,0.58,0.6,0.01,0.02,77644.88,1776832907000
1776832909.285,109.285,0.36,0.37,0.63,0.64,0.01,0.01,77644.88,1776832908000
1776832909.621,109.621,0.36,0.38,0.63,0.64,0.02,0.01,77644.88,1776832908000
1776832909.969,109.969,0.37,0.38,0.62,0.63,0.01,0.01,77644.88,1776832908000
1776832910.538,110.538,0.37,0.38,0.62,0.63,0.01,0.01,77644.88,1776832909000
1776832910.94,110.94,0.37,0.38,0.62,0.63,0.01,0.01,77644.88,1776832909000
1776832911.273,111.273,0.39,0.4,0.61,0.63,0.01,0.02,77644.88,1776832909000
1776832911.682,111.682,0.4,0.43,0.57,0.6,0.03,0.03,77644.88,1776832909000
1776832912.071,112.071,0.42,0.43,0.57,0.58,0.01,0.01,77642.26,1776832910000
1776832912.527,112.527,0.42,0.43,0.57,0.58,0.01,0.01,77642.0,1776832911000
1776832913.252,113.252,0.42,0.43,0.57,0.58,0.01,0.01,77642.0,1776832911000
1776832913.713,113.713,0.42,0.43,0.57,0.58,0.01,0.01,77644.86,1776832912000
1776832914.191,114.191,0.42,0.43,0.57,0.58,0.01,0.01,77647.02,1776832913000
1776832914.533,114.533,0.42,0.43,0.57,0.58,0.01,0.01,77647.02,1776832913000
1776832915.006,115.006,0.42,0.43,0.57,0.58,0.01,0.01,77647.02,1776832913000
1776832915.456,115.456,0.42,0.43,0.57,0.58,0.01,0.01,77647.01,1776832914000
1776832915.897,115.897,0.42,0.43,0.57,0.58,0.01,0.01,77647.01,1776832914000
1776832916.43,116.43,0.42,0.43,0.57,0.58,0.01,0.01,77647.01,1776832915000
1776832916.77,116.77,0.42,0.43,0.57,0.58,0.01,0.01,77647.01,1776832915000
1776832917.162,117.162,0.42,0.43,0.57,0.58,0.01,0.01,77647.01,1776832915000
1776832917.56,117.56,0.41,0.42,0.58,0.59,0.01,0.01,77646.45,1776832916000
1776832917.909,117.909,0.36,0.38,0.62,0.64,0.02,0.02,77646.45,1776832916000
1776832918.301,118.301,0.36,0.37,0.63,0.64,0.01,0.01,77646.45,1776832916000
1776832918.819,118.819,0.36,0.37,0.63,0.64,0.01,0.01,77646.45,1776832916000
1776832919.332,119.332,0.36,0.37,0.63,0.64,0.01,0.01,77646.07,1776832918000
1776832919.746,119.746,0.36,0.37,0.63,0.64,0.01,0.01,77646.07,1776832918000
1776832920.08,120.08,0.36,0.37,0.63,0.64,0.01,0.01,77646.07,1776832919000
1776832920.465,120.465,0.36,0.37,0.63,0.64,0.01,0.01,77646.07,1776832919000
1776832921.212,121.212,0.36,0.37,0.63,0.64,0.01,0.01,77643.87,1776832920000
1776832921.557,121.557,0.35,0.36,0.64,0.65,0.01,0.01,77643.87,1776832920000
1776832922.177,122.177,0.35,0.36,0.64,0.65,0.01,0.01,77643.87,1776832920000
1776832922.827,122.827,0.35,0.36,0.64,0.65,0.01,0.01,77642.57,1776832921000
1776832923.161,123.161,0.35,0.36,0.64,0.65,0.01,0.01,77642.3,1776832922000
1776832923.59,123.59,0.35,0.36,0.64,0.65,0.01,0.01,77642.3,1776832922000
1776832923.958,123.958,0.35,0.36,0.64,0.65,0.01,0.01,77642.3,1776832922000
1776832924.347,124.347,0.35,0.36,0.64,0.65,0.01,0.01,77641.73,1776832923000
1776832924.752,124.752,0.35,0.36,0.64,0.65,0.01,0.01,77641.73,1776832923000
1776832925.268,125.268,0.32,0.33,0.64,0.68,0.01,0.04,77641.73,1776832923000
1776832925.629,125.629,0.3,0.32,0.68,0.7,0.02,0.02,77640.54,1776832924000
1776832926.046,126.046,0.3,0.31,0.69,0.7,0.01,0.01,77640.54,1776832924000
1776832926.379,126.379,0.31,0.33,0.67,0.69,0.02,0.02,77640.54,1776832924000
1776832926.765,126.765,0.31,0.32,0.68,0.69,0.01,0.01,77633.34,1776832925000
1776832927.149,127.149,0.31,0.32,0.68,0.69,0.01,0.01,77630.51,1776832926000
1776832927.61,127.61,0.31,0.32,0.68,0.69,0.01,0.01,77630.51,1776832926000
1776832927.991,127.991,0.31,0.32,0.68,0.69,0.01,0.01,77630.51,1776832926000
1776832928.324,128.324,0.31,0.32,0.68,0.69,0.01,0.01,77633.76,1776832927000
1776832928.746,128.746,0.31,0.32,0.68,0.69,0.01,0.01,77633.76,1776832927000
1776832929.153,129.153,0.33,0.34,0.67,0.69,0.01,0.02,77633.76,1776832927000
1776832929.961,129.961,0.33,0.34,0.66,0.67,0.01,0.01,77633.75,1776832928000
1776832930.825,130.825,0.33,0.34,0.66,0.67,0.01,0.01,77633.76,1776832929000
1776832931.181,131.181,0.33,0.35,0.64,0.67,0.02,0.03,77634.78,1776832930000
1776832931.514,131.514,0.33,0.34,0.66,0.67,0.01,0.01,77634.78,1776832930000
1776832932.142,132.142,0.3,0.34,0.66,0.7,0.04,0.04,77634.78,1776832930000
1776832932.615,132.615,0.3,0.31,0.66,0.7,0.01,0.04,77635.38,1776832931000
1776832933.232,133.232,0.3,0.31,0.69,0.7,0.01,0.01,77635.38,1776832931000
1776832933.651,133.651,0.3,0.31,0.69,0.7,0.01,0.01,77635.38,1776832931000
1776832933.987,133.987,0.3,0.31,0.69,0.7,0.01,0.01,77631.63,1776832932000
1776832934.324,134.324,0.3,0.31,0.69,0.7,0.01,0.01,77631.63,1776832932000
1776832934.668,134.668,0.29,0.3,0.7,0.71,0.01,0.01,77631.06,1776832933000
1776832935.013,135.013,0.28,0.29,0.71,0.72,0.01,0.01,77630.98,1776832934000
1776832935.46,135.46,0.27,0.28,0.72,0.73,0.01,0.01,77630.98,1776832934000
1776832935.832,135.832,0.27,0.28,0.72,0.73,0.01,0.01,77630.98,1776832934000
1776832936.188,136.188,0.27,0.28,0.72,0.73,0.01,0.01,77629.05,1776832935000
1776832936.556,136.556,0.26,0.28,0.72,0.73,0.02,0.01,77629.05,1776832935000
1776832936.892,136.892,0.25,0.26,0.72,0.74,0.01,0.02,77629.05,1776832935000
1776832937.231,137.231,0.25,0.26,0.74,0.75,0.01,0.01,77626.09,1776832936000
1776832937.636,137.636,0.25,0.26,0.74,0.75,0.01,0.01,77626.09,1776832936000
1776832938.11,138.11,0.25,0.26,0.74,0.75,0.01,0.01,77624.2,1776832937000
1776832938.522,138.522,0.25,0.26,0.74,0.75,0.01,0.01,77624.2,1776832937000
1776832938.987,138.987,0.25,0.26,0.74,0.75,0.01,0.01,77624.2,1776832937000
1776832939.422,139.422,0.2,0.21,0.79,0.8,0.01,0.01,77621.03,1776832938000
1776832939.804,139.804,0.2,0.21,0.79,0.8,0.01,0.01,77621.03,1776832938000
1776832940.174,140.174,0.2,0.21,0.79,0.8,0.01,0.01,77621.03,1776832938000
1776832940.517,140.517,0.21,0.22,0.78,0.79,0.01,0.01,77620.11,1776832939000
1776832940.891,140.891,0.22,0.24,0.76,0.79,0.02,0.03,77620.11,1776832939000
1776832941.233,141.233,0.22,0.24,0.76,0.77,0.02,0.01,77620.11,1776832939000
1776832941.964,141.964,0.21,0.22,0.77,0.79,0.01,0.02,77615.61,1776832940000
1776832942.428,142.428,0.21,0.22,0.78,0.79,0.01,0.01,77615.61,1776832940000
1776832942.779,142.779,0.21,0.22,0.78,0.79,0.01,0.01,77615.67,1776832941000
1776832943.118,143.118,0.21,0.23,0.78,0.79,0.02,0.01,77615.67,1776832941000
1776832943.575,143.575,0.22,0.23,0.77,0.78,0.01,0.01,77615.8,1776832942000
1776832944.015,144.015,0.22,0.23,0.77,0.78,0.01,0.01,77615.8,1776832942000
1776832944.462,144.462,0.23,0.24,0.76,0.78,0.01,0.02,77614.86,1776832943000
1776832944.812,144.812,0.23,0.24,0.76,0.77,0.01,0.01,77614.86,1776832943000
1776832945.276,145.276,0.23,0.24,0.76,0.77,0.01,0.01,77614.26,1776832944000
1776832945.669,145.669,0.23,0.24,0.76,0.77,0.01,0.01,77614.26,1776832944000
1776832946.129,146.129,0.23,0.24,0.76,0.77,0.01,0.01,77614.26,1776832944000
1776832946.743,146.743,0.23,0.24,0.76,0.77,0.01,0.01,77615.92,1776832945000
1776832947.265,147.265,0.23,0.24,0.76,0.77,0.01,0.01,77615.92,1776832945000
1776832947.63,147.63,0.23,0.24,0.76,0.77,0.01,0.01,77616.24,1776832946000
1776832947.987,147.987,0.23,0.24,0.76,0.77,0.01,0.01,77616.24,1776832946000
1776832948.481,148.481,0.23,0.24,0.76,0.77,0.01,0.01,77616.24,1776832947000
1776832948.891,148.891,0.23,0.24,0.76,0.77,0.01,0.01,77616.24,1776832947000
1776832949.265,149.265,0.23,0.24,0.76,0.77,0.01,0.01,77616.14,1776832948000
1776832950.076,150.076,0.23,0.24,0.76,0.77,0.01,0.01,77616.14,1776832948000
1776832950.618,150.618,0.23,0.24,0.76,0.77,0.01,0.01,77616.14,1776832949000
1776832951.052,151.052,0.23,0.24,0.76,0.77,0.01,0.01,77616.14,1776832949000
1776832951.454,151.454,0.23,0.24,0.76,0.77,0.01,0.01,77616.47,1776832950000
1776832952.115,152.115,0.23,0.24,0.76,0.77,0.01,0.01,77616.47,1776832950000
1776832952.57,152.57,0.27,0.28,0.72,0.73,0.01,0.01,77616.68,1776832951000
1776832952.903,152.903,0.28,0.29,0.71,0.73,0.01,0.02,77616.68,1776832951000
1776832953.237,153.237,0.28,0.29,0.71,0.72,0.01,0.01,77616.69,1776832952000
1776832953.708,153.708,0.28,0.29,0.71,0.72,0.01,0.01,77616.69,1776832952000
1776832954.063,154.063,0.28,0.29,0.71,0.72,0.01,0.01,77616.69,1776832952000
1776832954.468,154.468,0.28,0.29,0.71,0.72,0.01,0.01,77621.77,1776832953000
1776832955.029,155.029,0.27,0.29,0.71,0.72,0.02,0.01,77621.77,1776832953000
1776832955.507,155.507,0.27,0.28,0.72,0.73,0.01,0.01,77621.77,1776832953000
1776832955.864,155.864,0.27,0.28,0.72,0.73,0.01,0.01,77625.27,1776832954000
1776832956.237,156.237,0.27,0.28,0.72,0.73,0.01,0.01,77626.49,1776832955000
1776832956.652,156.652,0.27,0.28,0.72,0.73,0.01,0.01,77626.49,1776832955000
1776832957.188,157.188,0.26,0.27,0.73,0.74,0.01,0.01,77626.49,1776832955000
1776832957.522,157.522,0.26,0.27,0.73,0.74,0.01,0.01,77626.48,1776832956000
1776832957.876,157.876,0.25,0.26,0.74,0.75,0.01,0.01,77626.48,1776832956000
1776832958.247,158.247,0.24,0.25,0.74,0.76,0.01,0.02,77626.48,1776832956000
1776832958.607,158.607,0.23,0.24,0.75,0.78,0.01,0.03,77626.06,1776832957000
1776832958.991,158.991,0.22,0.23,0.76,0.78,0.01,0.02,77626.06,1776832957000
1776832959.331,159.331,0.22,0.23,0.77,0.78,0.01,0.01,77626.06,1776832957000
1776832959.804,159.804,0.22,0.23,0.77,0.78,0.01,0.01,77623.21,1776832958000
1776832960.144,160.144,0.22,0.23,0.77,0.78,0.01,0.01,77621.09,1776832959000
1776832960.497,160.497,0.23,0.24,0.76,0.77,0.01,0.01,77621.09,1776832959000
1776832960.836,160.836,0.23,0.24,0.76,0.77,0.01,0.01,77621.09,1776832959000
1776832961.18,161.18,0.23,0.24,0.76,0.77,0.01,0.01,77621.09,1776832959000
1776832961.53,161.53,0.23,0.24,0.76,0.77,0.01,0.01,77621.09,1776832959000
1776832961.868,161.868,0.23,0.24,0.76,0.77,0.01,0.01,77621.36,1776832960000
1776832962.223,162.223,0.23,0.24,0.76,0.77,0.01,0.01,77621.36,1776832960000
1776832962.616,162.616,0.23,0.24,0.76,0.77,0.01,0.01,77621.36,1776832960000
1776832962.95,162.95,0.25,0.29,0.71,0.75,0.04,0.04,77624.81,1776832961000
1776832963.283,163.283,0.32,0.34,0.67,0.7,0.02,0.03,77624.81,1776832961000
1776832963.659,163.659,0.33,0.34,0.66,0.67,0.01,0.01,77624.81,1776832961000
1776832964.003,164.003,0.33,0.34,0.66,0.67,0.01,0.01,77626.3,1776832962000
1776832964.383,164.383,0.33,0.34,0.66,0.67,0.01,0.01,77626.3,1776832962000
1776832964.724,164.724,0.33,0.34,0.66,0.67,0.01,0.01,77626.36,1776832963000
1776832965.086,165.086,0.33,0.34,0.66,0.67,0.01,0.01,77626.36,1776832963000
1776832965.471,165.471,0.33,0.34,0.66,0.67,0.01,0.01,77626.36,1776832963000
1776832965.886,165.886,0.33,0.34,0.66,0.67,0.01,0.01,77635.02,1776832964000
1776832966.232,166.232,0.33,0.34,0.66,0.67,0.01,0.01,77635.02,1776832964000
1776832966.63,166.63,0.33,0.34,0.66,0.67,0.01,0.01,77638.01,1776832965000
1776832966.964,166.964,0.35,0.36,0.64,0.65,0.01,0.01,77638.01,1776832965000
1776832967.322,167.322,0.35,0.36,0.64,0.65,0.01,0.01,77638.01,1776832965000
1776832967.756,167.756,0.35,0.36,0.64,0.65,0.01,0.01,77638.01,1776832965000
1776832968.264,168.264,0.35,0.36,0.64,0.65,0.01,0.01,77641.44,1776832966000
1776832969.196,169.196,0.35,0.36,0.64,0.65,0.01,0.01,77642.7,1776832967000
1776832970.081,170.081,0.35,0.36,0.64,0.65,0.01,0.01,77644.38,1776832969000
1776832970.434,170.434,0.35,0.36,0.64,0.65,0.01,0.01,77644.38,1776832969000
1776832970.851,170.851,0.35,0.36,0.64,0.65,0.01,0.01,77644.38,1776832969000
1776832971.221,171.221,0.35,0.36,0.64,0.65,0.01,0.01,77644.38,1776832969000
1776832971.635,171.635,0.35,0.36,0.64,0.65,0.01,0.01,77644.38,1776832969000
1776832972.014,172.014,0.34,0.36,0.64,0.65,0.02,0.01,77644.18,1776832970000
1776832972.517,172.517,0.34,0.36,0.64,0.66,0.02,0.02,77644.18,1776832970000
1776832972.85,172.85,0.34,0.35,0.65,0.66,0.01,0.01,77644.17,1776832971000
1776832973.236,173.236,0.34,0.35,0.65,0.66,0.01,0.01,77644.17,1776832971000
1776832973.68,173.68,0.34,0.35,0.65,0.66,0.01,0.01,77644.08,1776832972000
1776832974.055,174.055,0.34,0.35,0.65,0.66,0.01,0.01,77644.08,1776832972000
1776832974.388,174.388,0.34,0.35,0.65,0.66,0.01,0.01,77644.08,1776832972000
1776832974.899,174.899,0.34,0.35,0.65,0.66,0.01,0.01,77642.22,1776832973000
1776832975.253,175.253,0.34,0.35,0.65,0.66,0.01,0.01,77642.22,1776832973000
1776832975.705,175.705,0.34,0.35,0.65,0.66,0.01,0.01,77642.0,1776832974000
1776832976.111,176.111,0.34,0.35,0.65,0.66,0.01,0.01,77642.54,1776832975000
1776832976.658,176.658,0.34,0.35,0.65,0.66,0.01,0.01,77642.54,1776832975000
1776832977.062,177.062,0.34,0.35,0.65,0.66,0.01,0.01,77642.54,1776832975000
1776832977.578,177.578,0.34,0.35,0.65,0.66,0.01,0.01,77642.8,1776832976000
1776832978.245,178.245,0.34,0.35,0.65,0.66,0.01,0.01,77642.81,1776832977000
1776832979.063,179.063,0.34,0.35,0.65,0.66,0.01,0.01,77642.81,1776832977000
1776832979.44,179.44,0.34,0.35,0.65,0.66,0.01,0.01,77642.81,1776832977000
1776832979.836,179.836,0.34,0.35,0.65,0.66,0.01,0.01,77642.46,1776832978000
1776832980.288,180.288,0.34,0.35,0.65,0.66,0.01,0.01,77642.43,1776832979000
1776832981.033,181.033,0.34,0.35,0.65,0.66,0.01,0.01,77642.43,1776832979000
1776832981.374,181.374,0.32,0.35,0.65,0.68,0.03,0.03,77641.93,1776832980000
1776832981.943,181.943,0.29,0.32,0.65,0.7,0.03,0.05,77641.93,1776832980000
1776832982.301,182.301,0.29,0.32,0.68,0.71,0.03,0.03,77641.93,1776832981000
1776832982.64,182.64,0.3,0.31,0.69,0.7,0.01,0.01,77641.93,1776832981000
1776832983.011,183.011,0.31,0.32,0.68,0.69,0.01,0.01,77641.93,1776832981000
1776832983.484,183.484,0.31,0.33,0.67,0.69,0.02,0.02,77642.96,1776832982000
1776832983.964,183.964,0.31,0.32,0.68,0.69,0.01,0.01,77642.96,1776832982000
1776832984.308,184.308,0.23,0.24,0.76,0.77,0.01,0.01,77641.92,1776832983000
1776832984.664,184.664,0.23,0.24,0.76,0.77,0.01,0.01,77641.92,1776832983000
1776832985.128,185.128,0.22,0.23,0.77,0.78,0.01,0.01,77641.92,1776832983000
1776832985.61,185.61,0.22,0.26,0.74,0.78,0.04,0.04,77640.48,1776832984000
1776832986.221,186.221,0.23,0.24,0.74,0.78,0.01,0.04,77640.48,1776832984000
1776832986.623,186.623,0.23,0.24,0.76,0.78,0.01,0.02,77634.67,1776832985000
1776832986.977,186.977,0.23,0.24,0.76,0.77,0.01,0.01,77634.67,1776832986000
1776832987.563,187.563,0.23,0.24,0.76,0.77,0.01,0.01,77634.67,1776832986000
1776832987.972,187.972,0.23,0.24,0.76,0.77,0.01,0.01,77631.94,1776832987000
1776832988.425,188.425,0.23,0.24,0.76,0.77,0.01,0.01,77631.94,1776832987000
1776832988.775,188.775,0.23,0.24,0.76,0.77,0.01,0.01,77631.94,1776832987000
1776832989.203,189.203,0.23,0.25,0.75,0.77,0.02,0.02,77632.1,1776832988000
1776832989.538,189.538,0.23,0.24,0.76,0.77,0.01,0.01,77632.1,1776832988000
1776832990.02,190.02,0.24,0.25,0.75,0.76,0.01,0.01,77632.1,1776832988000
1776832990.633,190.633,0.24,0.25,0.75,0.76,0.01,0.01,77631.94,1776832989000
1776832991.092,191.092,0.24,0.25,0.75,0.76,0.01,0.01,77631.94,1776832989000
1776832991.721,191.721,0.24,0.25,0.75,0.76,0.01,0.01,77632.19,1776832990000
1776832992.073,192.073,0.24,0.25,0.75,0.76,0.01,0.01,77632.19,1776832990000
1776832992.451,192.451,0.24,0.25,0.75,0.76,0.01,0.01,77632.12,1776832991000
1776832993.022,193.022,0.22,0.23,0.77,0.78,0.01,0.01,77632.12,1776832991000
1776832994.168,194.168,0.22,0.25,0.75,0.78,0.03,0.03,77628.82,1776832993000
1776832995.451,195.451,0.22,0.25,0.75,0.78,0.03,0.03,77628.76,1776832994000
1776832996.292,196.292,0.23,0.24,0.75,0.78,0.01,0.03,77628.76,1776832994000
1776832997.065,197.065,0.23,0.24,0.76,0.77,0.01,0.01,77627.18,1776832995000
1776832997.47,197.47,0.23,0.24,0.76,0.77,0.01,0.01,77628.28,1776832996000
1776832997.829,197.829,0.23,0.24,0.76,0.77,0.01,0.01,77628.28,1776832996000
1776832998.212,198.212,0.23,0.24,0.76,0.77,0.01,0.01,77634.26,1776832997000
1776832998.61,198.61,0.23,0.24,0.76,0.77,0.01,0.01,77634.26,1776832997000
1776832998.957,198.957,0.23,0.24,0.76,0.77,0.01,0.01,77634.26,1776832997000
1776832999.307,199.307,0.26,0.28,0.72,0.74,0.02,0.02,77634.26,1776832997000
1776832999.728,199.728,0.26,0.29,0.72,0.74,0.03,0.02,77635.62,1776832998000
1776833000.107,200.107,0.26,0.29,0.71,0.74,0.03,0.03,77639.37,1776832999000
1776833000.615,200.615,0.27,0.3,0.71,0.76,0.03,0.05,77639.37,1776832999000
1776833001.023,201.023,0.28,0.29,0.71,0.72,0.01,0.01,77639.37,1776832999000
1776833001.371,201.371,0.3,0.31,0.69,0.7,0.01,0.01,77639.9,1776833000000
1776833001.713,201.713,0.3,0.31,0.69,0.7,0.01,0.01,77639.9,1776833000000
1776833002.13,202.13,0.3,0.31,0.69,0.71,0.01,0.02,77639.44,1776833001000
1776833002.56,202.56,0.28,0.3,0.7,0.71,0.02,0.01,77639.44,1776833001000
1776833002.944,202.944,0.26,0.27,0.73,0.74,0.01,0.01,77639.44,1776833001000
1776833003.35,203.35,0.24,0.25,0.73,0.76,0.01,0.03,77639.36,1776833002000
1776833003.9,203.9,0.24,0.25,0.75,0.76,0.01,0.01,77639.36,1776833002000
1776833004.347,204.347,0.2,0.25,0.75,0.8,0.05,0.05,77638.34,1776833003000
1776833004.701,204.701,0.21,0.22,0.75,0.8,0.01,0.05,77638.34,1776833003000
1776833005.2,205.2,0.21,0.22,0.78,0.8,0.01,0.02,77638.34,1776833003000
1776833005.605,205.605,0.21,0.22,0.78,0.79,0.01,0.01,77635.27,1776833004000
1776833005.961,205.961,0.21,0.22,0.78,0.79,0.01,0.01,77632.38,1776833005000
1776833006.678,206.678,0.21,0.22,0.78,0.79,0.01,0.01,77632.38,1776833005000
1776833007.032,207.032,0.2,0.21,0.79,0.8,0.01,0.01,77632.38,1776833005000
1776833007.38,207.38,0.18,0.21,0.79,0.82,0.03,0.03,77621.72,1776833006000
1776833007.86,207.86,0.21,0.22,0.78,0.79,0.01,0.01,77621.72,1776833006000
1776833008.235,208.235,0.18,0.21,0.79,0.82,0.03,0.03,77621.72,1776833006000
1776833008.616,208.616,0.17,0.19,0.79,0.82,0.02,0.03,77620.02,1776833007000
1776833008.956,208.956,0.17,0.18,0.82,0.85,0.01,0.03,77620.02,1776833007000
1776833009.342,209.342,0.15,0.16,0.84,0.85,0.01,0.01,77620.02,1776833007000
1776833009.694,209.694,0.15,0.16,0.84,0.85,0.01,0.01,77618.4,1776833008000
1776833010.108,210.108,0.15,0.16,0.84,0.85,0.01,0.01,77618.4,1776833008000
1776833010.449,210.449,0.15,0.16,0.84,0.85,0.01,0.01,77618.4,1776833008000
1776833010.958,210.958,0.15,0.16,0.84,0.85,0.01,0.01,77618.1,1776833009000
1776833011.439,211.439,0.15,0.16,0.84,0.85,0.01,0.01,77617.84,1776833010000
1776833011.859,211.859,0.14,0.15,0.84,0.85,0.01,0.01,77617.84,1776833010000
1776833012.199,212.199,0.14,0.15,0.85,0.86,0.01,0.01,77617.84,1776833010000
1776833012.631,212.631,0.14,0.15,0.85,0.86,0.01,0.01,77617.88,1776833011000
1776833012.964,212.964,0.14,0.15,0.85,0.86,0.01,0.01,77617.88,1776833011000
1776833013.301,213.301,0.14,0.15,0.85,0.86,0.01,0.01,77617.88,1776833011000
1776833014.03,214.03,0.14,0.16,0.84,0.86,0.02,0.02,77617.78,1776833013000
1776833014.457,214.457,0.14,0.15,0.85,0.86,0.01,0.01,77617.78,1776833013000
1776833015.24,215.24,0.14,0.15,0.85,0.86,0.01,0.01,77617.78,1776833013000
1776833015.593,215.593,0.12,0.15,0.85,0.86,0.03,0.01,77617.79,1776833014000
1776833015.932,215.932,0.14,0.17,0.83,0.84,0.03,0.01,77617.79,1776833014000
1776833016.468,216.468,0.14,0.15,0.85,0.86,0.01,0.01,77617.91,1776833015000
1776833017.202,217.202,0.1,0.15,0.85,0.86,0.05,0.01,77617.91,1776833015000
1776833017.627,217.627,0.12,0.14,0.86,0.88,0.02,0.02,77617.91,1776833015000
1776833018.147,218.147,0.11,0.12,0.88,0.89,0.01,0.01,77618.06,1776833016000
1776833018.528,218.528,0.11,0.12,0.88,0.89,0.01,0.01,77618.06,1776833017000
1776833018.919,218.919,0.11,0.14,0.86,0.89,0.03,0.03,77618.06,1776833017000
1776833019.282,219.282,0.11,0.14,0.87,0.89,0.03,0.02,77618.06,1776833017000
1776833019.802,219.802,0.11,0.12,0.88,0.89,0.01,0.01,77615.51,1776833018000
1776833020.283,220.283,0.11,0.12,0.88,0.89,0.01,0.01,77615.51,1776833018000
1776833020.671,220.671,0.11,0.12,0.88,0.89,0.01,0.01,77615.52,1776833019000
1776833021.005,221.005,0.11,0.12,0.88,0.89,0.01,0.01,77615.52,1776833019000
1776833021.358,221.358,0.11,0.12,0.88,0.89,0.01,0.01,77615.52,1776833020000
1776833021.712,221.712,0.11,0.12,0.88,0.89,0.01,0.01,77615.52,1776833020000
1776833022.096,222.096,0.11,0.12,0.88,0.89,0.01,0.01,77615.52,1776833020000
1776833022.489,222.489,0.11,0.12,0.88,0.89,0.01,0.01,77615.52,1776833021000
1776833022.833,222.833,0.11,0.12,0.88,0.9,0.01,0.02,77615.52,1776833021000
1776833023.168,223.168,0.11,0.12,0.88,0.89,0.01,0.01,77615.52,1776833021000
1776833023.537,223.537,0.11,0.12,0.88,0.89,0.01,0.01,77615.52,1776833021000
1776833023.878,223.878,0.11,0.12,0.88,0.89,0.01,0.01,77615.52,1776833022000
1776833024.221,224.221,0.11,0.12,0.88,0.89,0.01,0.01,77615.52,1776833022000
1776833024.573,224.573,0.11,0.12,0.88,0.89,0.01,0.01,77615.52,1776833023000
1776833024.912,224.912,0.11,0.12,0.88,0.89,0.01,0.01,77615.52,1776833023000
1776833025.251,225.251,0.11,0.12,0.88,0.89,0.01,0.01,77615.52,1776833023000
1776833025.601,225.601,0.11,0.12,0.88,0.89,0.01,0.01,77615.52,1776833024000
1776833025.946,225.946,0.11,0.12,0.88,0.89,0.01,0.01,77615.52,1776833024000
1776833026.294,226.294,0.11,0.12,0.88,0.89,0.01,0.01,77615.52,1776833024000
1776833026.669,226.669,0.11,0.12,0.88,0.89,0.01,0.01,77615.52,1776833024000
1776833027.09,227.09,0.1,0.11,0.89,0.9,0.01,0.01,77615.52,1776833025000
1776833027.445,227.445,0.1,0.11,0.89,0.9,0.01,0.01,77615.55,1776833026000
1776833027.794,227.794,0.1,0.11,0.89,0.9,0.01,0.01,77615.55,1776833026000
1776833028.247,228.247,0.1,0.11,0.89,0.9,0.01,0.01,77615.55,1776833026000
1776833028.775,228.775,0.1,0.11,0.89,0.9,0.01,0.01,77615.55,1776833027000
1776833029.146,229.146,0.14,0.15,0.85,0.87,0.01,0.02,77615.55,1776833027000
1776833029.504,229.504,0.14,0.15,0.85,0.86,0.01,0.01,77615.47,1776833028000
1776833029.954,229.954,0.14,0.15,0.85,0.86,0.01,0.01,77615.47,1776833028000
1776833030.415,230.415,0.14,0.15,0.85,0.86,0.01,0.01,77617.7,1776833029000
1776833030.763,230.763,0.14,0.15,0.85,0.86,0.01,0.01,77617.7,1776833029000
1776833031.114,231.114,0.14,0.15,0.85,0.86,0.01,0.01,77617.7,1776833029000
1776833031.533,231.533,0.13,0.14,0.86,0.88,0.01,0.02,77621.15,1776833030000
1776833031.94,231.94,0.13,0.14,0.86,0.87,0.01,0.01,77621.15,1776833030000
1776833032.362,232.362,0.13,0.14,0.86,0.87,0.01,0.01,77621.79,1776833031000
1776833032.785,232.785,0.13,0.14,0.86,0.87,0.01,0.01,77621.79,1776833031000
1776833033.193,233.193,0.13,0.15,0.85,0.87,0.02,0.02,77621.79,1776833031000
1776833033.61,233.61,0.17,0.18,0.83,0.85,0.01,0.02,77620.68,1776833032000
1776833034.028,234.028,0.17,0.18,0.82,0.83,0.01,0.01,77620.68,1776833032000
1776833034.528,234.528,0.17,0.18,0.82,0.83,0.01,0.01,77620.68,1776833032000
1776833034.865,234.865,0.19,0.2,0.8,0.81,0.01,0.01,77617.09,1776833033000
1776833035.266,235.266,0.19,0.2,0.8,0.81,0.01,0.01,77617.5,1776833034000
1776833035.711,235.711,0.19,0.2,0.8,0.81,0.01,0.01,77617.5,1776833034000
1776833036.071,236.071,0.19,0.2,0.8,0.81,0.01,0.01,77618.9,1776833035000
1776833036.575,236.575,0.19,0.2,0.8,0.81,0.01,0.01,77618.9,1776833035000
1776833036.99,236.99,0.19,0.2,0.8,0.82,0.01,0.02,77618.9,1776833035000
1776833037.476,237.476,0.18,0.19,0.8,0.82,0.01,0.02,77618.9,1776833036000
1776833037.889,237.889,0.17,0.18,0.82,0.83,0.01,0.01,77618.9,1776833036000
1776833038.287,238.287,0.16,0.17,0.82,0.84,0.01,0.02,77619.02,1776833037000
1776833038.726,238.726,0.12,0.13,0.86,0.88,0.01,0.02,77619.02,1776833037000
1776833039.059,239.059,0.1,0.11,0.89,0.9,0.01,0.01,77619.02,1776833037000
1776833039.41,239.41,0.09,0.1,0.9,0.91,0.01,0.01,77618.88,1776833038000
1776833039.832,239.832,0.09,0.1,0.9,0.91,0.01,0.01,77618.88,1776833038000
1776833040.226,240.226,0.09,0.1,0.9,0.91,0.01,0.01,77617.56,1776833039000
1776833040.572,240.572,0.07,0.09,0.91,0.93,0.02,0.02,77617.56,1776833039000
1776833040.977,240.977,0.06,0.07,0.93,0.94,0.01,0.01,77617.56,1776833039000
1776833041.334,241.334,0.05,0.06,0.93,0.95,0.01,0.02,77597.72,1776833040000
1776833041.696,241.696,0.05,0.06,0.94,0.95,0.01,0.01,77597.72,1776833040000
1776833042.036,242.036,0.04,0.06,0.94,0.95,0.02,0.01,77597.72,1776833040000
1776833042.387,242.387,0.04,0.05,0.95,0.96,0.01,0.01,77596.25,1776833041000
1776833042.735,242.735,0.04,0.05,0.95,0.96,0.01,0.01,77596.25,1776833041000
1776833043.093,243.093,0.04,0.05,0.95,0.96,0.01,0.01,77596.25,1776833041000
1776833043.5,243.5,0.04,0.05,0.95,0.96,0.01,0.01,77596.25,1776833041000
1776833043.847,243.847,0.04,0.05,0.95,0.96,0.01,0.01,77596.25,1776833041000
1776833044.253,244.253,0.03,0.04,0.96,0.97,0.01,0.01,77594.85,1776833042000
1776833044.601,244.601,0.03,0.04,0.96,0.97,0.01,0.01,77594.85,1776833042000
1776833045.017,245.017,0.03,0.04,0.96,0.97,0.01,0.01,77594.26,1776833043000
1776833045.35,245.35,0.03,0.04,0.96,0.97,0.01,0.01,77594.26,1776833044000
1776833045.694,245.694,0.03,0.04,0.96,0.97,0.01,0.01,77594.26,1776833044000
1776833046.041,246.041,0.03,0.04,0.96,0.97,0.01,0.01,77594.26,1776833044000
1776833046.433,246.433,0.03,0.04,0.96,0.97,0.01,0.01,77594.26,1776833045000
1776833046.995,246.995,0.02,0.03,0.97,0.98,0.01,0.01,77594.26,1776833045000
1776833047.362,247.362,0.02,0.03,0.97,0.98,0.01,0.01,77594.26,1776833045000
1776833047.709,247.709,0.02,0.03,0.97,0.98,0.01,0.01,77592.46,1776833046000
1776833048.171,248.171,0.03,0.04,0.96,0.97,0.01,0.01,77592.14,1776833047000
1776833048.505,248.505,0.06,0.07,0.93,0.94,0.01,0.01,77592.14,1776833047000
1776833048.844,248.844,0.07,0.08,0.92,0.94,0.01,0.02,77592.14,1776833047000
1776833049.224,249.224,0.06,0.08,0.92,0.94,0.02,0.02,77583.59,1776833048000
1776833049.558,249.558,0.06,0.08,0.93,0.94,0.02,0.01,77583.59,1776833048000
1776833049.896,249.896,0.06,0.07,0.93,0.94,0.01,0.01,77583.59,1776833048000
1776833050.326,250.326,0.07,0.08,0.92,0.93,0.01,0.01,77583.34,1776833049000
1776833050.671,250.671,0.08,0.09,0.91,0.92,0.01,0.01,77583.34,1776833049000
1776833051.091,251.091,0.08,0.09,0.91,0.92,0.01,0.01,77585.06,1776833050000
1776833051.457,251.457,0.08,0.09,0.91,0.92,0.01,0.01,77585.06,1776833050000
1776833051.833,251.833,0.08,0.09,0.91,0.92,0.01,0.01,77585.06,1776833050000
1776833052.209,252.209,0.08,0.09,0.91,0.92,0.01,0.01,77583.27,1776833051000
1776833052.627,252.627,0.07,0.09,0.91,0.92,0.02,0.01,77583.27,1776833051000
1776833053.055,253.055,0.07,0.08,0.92,0.93,0.01,0.01,77583.27,1776833051000
1776833053.471,253.471,0.06,0.07,0.92,0.94,0.01,0.02,77585.0,1776833052000
1776833053.924,253.924,0.04,0.05,0.91,0.96,0.01,0.05,77585.0,1776833052000
1776833054.34,254.34,0.04,0.05,0.95,0.96,0.01,0.01,77584.99,1776833053000
1776833054.704,254.704,0.05,0.06,0.94,0.95,0.01,0.01,77584.99,1776833053000
1776833055.16,255.16,0.05,0.06,0.94,0.95,0.01,0.01,77584.54,1776833054000
1776833055.571,255.571,0.03,0.04,0.96,0.97,0.01,0.01,77584.54,1776833054000
1776833056.08,256.08,0.03,0.04,0.96,0.97,0.01,0.01,77584.54,1776833054000
1776833056.471,256.471,0.03,0.04,0.96,0.97,0.01,0.01,77584.02,1776833055000
1776833056.848,256.848,0.01,0.02,0.96,0.98,0.01,0.02,77584.02,1776833055000
1776833057.185,257.185,0.01,0.02,0.98,0.99,0.01,0.01,77584.02,1776833055000
1776833057.593,257.593,0.01,0.02,0.98,0.99,0.01,0.01,77583.49,1776833056000
1776833057.984,257.984,0.01,0.02,0.98,0.99,0.01,0.01,77583.49,1776833056000
1776833058.378,258.378,0.01,0.02,0.98,0.99,0.01,0.01,77583.49,1776833056000
1776833058.768,258.768,0.01,0.02,0.98,0.99,0.01,0.01,77582.26,1776833057000
1776833059.14,259.14,0.01,0.02,0.98,0.99,0.01,0.01,77582.26,1776833057000
1776833059.477,259.477,0.01,0.01,0.99,0.99,0.0,0.0,77582.2,1776833058000
1776833059.862,259.862,0.01,0.01,0.99,0.99,0.0,0.0,77582.2,1776833058000
1776833060.249,260.249,0.01,0.01,0.99,0.99,0.0,0.0,77579.73,1776833059000
1776833060.616,260.616,0.01,0.01,0.99,0.99,0.0,0.0,77579.73,1776833059000
1776833061.037,261.037,0.01,0.01,0.99,0.99,0.0,0.0,77579.73,1776833059000
1776833061.38,261.38,0.01,0.01,0.99,0.99,0.0,0.0,77572.62,1776833060000
1776833062.484,262.484,0.01,0.01,0.99,0.99,0.0,0.0,77573.52,1776833061000
1776833062.823,262.823,0.01,0.01,0.99,0.99,0.0,0.0,77573.52,1776833061000
1776833063.207,263.207,0.01,0.01,0.99,0.99,0.0,0.0,77573.76,1776833062000
1776833064.179,264.179,0.01,0.01,0.99,0.99,0.0,0.0,77574.06,1776833063000
1776833064.515,264.515,0.01,0.01,0.99,0.99,0.0,0.0,77574.06,1776833063000
1776833065.041,265.041,0.01,0.08,0.99,0.99,0.07,0.0,77574.06,1776833063000
1776833065.395,265.395,0.02,0.03,0.97,0.98,0.01,0.01,77573.81,1776833064000
1776833065.765,265.765,0.02,0.03,0.97,0.98,0.01,0.01,77573.81,1776833064000
1776833066.146,266.146,0.02,0.03,0.97,0.98,0.01,0.01,77576.34,1776833065000
1776833066.582,266.582,0.01,0.02,0.98,0.99,0.01,0.01,77576.34,1776833065000
1776833066.953,266.953,0.01,0.02,0.98,0.99,0.01,0.01,77576.34,1776833065000
1776833067.347,267.347,0.01,0.02,0.98,0.99,0.01,0.01,77577.72,1776833066000
1776833067.864,267.864,0.01,0.02,0.98,0.99,0.01,0.01,77577.72,1776833066000
1776833068.221,268.221,0.01,0.02,0.98,0.99,0.01,0.01,77577.06,1776833067000
1776833068.991,268.991,0.01,0.01,0.98,0.99,0.0,0.01,77577.06,1776833067000
1776833069.338,269.338,0.01,0.01,0.99,0.99,0.0,0.0,77577.47,1776833068000
1776833069.85,269.85,0.01,0.01,0.99,0.99,0.0,0.0,77577.47,1776833068000
1776833070.212,270.212,0.01,0.01,0.99,0.99,0.0,0.0,77577.35,1776833069000
1776833070.712,270.712,0.01,0.01,0.99,0.99,0.0,0.0,77577.35,1776833069000
1776833071.166,271.166,0.01,0.01,0.99,0.99,0.0,0.0,77577.35,1776833069000
1776833071.55,271.55,0.01,0.01,0.99,0.99,0.0,0.0,77577.35,1776833069000
1776833071.958,271.958,0.01,0.01,0.99,0.99,0.0,0.0,77577.34,1776833070000
1776833072.316,272.316,0.01,0.01,0.99,0.99,0.0,0.0,77577.34,1776833070000
1776833072.829,272.829,0.01,0.01,0.99,0.99,0.0,0.0,77577.34,1776833071000
1776833073.468,273.468,0.01,0.01,0.99,0.99,0.0,0.0,77576.4,1776833072000
1776833074.0,274.0,0.01,0.01,0.99,0.99,0.0,0.0,77576.4,1776833073000
1776833074.974,274.974,0.01,0.01,0.99,0.99,0.0,0.0,77574.34,1776833074000
1776833076.176,276.176,0.01,0.01,0.99,0.99,0.0,0.0,77574.56,1776833075000
1776833076.526,276.526,0.01,0.01,0.99,0.99,0.0,0.0,77574.56,1776833075000
1776833077.282,277.282,0.01,0.01,0.99,0.99,0.0,0.0,77574.56,1776833075000
1776833078.104,278.104,0.01,0.01,0.99,0.99,0.0,0.0,77573.96,1776833077000
1776833079.202,279.202,0.01,0.01,0.99,0.99,0.0,0.0,77573.96,1776833078000
1776833080.305,280.305,0.01,0.01,0.99,0.99,0.0,0.0,77574.34,1776833079000
1776833081.573,281.573,0.01,0.01,0.99,0.99,0.0,0.0,77574.35,1776833080000
1776833082.128,282.128,0.01,0.01,0.99,0.99,0.0,0.0,77574.36,1776833081000
1776833082.514,282.514,0.01,0.01,0.99,0.99,0.0,0.0,77574.36,1776833081000
1776833083.311,283.311,0.01,0.01,0.99,0.99,0.0,0.0,77574.36,1776833082000
1776833084.493,284.493,0.01,0.01,0.99,0.99,0.0,0.0,77574.34,1776833083000
1776833085.205,285.205,0.01,0.01,0.99,0.99,0.0,0.0,77574.33,1776833084000
1776833086.311,286.311,0.01,0.01,0.99,0.99,0.0,0.0,77574.33,1776833084000
1776833087.321,287.321,0.01,0.01,0.99,0.99,0.0,0.0,77580.07,1776833086000
1776833088.322,288.322,0.01,0.01,0.99,0.99,0.0,0.0,77575.73,1776833087000
1776833088.892,288.892,0.01,0.01,0.99,0.99,0.0,0.0,77575.73,1776833087000
1776833089.25,289.25,0.01,0.01,0.99,0.99,0.0,0.0,77574.54,1776833088000
1776833089.906,289.906,0.01,0.01,0.99,0.99,0.0,0.0,77574.54,1776833088000
1776833090.361,290.361,0.01,0.01,0.99,0.99,0.0,0.0,77574.5,1776833089000
1776833090.734,290.734,0.01,0.01,0.99,0.99,0.0,0.0,77574.5,1776833089000
1776833091.198,291.198,0.01,0.01,0.99,0.99,0.0,0.0,77574.47,1776833090000
1776833092.226,292.226,0.01,0.01,0.99,0.99,0.0,0.0,77574.48,1776833091000
1776833093.17,293.17,0.01,0.01,0.99,0.99,0.0,0.0,77574.47,1776833092000
1776833094.17,294.17,0.01,0.01,0.99,0.99,0.0,0.0,77574.47,1776833093000
1776833095.158,295.158,0.01,0.01,0.99,0.99,0.0,0.0,77574.48,1776833094000
1776833096.131,296.131,0.01,0.01,0.99,0.99,0.0,0.0,77574.48,1776833095000
1776833097.133,297.133,0.01,0.01,0.99,0.99,0.0,0.0,77574.63,1776833096000
1776833098.14,298.14,0.01,0.01,0.99,0.99,0.0,0.0,77574.49,1776833097000
1776833099.157,299.157,0.01,0.01,0.99,0.99,0.0,0.0,77571.75,1776833098000
1776833100.207,300.207,0.01,0.01,0.99,0.99,0.0,0.0,77571.77,1776833099000
1776833100.883,300.883,0.01,0.01,0.99,0.99,0.0,0.0,77571.77,1776833099000

# RESULT,winner=Down,slug=btc-updown-5m-1776832800,ticks=664
