timestamp,elapsed_sec,up_bid,up_ask,down_bid,down_ask,up_spread,down_spread,btc_price,btc_oracle_ts
1776285900.772,0.772,0.51,0.52,0.48,0.49,0.01,0.01,74763.11,1776285899000
1776285901.357,1.357,0.52,0.53,0.47,0.48,0.01,0.01,74763.11,1776285900000
1776285901.796,1.796,0.52,0.53,0.47,0.48,0.01,0.01,74763.11,1776285900000
1776285902.154,2.154,0.52,0.53,0.47,0.48,0.01,0.01,74763.11,1776285900000
1776285902.52,2.52,0.52,0.53,0.47,0.48,0.01,0.01,74763.32,1776285901000
1776285902.863,2.863,0.55,0.56,0.44,0.45,0.01,0.01,74763.32,1776285901000
1776285903.21,3.21,0.58,0.59,0.42,0.43,0.01,0.01,74763.32,1776285901000
1776285903.567,3.567,0.57,0.58,0.42,0.43,0.01,0.01,74763.32,1776285901000
1776285903.904,3.904,0.59,0.64,0.4,0.42,0.05,0.02,74763.84,1776285902000
1776285904.246,4.246,0.63,0.66,0.34,0.37,0.03,0.03,74763.84,1776285902000
1776285904.613,4.613,0.65,0.66,0.34,0.36,0.01,0.02,74767.39,1776285903000
1776285904.955,4.955,0.63,0.65,0.35,0.37,0.02,0.02,74767.39,1776285903000
1776285905.311,5.311,0.55,0.57,0.42,0.45,0.02,0.03,74772.71,1776285904000
1776285905.67,5.67,0.56,0.59,0.43,0.44,0.03,0.01,74772.71,1776285904000
1776285906.058,6.058,0.56,0.57,0.43,0.44,0.01,0.01,74772.71,1776285904000
1776285906.434,6.434,0.54,0.55,0.44,0.47,0.01,0.03,74784.8,1776285905000
1776285906.77,6.77,0.53,0.54,0.45,0.47,0.01,0.02,74784.8,1776285905000
1776285907.315,7.315,0.53,0.54,0.46,0.47,0.01,0.01,74784.8,1776285905000
1776285907.658,7.658,0.53,0.54,0.46,0.47,0.01,0.01,74775.59,1776285906000
1776285908.01,8.01,0.53,0.54,0.46,0.47,0.01,0.01,74775.59,1776285906000
1776285908.487,8.487,0.53,0.54,0.46,0.47,0.01,0.01,74773.34,1776285907000
1776285908.995,8.995,0.53,0.54,0.46,0.47,0.01,0.01,74768.72,1776285908000
1776285909.335,9.335,0.53,0.54,0.46,0.47,0.01,0.01,74768.72,1776285908000
1776285909.702,9.702,0.53,0.54,0.46,0.47,0.01,0.01,74768.72,1776285908000
1776285910.104,10.104,0.53,0.54,0.46,0.47,0.01,0.01,74768.64,1776285909000
1776285910.6,10.6,0.53,0.54,0.46,0.47,0.01,0.01,74768.64,1776285909000
1776285910.938,10.938,0.53,0.54,0.46,0.47,0.01,0.01,74768.63,1776285910000
1776285911.272,11.272,0.53,0.54,0.46,0.47,0.01,0.01,74768.63,1776285910000
1776285911.828,11.828,0.53,0.54,0.46,0.47,0.01,0.01,74768.63,1776285910000
1776285912.207,12.207,0.53,0.54,0.46,0.47,0.01,0.01,74768.61,1776285911000
1776285912.653,12.653,0.53,0.54,0.46,0.47,0.01,0.01,74768.61,1776285911000
1776285913.025,13.025,0.53,0.54,0.46,0.47,0.01,0.01,74768.61,1776285911000
1776285913.377,13.377,0.53,0.54,0.46,0.47,0.01,0.01,74768.21,1776285912000
1776285913.796,13.796,0.52,0.53,0.47,0.48,0.01,0.01,74768.21,1776285912000
1776285914.202,14.202,0.52,0.53,0.47,0.48,0.01,0.01,74767.68,1776285913000
1776285914.548,14.548,0.51,0.52,0.48,0.49,0.01,0.01,74767.68,1776285913000
1776285915.036,15.036,0.51,0.52,0.48,0.49,0.01,0.01,74767.68,1776285913000
1776285915.424,15.424,0.51,0.52,0.48,0.49,0.01,0.01,74766.55,1776285914000
1776285915.98,15.98,0.51,0.52,0.48,0.49,0.01,0.01,74766.55,1776285914000
1776285916.42,16.42,0.51,0.52,0.48,0.49,0.01,0.01,74765.49,1776285915000
1776285917.19,17.19,0.51,0.52,0.48,0.49,0.01,0.01,74765.49,1776285915000
1776285917.662,17.662,0.51,0.52,0.48,0.49,0.01,0.01,74765.52,1776285916000
1776285918.158,18.158,0.51,0.52,0.48,0.49,0.01,0.01,74765.52,1776285916000
1776285918.506,18.506,0.51,0.52,0.48,0.49,0.01,0.01,74765.56,1776285917000
1776285919.501,19.501,0.51,0.52,0.48,0.49,0.01,0.01,74765.56,1776285918000
1776285919.898,19.898,0.48,0.49,0.51,0.52,0.01,0.01,74765.56,1776285918000
1776285920.234,20.234,0.48,0.49,0.51,0.52,0.01,0.01,74765.46,1776285919000
1776285920.585,20.585,0.48,0.49,0.51,0.52,0.01,0.01,74765.46,1776285919000
1776285920.975,20.975,0.48,0.49,0.51,0.52,0.01,0.01,74765.46,1776285919000
1776285921.55,21.55,0.48,0.49,0.51,0.52,0.01,0.01,74765.49,1776285920000
1776285921.969,21.969,0.48,0.49,0.51,0.52,0.01,0.01,74765.49,1776285920000
1776285922.307,22.307,0.51,0.53,0.47,0.49,0.02,0.02,74759.58,1776285921000
1776285922.64,22.64,0.51,0.52,0.46,0.49,0.01,0.03,74759.58,1776285921000
1776285923.077,23.077,0.53,0.54,0.46,0.48,0.01,0.02,74759.58,1776285921000
1776285923.412,23.412,0.53,0.55,0.46,0.47,0.02,0.01,74759.57,1776285922000
1776285923.9,23.9,0.54,0.55,0.45,0.46,0.01,0.01,74759.57,1776285922000
1776285924.276,24.276,0.54,0.55,0.45,0.46,0.01,0.01,74759.57,1776285922000
1776285924.619,24.619,0.54,0.55,0.45,0.46,0.01,0.01,74764.83,1776285923000
1776285924.952,24.952,0.54,0.55,0.45,0.46,0.01,0.01,74764.83,1776285923000
1776285925.351,25.351,0.54,0.55,0.45,0.46,0.01,0.01,74764.83,1776285923000
1776285925.791,25.791,0.54,0.55,0.45,0.46,0.01,0.01,74766.27,1776285924000
1776285926.254,26.254,0.54,0.56,0.45,0.46,0.02,0.01,74768.09,1776285925000
1776285926.591,26.591,0.55,0.56,0.44,0.46,0.01,0.02,74768.09,1776285925000
1776285926.925,26.925,0.55,0.56,0.44,0.45,0.01,0.01,74768.09,1776285925000
1776285927.347,27.347,0.55,0.56,0.44,0.45,0.01,0.01,74767.13,1776285926000
1776285927.931,27.931,0.55,0.56,0.44,0.45,0.01,0.01,74767.13,1776285926000
1776285928.285,28.285,0.55,0.56,0.44,0.45,0.01,0.01,74767.24,1776285927000
1776285929.116,29.116,0.55,0.56,0.44,0.45,0.01,0.01,74767.24,1776285927000
1776285929.466,29.466,0.57,0.59,0.41,0.43,0.02,0.02,74767.41,1776285928000
1776285929.86,29.86,0.58,0.59,0.41,0.42,0.01,0.01,74767.41,1776285928000
1776285930.209,30.209,0.58,0.59,0.41,0.42,0.01,0.01,74767.41,1776285928000
1776285930.616,30.616,0.58,0.59,0.41,0.42,0.01,0.01,74767.88,1776285929000
1776285931.118,31.118,0.58,0.59,0.41,0.42,0.01,0.01,74767.88,1776285929000
1776285931.481,31.481,0.58,0.59,0.41,0.42,0.01,0.01,74770.92,1776285930000
1776285932.027,32.027,0.58,0.59,0.41,0.42,0.01,0.01,74774.79,1776285931000
1776285932.361,32.361,0.58,0.59,0.41,0.42,0.01,0.01,74774.79,1776285931000
1776285933.056,33.056,0.58,0.59,0.41,0.42,0.01,0.01,74774.79,1776285931000
1776285933.641,33.641,0.58,0.59,0.41,0.42,0.01,0.01,74774.95,1776285932000
1776285934.003,34.003,0.51,0.55,0.44,0.47,0.04,0.03,74774.95,1776285932000
1776285934.342,34.342,0.49,0.52,0.48,0.51,0.03,0.03,74775.35,1776285933000
1776285934.692,34.692,0.47,0.48,0.52,0.53,0.01,0.01,74775.35,1776285933000
1776285935.027,35.027,0.47,0.48,0.52,0.53,0.01,0.01,74774.3,1776285934000
1776285935.381,35.381,0.46,0.47,0.53,0.54,0.01,0.01,74774.3,1776285934000
1776285935.768,35.768,0.47,0.48,0.52,0.53,0.01,0.01,74774.3,1776285934000
1776285936.35,36.35,0.47,0.48,0.52,0.53,0.01,0.01,74762.61,1776285935000
1776285936.773,36.773,0.46,0.47,0.52,0.54,0.01,0.02,74762.61,1776285935000
1776285937.151,37.151,0.46,0.47,0.53,0.54,0.01,0.01,74756.11,1776285936000
1776285937.517,37.517,0.46,0.47,0.53,0.54,0.01,0.01,74756.11,1776285936000
1776285937.884,37.884,0.46,0.47,0.53,0.54,0.01,0.01,74756.11,1776285936000
1776285938.279,38.279,0.46,0.47,0.53,0.54,0.01,0.01,74756.89,1776285937000
1776285938.808,38.808,0.46,0.47,0.53,0.54,0.01,0.01,74756.89,1776285937000
1776285939.204,39.204,0.46,0.47,0.53,0.54,0.01,0.01,74756.24,1776285938000
1776285939.645,39.645,0.46,0.47,0.53,0.54,0.01,0.01,74756.24,1776285938000
1776285940.044,40.044,0.46,0.47,0.53,0.54,0.01,0.01,74756.24,1776285939000
1776285940.389,40.389,0.46,0.47,0.53,0.54,0.01,0.01,74756.24,1776285939000
1776285940.744,40.744,0.46,0.47,0.53,0.54,0.01,0.01,74756.24,1776285939000
1776285941.208,41.208,0.46,0.47,0.53,0.54,0.01,0.01,74756.26,1776285940000
1776285941.541,41.541,0.46,0.47,0.53,0.54,0.01,0.01,74756.26,1776285940000
1776285941.907,41.907,0.45,0.47,0.53,0.54,0.02,0.01,74756.26,1776285940000
1776285942.323,42.323,0.44,0.45,0.54,0.56,0.01,0.02,74756.26,1776285940000
1776285942.673,42.673,0.44,0.45,0.55,0.56,0.01,0.01,74756.53,1776285941000
1776285943.015,43.015,0.44,0.45,0.55,0.56,0.01,0.01,74756.53,1776285941000
1776285943.363,43.363,0.44,0.45,0.55,0.56,0.01,0.01,74754.57,1776285942000
1776285943.771,43.771,0.44,0.45,0.55,0.56,0.01,0.01,74754.57,1776285942000
1776285944.209,44.209,0.44,0.45,0.55,0.56,0.01,0.01,74754.57,1776285942000
1776285944.655,44.655,0.44,0.45,0.55,0.56,0.01,0.01,74753.3,1776285943000
1776285945.449,45.449,0.44,0.45,0.55,0.56,0.01,0.01,74753.5,1776285944000
1776285945.818,45.818,0.44,0.45,0.55,0.56,0.01,0.01,74753.5,1776285944000
1776285946.163,46.163,0.44,0.45,0.55,0.56,0.01,0.01,74753.64,1776285945000
1776285946.511,46.511,0.45,0.46,0.54,0.55,0.01,0.01,74753.64,1776285945000
1776285946.865,46.865,0.45,0.46,0.54,0.55,0.01,0.01,74753.64,1776285945000
1776285947.346,47.346,0.45,0.46,0.54,0.55,0.01,0.01,74753.68,1776285946000
1776285947.842,47.842,0.45,0.46,0.54,0.55,0.01,0.01,74753.68,1776285946000
1776285948.398,48.398,0.45,0.46,0.54,0.55,0.01,0.01,74753.68,1776285946000
1776285948.811,48.811,0.45,0.46,0.54,0.55,0.01,0.01,74753.68,1776285947000
1776285949.972,49.972,0.45,0.46,0.54,0.55,0.01,0.01,74753.6,1776285948000
1776285950.471,50.471,0.45,0.46,0.54,0.55,0.01,0.01,74753.92,1776285949000
1776285950.864,50.864,0.45,0.46,0.54,0.55,0.01,0.01,74753.92,1776285949000
1776285951.199,51.199,0.45,0.46,0.54,0.55,0.01,0.01,74753.92,1776285949000
1776285951.629,51.629,0.45,0.46,0.54,0.55,0.01,0.01,74755.14,1776285950000
1776285952.028,52.028,0.45,0.46,0.54,0.55,0.01,0.01,74755.39,1776285951000
1776285952.746,52.746,0.45,0.46,0.54,0.55,0.01,0.01,74755.39,1776285951000
1776285953.462,53.462,0.45,0.46,0.54,0.55,0.01,0.01,74755.4,1776285952000
1776285953.857,53.857,0.45,0.46,0.54,0.55,0.01,0.01,74755.4,1776285952000
1776285954.289,54.289,0.45,0.46,0.54,0.55,0.01,0.01,74754.17,1776285953000
1776285954.643,54.643,0.45,0.46,0.54,0.55,0.01,0.01,74754.17,1776285953000
1776285955.4,55.4,0.45,0.46,0.54,0.55,0.01,0.01,74753.32,1776285954000
1776285955.75,55.75,0.45,0.46,0.54,0.55,0.01,0.01,74753.32,1776285954000
1776285956.155,56.155,0.44,0.45,0.54,0.56,0.01,0.02,74753.31,1776285955000
1776285956.617,56.617,0.44,0.45,0.55,0.56,0.01,0.01,74753.31,1776285955000
1776285956.984,56.984,0.43,0.44,0.56,0.57,0.01,0.01,74752.16,1776285956000
1776285957.723,57.723,0.42,0.43,0.56,0.58,0.01,0.02,74752.16,1776285956000
1776285958.063,58.063,0.42,0.43,0.57,0.58,0.01,0.01,74749.37,1776285957000
1776285958.422,58.422,0.42,0.43,0.57,0.58,0.01,0.01,74749.37,1776285957000
1776285959.08,59.08,0.42,0.43,0.57,0.58,0.01,0.01,74749.59,1776285958000
1776285959.587,59.587,0.41,0.42,0.58,0.59,0.01,0.01,74749.59,1776285958000
1776285959.966,59.966,0.41,0.42,0.58,0.59,0.01,0.01,74749.59,1776285958000
1776285960.312,60.312,0.41,0.42,0.58,0.59,0.01,0.01,74749.59,1776285958000
1776285960.865,60.865,0.41,0.42,0.58,0.59,0.01,0.01,74749.55,1776285959000
1776285961.31,61.31,0.41,0.42,0.58,0.59,0.01,0.01,74749.55,1776285959000
1776285961.69,61.69,0.47,0.48,0.52,0.54,0.01,0.02,74749.1,1776285960000
1776285962.034,62.034,0.47,0.48,0.52,0.53,0.01,0.01,74749.1,1776285960000
1776285962.379,62.379,0.48,0.49,0.51,0.52,0.01,0.01,74749.1,1776285961000
1776285962.778,62.778,0.48,0.49,0.51,0.52,0.01,0.01,74749.1,1776285961000
1776285963.267,63.267,0.48,0.49,0.51,0.52,0.01,0.01,74749.1,1776285961000
1776285963.839,63.839,0.48,0.49,0.51,0.52,0.01,0.01,74751.62,1776285962000
1776285964.181,64.181,0.5,0.53,0.47,0.5,0.03,0.03,74751.62,1776285962000
1776285964.515,64.515,0.53,0.54,0.46,0.47,0.01,0.01,74758.71,1776285963000
1776285964.894,64.894,0.52,0.54,0.46,0.48,0.02,0.02,74758.71,1776285963000
1776285965.402,65.402,0.53,0.54,0.46,0.47,0.01,0.01,74759.68,1776285964000
1776285965.785,65.785,0.48,0.49,0.51,0.52,0.01,0.01,74759.68,1776285964000
1776285966.256,66.256,0.48,0.49,0.51,0.52,0.01,0.01,74764.28,1776285965000
1776285966.615,66.615,0.48,0.49,0.51,0.52,0.01,0.01,74764.28,1776285965000
1776285966.991,66.991,0.48,0.49,0.51,0.52,0.01,0.01,74764.28,1776285965000
1776285967.327,67.327,0.48,0.49,0.51,0.52,0.01,0.01,74764.28,1776285965000
1776285967.689,67.689,0.48,0.49,0.51,0.52,0.01,0.01,74759.73,1776285966000
1776285968.064,68.064,0.55,0.56,0.44,0.45,0.01,0.01,74759.73,1776285966000
1776285968.453,68.453,0.56,0.57,0.43,0.45,0.01,0.02,74757.19,1776285967000
1776285968.85,68.85,0.57,0.58,0.42,0.43,0.01,0.01,74757.19,1776285967000
1776285969.342,69.342,0.57,0.58,0.42,0.43,0.01,0.01,74762.35,1776285968000
1776285969.705,69.705,0.58,0.59,0.41,0.42,0.01,0.01,74762.35,1776285968000
1776285970.179,70.179,0.58,0.59,0.41,0.42,0.01,0.01,74762.35,1776285968000
1776285970.516,70.516,0.58,0.59,0.41,0.42,0.01,0.01,74769.01,1776285969000
1776285970.875,70.875,0.58,0.59,0.41,0.42,0.01,0.01,74769.01,1776285969000
1776285971.296,71.296,0.58,0.59,0.41,0.42,0.01,0.01,74770.88,1776285970000
1776285971.675,71.675,0.58,0.59,0.41,0.42,0.01,0.01,74770.88,1776285970000
1776285972.345,72.345,0.58,0.59,0.41,0.42,0.01,0.01,74772.46,1776285971000
1776285972.921,72.921,0.58,0.59,0.41,0.42,0.01,0.01,74772.46,1776285971000
1776285973.308,73.308,0.58,0.59,0.41,0.42,0.01,0.01,74772.46,1776285972000
1776285973.743,73.743,0.65,0.66,0.35,0.36,0.01,0.01,74772.46,1776285972000
1776285974.138,74.138,0.65,0.67,0.33,0.35,0.02,0.02,74771.43,1776285973000
1776285974.474,74.474,0.66,0.67,0.33,0.34,0.01,0.01,74771.43,1776285973000
1776285974.937,74.937,0.66,0.67,0.33,0.34,0.01,0.01,74771.43,1776285973000
1776285975.312,75.312,0.66,0.67,0.33,0.34,0.01,0.01,74771.43,1776285973000
1776285975.739,75.739,0.67,0.68,0.32,0.33,0.01,0.01,74782.63,1776285974000
1776285976.318,76.318,0.68,0.69,0.31,0.33,0.01,0.02,74782.63,1776285974000
1776285977.015,77.015,0.68,0.69,0.31,0.32,0.01,0.01,74787.78,1776285975000
1776285977.532,77.532,0.68,0.69,0.31,0.32,0.01,0.01,74788.2,1776285976000
1776285977.88,77.88,0.67,0.68,0.32,0.33,0.01,0.01,74788.2,1776285976000
1776285978.257,78.257,0.67,0.68,0.32,0.33,0.01,0.01,74788.2,1776285976000
1776285978.652,78.652,0.67,0.68,0.32,0.33,0.01,0.01,74790.01,1776285977000
1776285978.993,78.993,0.67,0.68,0.32,0.33,0.01,0.01,74790.01,1776285977000
1776285979.479,79.479,0.67,0.68,0.32,0.33,0.01,0.01,74790.1,1776285978000
1776285979.887,79.887,0.68,0.69,0.31,0.32,0.01,0.01,74790.1,1776285978000
1776285980.227,80.227,0.68,0.69,0.31,0.32,0.01,0.01,74790.1,1776285978000
1776285980.568,80.568,0.68,0.69,0.31,0.32,0.01,0.01,74789.43,1776285979000
1776285980.903,80.903,0.68,0.69,0.31,0.32,0.01,0.01,74789.43,1776285979000
1776285981.254,81.254,0.68,0.69,0.31,0.32,0.01,0.01,74789.43,1776285979000
1776285981.601,81.601,0.68,0.69,0.31,0.32,0.01,0.01,74789.21,1776285980000
1776285981.942,81.942,0.68,0.69,0.31,0.32,0.01,0.01,74789.21,1776285980000
1776285982.29,82.29,0.68,0.69,0.31,0.32,0.01,0.01,74789.93,1776285981000
1776285982.67,82.67,0.68,0.69,0.31,0.32,0.01,0.01,74789.93,1776285981000
1776285983.134,83.134,0.68,0.69,0.31,0.32,0.01,0.01,74789.93,1776285981000
1776285983.473,83.473,0.68,0.69,0.31,0.32,0.01,0.01,74789.7,1776285982000
1776285984.318,84.318,0.68,0.69,0.31,0.32,0.01,0.01,74789.7,1776285982000
1776285984.744,84.744,0.68,0.69,0.31,0.32,0.01,0.01,74789.97,1776285983000
1776285985.497,85.497,0.68,0.69,0.31,0.32,0.01,0.01,74790.28,1776285984000
1776285985.96,85.96,0.68,0.69,0.31,0.32,0.01,0.01,74790.28,1776285984000
1776285986.432,86.432,0.68,0.69,0.31,0.32,0.01,0.01,74788.38,1776285985000
1776285986.812,86.812,0.68,0.69,0.31,0.32,0.01,0.01,74788.38,1776285985000
1776285987.207,87.207,0.67,0.68,0.31,0.33,0.01,0.02,74788.38,1776285985000
1776285987.605,87.605,0.67,0.68,0.32,0.33,0.01,0.01,74788.18,1776285986000
1776285988.018,88.018,0.67,0.68,0.32,0.33,0.01,0.01,74788.18,1776285986000
1776285988.359,88.359,0.67,0.69,0.32,0.33,0.02,0.01,74788.37,1776285987000
1776285988.787,88.787,0.68,0.69,0.31,0.32,0.01,0.01,74788.37,1776285987000
1776285989.248,89.248,0.68,0.69,0.31,0.32,0.01,0.01,74788.37,1776285987000
1776285989.802,89.802,0.68,0.69,0.31,0.32,0.01,0.01,74788.41,1776285988000
1776285990.217,90.217,0.68,0.69,0.31,0.32,0.01,0.01,74788.41,1776285988000
1776285990.556,90.556,0.67,0.69,0.31,0.33,0.02,0.02,74788.41,1776285988000
1776285991.03,91.03,0.67,0.68,0.32,0.33,0.01,0.01,74789.49,1776285989000
1776285991.389,91.389,0.67,0.68,0.32,0.33,0.01,0.01,74790.65,1776285990000
1776285991.808,91.808,0.67,0.68,0.32,0.33,0.01,0.01,74790.65,1776285990000
1776285992.591,92.591,0.67,0.68,0.32,0.33,0.01,0.01,74790.65,1776285990000
1776285992.96,92.96,0.67,0.68,0.32,0.33,0.01,0.01,74790.37,1776285991000
1776285993.609,93.609,0.67,0.68,0.32,0.33,0.01,0.01,74790.07,1776285992000
1776285993.978,93.978,0.67,0.68,0.32,0.33,0.01,0.01,74790.07,1776285992000
1776285994.642,94.642,0.67,0.68,0.32,0.33,0.01,0.01,74790.04,1776285993000
1776285995.061,95.061,0.67,0.68,0.32,0.33,0.01,0.01,74790.04,1776285994000
1776285995.608,95.608,0.66,0.67,0.32,0.33,0.01,0.01,74790.04,1776285994000
1776285995.956,95.956,0.66,0.67,0.33,0.34,0.01,0.01,74790.04,1776285994000
1776285996.305,96.305,0.66,0.67,0.33,0.34,0.01,0.01,74790.04,1776285994000
1776285996.686,96.686,0.66,0.67,0.33,0.34,0.01,0.01,74790.04,1776285995000
1776285997.146,97.146,0.66,0.67,0.33,0.34,0.01,0.01,74790.04,1776285995000
1776285997.519,97.519,0.67,0.7,0.32,0.33,0.03,0.01,74790.05,1776285996000
1776285998.046,98.046,0.69,0.7,0.3,0.31,0.01,0.01,74790.05,1776285996000
1776285998.4,98.4,0.69,0.7,0.3,0.31,0.01,0.01,74790.05,1776285996000
1776285998.78,98.78,0.69,0.7,0.3,0.31,0.01,0.01,74788.37,1776285997000
1776285999.227,99.227,0.69,0.7,0.3,0.31,0.01,0.01,74788.37,1776285997000
1776285999.652,99.652,0.7,0.71,0.29,0.3,0.01,0.01,74789.67,1776285998000
1776286000.043,100.043,0.7,0.71,0.29,0.3,0.01,0.01,74789.67,1776285998000
1776286000.52,100.52,0.7,0.71,0.29,0.3,0.01,0.01,74790.57,1776285999000
1776286000.934,100.934,0.7,0.71,0.29,0.3,0.01,0.01,74790.57,1776285999000
1776286001.395,101.395,0.7,0.71,0.29,0.3,0.01,0.01,74790.57,1776285999000
1776286001.729,101.729,0.7,0.71,0.29,0.3,0.01,0.01,74791.25,1776286000000
1776286002.15,102.15,0.71,0.72,0.28,0.29,0.01,0.01,74791.25,1776286000000
1776286002.52,102.52,0.71,0.72,0.28,0.29,0.01,0.01,74791.25,1776286001000
1776286002.86,102.86,0.72,0.73,0.27,0.28,0.01,0.01,74791.25,1776286001000
1776286003.224,103.224,0.72,0.73,0.27,0.28,0.01,0.01,74791.25,1776286002000
1776286003.699,103.699,0.72,0.74,0.27,0.28,0.02,0.01,74791.25,1776286002000
1776286004.054,104.054,0.74,0.75,0.25,0.27,0.01,0.02,74791.25,1776286002000
1776286004.401,104.401,0.74,0.75,0.25,0.26,0.01,0.01,74791.25,1776286002000
1776286004.801,104.801,0.74,0.75,0.25,0.26,0.01,0.01,74793.64,1776286003000
1776286005.136,105.136,0.74,0.75,0.25,0.26,0.01,0.01,74793.64,1776286003000
1776286005.482,105.482,0.75,0.76,0.24,0.25,0.01,0.01,74793.64,1776286003000
1776286005.885,105.885,0.75,0.76,0.24,0.25,0.01,0.01,74795.65,1776286004000
1776286006.371,106.371,0.75,0.76,0.24,0.25,0.01,0.01,74796.71,1776286005000
1776286006.733,106.733,0.75,0.76,0.24,0.25,0.01,0.01,74796.71,1776286005000
1776286007.3,107.3,0.75,0.76,0.24,0.25,0.01,0.01,74796.71,1776286005000
1776286007.663,107.663,0.75,0.76,0.24,0.25,0.01,0.01,74797.86,1776286006000
1776286008.151,108.151,0.75,0.76,0.24,0.25,0.01,0.01,74797.86,1776286006000
1776286008.61,108.61,0.75,0.76,0.24,0.25,0.01,0.01,74797.86,1776286006000
1776286009.0,109.0,0.76,0.77,0.23,0.24,0.01,0.01,74797.86,1776286007000
1776286009.409,109.409,0.76,0.77,0.23,0.24,0.01,0.01,74797.88,1776286008000
1776286010.087,110.087,0.76,0.77,0.23,0.24,0.01,0.01,74797.88,1776286008000
1776286010.5,110.5,0.76,0.77,0.23,0.24,0.01,0.01,74798.0,1776286009000
1776286011.287,111.287,0.76,0.78,0.23,0.24,0.02,0.01,74798.0,1776286009000
1776286011.735,111.735,0.77,0.78,0.22,0.23,0.01,0.01,74801.1,1776286010000
1776286012.433,112.433,0.78,0.79,0.21,0.23,0.01,0.02,74802.66,1776286011000
1776286012.787,112.787,0.78,0.79,0.21,0.22,0.01,0.01,74802.66,1776286011000
1776286013.147,113.147,0.79,0.8,0.21,0.22,0.01,0.01,74802.66,1776286011000
1776286013.586,113.586,0.79,0.8,0.2,0.21,0.01,0.01,74802.66,1776286012000
1776286013.971,113.971,0.8,0.81,0.19,0.2,0.01,0.01,74802.66,1776286012000
1776286014.418,114.418,0.8,0.81,0.19,0.2,0.01,0.01,74803.07,1776286013000
1776286014.818,114.818,0.8,0.81,0.19,0.2,0.01,0.01,74803.07,1776286013000
1776286015.243,115.243,0.81,0.82,0.18,0.2,0.01,0.02,74803.07,1776286013000
1776286015.63,115.63,0.82,0.83,0.17,0.18,0.01,0.01,74807.85,1776286014000
1776286015.972,115.972,0.82,0.83,0.17,0.18,0.01,0.01,74810.26,1776286015000
1776286016.402,116.402,0.82,0.83,0.17,0.18,0.01,0.01,74810.26,1776286015000
1776286016.832,116.832,0.82,0.83,0.17,0.18,0.01,0.01,74810.26,1776286015000
1776286017.455,117.455,0.82,0.83,0.17,0.18,0.01,0.01,74811.07,1776286016000
1776286018.096,118.096,0.82,0.83,0.17,0.18,0.01,0.01,74811.07,1776286016000
1776286018.557,118.557,0.82,0.83,0.17,0.18,0.01,0.01,74814.6,1776286017000
1776286018.926,118.926,0.82,0.83,0.17,0.18,0.01,0.01,74814.6,1776286017000
1776286019.269,119.269,0.85,0.86,0.14,0.15,0.01,0.01,74815.63,1776286018000
1776286019.744,119.744,0.85,0.86,0.14,0.15,0.01,0.01,74815.63,1776286018000
1776286020.236,120.236,0.87,0.88,0.13,0.14,0.01,0.01,74815.63,1776286018000
1776286020.689,120.689,0.87,0.88,0.12,0.13,0.01,0.01,74824.74,1776286019000
1776286021.132,121.132,0.87,0.88,0.12,0.13,0.01,0.01,74824.74,1776286019000
1776286021.467,121.467,0.87,0.88,0.12,0.13,0.01,0.01,74828.98,1776286020000
1776286021.809,121.809,0.85,0.88,0.12,0.13,0.03,0.01,74828.98,1776286020000
1776286022.152,122.152,0.84,0.85,0.15,0.16,0.01,0.01,74828.98,1776286020000
1776286022.495,122.495,0.83,0.84,0.16,0.17,0.01,0.01,74828.98,1776286020000
1776286022.872,122.872,0.83,0.84,0.16,0.17,0.01,0.01,74830.54,1776286021000
1776286023.302,123.302,0.83,0.84,0.16,0.17,0.01,0.01,74830.54,1776286021000
1776286023.694,123.694,0.83,0.84,0.16,0.17,0.01,0.01,74825.6,1776286022000
1776286024.051,124.051,0.83,0.84,0.16,0.17,0.01,0.01,74819.88,1776286023000
1776286024.461,124.461,0.83,0.84,0.16,0.17,0.01,0.01,74819.88,1776286023000
1776286024.815,124.815,0.83,0.84,0.16,0.17,0.01,0.01,74819.88,1776286023000
1776286025.174,125.174,0.82,0.83,0.17,0.18,0.01,0.01,74819.88,1776286023000
1776286025.534,125.534,0.82,0.83,0.17,0.18,0.01,0.01,74818.47,1776286024000
1776286025.869,125.869,0.82,0.83,0.17,0.18,0.01,0.01,74818.47,1776286024000
1776286026.231,126.231,0.82,0.83,0.17,0.18,0.01,0.01,74818.7,1776286025000
1776286026.569,126.569,0.82,0.83,0.17,0.18,0.01,0.01,74818.7,1776286025000
1776286027.034,127.034,0.82,0.83,0.17,0.18,0.01,0.01,74818.7,1776286025000
1776286027.378,127.378,0.82,0.83,0.17,0.18,0.01,0.01,74815.97,1776286026000
1776286027.786,127.786,0.82,0.83,0.17,0.18,0.01,0.01,74815.97,1776286026000
1776286028.141,128.141,0.82,0.83,0.17,0.18,0.01,0.01,74815.97,1776286026000
1776286028.555,128.555,0.82,0.83,0.17,0.18,0.01,0.01,74813.64,1776286027000
1776286028.899,128.899,0.82,0.83,0.17,0.18,0.01,0.01,74813.64,1776286027000
1776286029.269,129.269,0.82,0.83,0.17,0.18,0.01,0.01,74813.64,1776286027000
1776286029.75,129.75,0.82,0.83,0.17,0.18,0.01,0.01,74813.51,1776286028000
1776286030.177,130.177,0.82,0.83,0.17,0.18,0.01,0.01,74813.4,1776286029000
1776286030.578,130.578,0.82,0.83,0.17,0.18,0.01,0.01,74813.4,1776286029000
1776286030.924,130.924,0.82,0.83,0.17,0.18,0.01,0.01,74813.4,1776286029000
1776286031.302,131.302,0.82,0.83,0.17,0.18,0.01,0.01,74813.7,1776286030000
1776286031.876,131.876,0.82,0.83,0.17,0.18,0.01,0.01,74813.7,1776286030000
1776286032.3,132.3,0.8,0.83,0.17,0.18,0.03,0.01,74813.7,1776286030000
1776286032.636,132.636,0.8,0.81,0.19,0.2,0.01,0.01,74813.43,1776286031000
1776286032.971,132.971,0.8,0.81,0.19,0.2,0.01,0.01,74813.43,1776286031000
1776286033.588,133.588,0.8,0.81,0.19,0.2,0.01,0.01,74813.43,1776286032000
1776286033.968,133.968,0.8,0.81,0.19,0.2,0.01,0.01,74813.43,1776286032000
1776286034.384,134.384,0.8,0.81,0.19,0.2,0.01,0.01,74813.43,1776286033000
1776286034.723,134.723,0.8,0.81,0.19,0.2,0.01,0.01,74813.43,1776286033000
1776286035.107,135.107,0.8,0.81,0.19,0.2,0.01,0.01,74813.43,1776286033000
1776286035.52,135.52,0.8,0.81,0.19,0.2,0.01,0.01,74813.43,1776286034000
1776286036.084,136.084,0.8,0.81,0.19,0.2,0.01,0.01,74813.43,1776286034000
1776286036.445,136.445,0.8,0.81,0.19,0.2,0.01,0.01,74813.43,1776286034000
1776286036.842,136.842,0.8,0.81,0.19,0.2,0.01,0.01,74813.44,1776286035000
1776286037.352,137.352,0.8,0.81,0.19,0.2,0.01,0.01,74813.45,1776286036000
1776286037.704,137.704,0.8,0.81,0.19,0.2,0.01,0.01,74813.45,1776286036000
1776286038.175,138.175,0.8,0.81,0.19,0.2,0.01,0.01,74813.64,1776286037000
1776286038.53,138.53,0.8,0.81,0.19,0.2,0.01,0.01,74813.64,1776286037000
1776286038.866,138.866,0.8,0.81,0.19,0.2,0.01,0.01,74813.64,1776286037000
1776286039.226,139.226,0.8,0.81,0.19,0.2,0.01,0.01,74813.64,1776286037000
1776286039.56,139.56,0.8,0.81,0.19,0.2,0.01,0.01,74813.64,1776286037000
1776286040.008,140.008,0.8,0.81,0.19,0.2,0.01,0.01,74813.63,1776286038000
1776286040.4,140.4,0.8,0.81,0.19,0.2,0.01,0.01,74812.72,1776286039000
1776286040.774,140.774,0.75,0.76,0.23,0.25,0.01,0.02,74812.72,1776286039000
1776286041.291,141.291,0.74,0.75,0.24,0.26,0.01,0.02,74812.72,1776286039000
1776286041.66,141.66,0.74,0.75,0.25,0.26,0.01,0.01,74812.72,1776286039000
1776286042.028,142.028,0.74,0.75,0.25,0.26,0.01,0.01,74807.7,1776286040000
1776286042.467,142.467,0.74,0.75,0.25,0.26,0.01,0.01,74803.83,1776286041000
1776286042.922,142.922,0.74,0.75,0.25,0.26,0.01,0.01,74803.83,1776286041000
1776286043.274,143.274,0.75,0.76,0.25,0.26,0.01,0.01,74800.6,1776286042000
1776286043.675,143.675,0.75,0.76,0.24,0.25,0.01,0.01,74800.6,1776286042000
1776286044.131,144.131,0.75,0.76,0.24,0.25,0.01,0.01,74800.6,1776286042000
1776286044.538,144.538,0.75,0.76,0.24,0.25,0.01,0.01,74800.6,1776286042000
1776286044.922,144.922,0.75,0.76,0.24,0.25,0.01,0.01,74800.6,1776286043000
1776286045.31,145.31,0.75,0.76,0.24,0.25,0.01,0.01,74800.98,1776286044000
1776286045.791,145.791,0.75,0.76,0.24,0.25,0.01,0.01,74800.98,1776286044000
1776286046.202,146.202,0.75,0.76,0.24,0.25,0.01,0.01,74800.98,1776286044000
1776286046.56,146.56,0.75,0.76,0.24,0.25,0.01,0.01,74801.02,1776286045000
1776286047.126,147.126,0.75,0.76,0.24,0.25,0.01,0.01,74801.02,1776286045000
1776286047.525,147.525,0.75,0.76,0.24,0.25,0.01,0.01,74801.09,1776286046000
1776286047.938,147.938,0.75,0.76,0.24,0.25,0.01,0.01,74801.09,1776286046000
1776286048.341,148.341,0.75,0.76,0.24,0.25,0.01,0.01,74801.09,1776286046000
1776286048.705,148.705,0.75,0.76,0.24,0.25,0.01,0.01,74801.09,1776286047000
1776286049.104,149.104,0.75,0.76,0.24,0.25,0.01,0.01,74801.09,1776286047000
1776286049.506,149.506,0.75,0.76,0.24,0.25,0.01,0.01,74800.96,1776286048000
1776286049.902,149.902,0.75,0.76,0.24,0.25,0.01,0.01,74800.96,1776286048000
1776286050.48,150.48,0.75,0.76,0.24,0.25,0.01,0.01,74800.96,1776286048000
1776286050.833,150.833,0.75,0.76,0.24,0.25,0.01,0.01,74800.81,1776286049000
1776286051.355,151.355,0.75,0.76,0.24,0.25,0.01,0.01,74800.81,1776286049000
1776286051.984,151.984,0.75,0.76,0.24,0.25,0.01,0.01,74800.81,1776286050000
1776286052.32,152.32,0.75,0.76,0.24,0.25,0.01,0.01,74800.81,1776286050000
1776286052.763,152.763,0.75,0.76,0.24,0.25,0.01,0.01,74800.53,1776286051000
1776286053.43,153.43,0.73,0.74,0.25,0.27,0.01,0.02,74800.53,1776286051000
1776286054.099,154.099,0.71,0.74,0.26,0.29,0.03,0.03,74799.03,1776286053000
1776286054.514,154.514,0.71,0.72,0.28,0.29,0.01,0.01,74799.03,1776286053000
1776286054.887,154.887,0.71,0.72,0.28,0.29,0.01,0.01,74799.03,1776286053000
1776286055.276,155.276,0.71,0.72,0.28,0.29,0.01,0.01,74799.03,1776286053000
1776286055.796,155.796,0.71,0.72,0.28,0.29,0.01,0.01,74793.26,1776286054000
1776286056.145,156.145,0.73,0.76,0.26,0.27,0.03,0.01,74793.26,1776286054000
1776286056.484,156.484,0.74,0.76,0.24,0.26,0.02,0.02,74792.98,1776286055000
1776286056.851,156.851,0.75,0.76,0.24,0.25,0.01,0.01,74792.98,1776286055000
1776286057.223,157.223,0.75,0.76,0.24,0.25,0.01,0.01,74792.98,1776286055000
1776286057.609,157.609,0.73,0.74,0.26,0.27,0.01,0.01,74792.78,1776286056000
1776286057.972,157.972,0.7,0.71,0.28,0.29,0.01,0.01,74792.78,1776286056000
1776286058.426,158.426,0.7,0.71,0.29,0.3,0.01,0.01,74794.57,1776286057000
1776286058.922,158.922,0.69,0.7,0.29,0.31,0.01,0.02,74794.57,1776286057000
1776286059.256,159.256,0.69,0.7,0.3,0.31,0.01,0.01,74794.57,1776286057000
1776286059.591,159.591,0.69,0.7,0.3,0.31,0.01,0.01,74794.63,1776286058000
1776286060.291,160.291,0.69,0.7,0.3,0.31,0.01,0.01,74794.63,1776286058000
1776286060.784,160.784,0.69,0.7,0.3,0.31,0.01,0.01,74790.34,1776286059000
1776286061.123,161.123,0.69,0.7,0.3,0.31,0.01,0.01,74790.34,1776286059000
1776286061.458,161.458,0.69,0.7,0.3,0.31,0.01,0.01,74790.34,1776286060000
1776286062.186,162.186,0.69,0.7,0.3,0.31,0.01,0.01,74790.47,1776286061000
1776286062.599,162.599,0.76,0.77,0.2,0.24,0.01,0.04,74790.47,1776286061000
1776286063.009,163.009,0.78,0.79,0.21,0.22,0.01,0.01,74790.47,1776286061000
1776286063.446,163.446,0.79,0.8,0.2,0.21,0.01,0.01,74791.25,1776286062000
1776286063.792,163.792,0.79,0.8,0.2,0.21,0.01,0.01,74791.25,1776286062000
1776286064.134,164.134,0.79,0.8,0.2,0.21,0.01,0.01,74791.25,1776286062000
1776286064.531,164.531,0.79,0.8,0.2,0.21,0.01,0.01,74798.16,1776286063000
1776286064.893,164.893,0.79,0.8,0.2,0.21,0.01,0.01,74798.16,1776286063000
1776286065.228,165.228,0.79,0.8,0.2,0.21,0.01,0.01,74798.16,1776286063000
1776286065.603,165.603,0.79,0.8,0.2,0.21,0.01,0.01,74806.43,1776286064000
1776286065.942,165.942,0.79,0.8,0.2,0.21,0.01,0.01,74806.43,1776286064000
1776286066.321,166.321,0.79,0.8,0.2,0.21,0.01,0.01,74806.11,1776286065000
1776286066.687,166.687,0.79,0.8,0.2,0.21,0.01,0.01,74806.11,1776286065000
1776286067.027,167.027,0.79,0.8,0.2,0.21,0.01,0.01,74806.11,1776286065000
1776286067.365,167.365,0.79,0.8,0.2,0.21,0.01,0.01,74806.35,1776286066000
1776286067.706,167.706,0.79,0.8,0.2,0.21,0.01,0.01,74806.35,1776286066000
1776286068.215,168.215,0.79,0.8,0.2,0.21,0.01,0.01,74806.35,1776286066000
1776286068.576,168.576,0.79,0.8,0.2,0.21,0.01,0.01,74806.35,1776286066000
1776286069.009,169.009,0.79,0.8,0.2,0.21,0.01,0.01,74806.94,1776286067000
1776286069.389,169.389,0.76,0.77,0.23,0.24,0.01,0.01,74807.69,1776286068000
1776286069.777,169.777,0.76,0.77,0.23,0.24,0.01,0.01,74807.69,1776286068000
1776286070.231,170.231,0.76,0.77,0.23,0.24,0.01,0.01,74807.42,1776286069000
1776286070.613,170.613,0.76,0.77,0.23,0.24,0.01,0.01,74807.42,1776286069000
1776286071.01,171.01,0.74,0.75,0.25,0.26,0.01,0.01,74807.42,1776286069000
1776286071.394,171.394,0.74,0.75,0.25,0.26,0.01,0.01,74805.33,1776286070000
1776286071.796,171.796,0.74,0.75,0.25,0.26,0.01,0.01,74805.33,1776286070000
1776286072.276,172.276,0.75,0.76,0.24,0.25,0.01,0.01,74805.33,1776286070000
1776286072.7,172.7,0.75,0.76,0.24,0.25,0.01,0.01,74797.87,1776286071000
1776286073.04,173.04,0.75,0.76,0.24,0.25,0.01,0.01,74797.87,1776286071000
1776286073.565,173.565,0.75,0.76,0.24,0.25,0.01,0.01,74795.14,1776286072000
1776286073.962,173.962,0.75,0.76,0.24,0.25,0.01,0.01,74795.14,1776286072000
1776286074.308,174.308,0.75,0.76,0.24,0.25,0.01,0.01,74795.14,1776286073000
1776286074.829,174.829,0.72,0.73,0.26,0.28,0.01,0.02,74795.14,1776286073000
1776286075.222,175.222,0.72,0.73,0.27,0.28,0.01,0.01,74795.66,1776286074000
1776286075.563,175.563,0.72,0.73,0.27,0.28,0.01,0.01,74795.66,1776286074000
1776286076.106,176.106,0.72,0.73,0.27,0.28,0.01,0.01,74794.16,1776286075000
1776286076.609,176.609,0.72,0.73,0.27,0.28,0.01,0.01,74794.16,1776286075000
1776286077.022,177.022,0.72,0.73,0.27,0.28,0.01,0.01,74794.16,1776286075000
1776286077.36,177.36,0.72,0.73,0.27,0.28,0.01,0.01,74789.87,1776286076000
1776286077.707,177.707,0.72,0.73,0.27,0.28,0.01,0.01,74789.87,1776286076000
1776286078.079,178.079,0.72,0.73,0.27,0.28,0.01,0.01,74789.87,1776286076000
1776286078.43,178.43,0.72,0.73,0.27,0.28,0.01,0.01,74789.7,1776286077000
1776286079.008,179.008,0.72,0.73,0.27,0.28,0.01,0.01,74789.7,1776286077000
1776286079.345,179.345,0.72,0.73,0.27,0.28,0.01,0.01,74789.7,1776286077000
1776286079.964,179.964,0.72,0.73,0.27,0.28,0.01,0.01,74789.66,1776286078000
1776286080.619,180.619,0.72,0.73,0.27,0.28,0.01,0.01,74789.46,1776286079000
1776286081.203,181.203,0.72,0.73,0.27,0.28,0.01,0.01,74789.44,1776286080000
1776286081.582,181.582,0.65,0.66,0.34,0.38,0.01,0.04,74789.44,1776286080000
1776286081.924,181.924,0.6,0.62,0.38,0.4,0.02,0.02,74789.44,1776286080000
1776286082.307,182.307,0.59,0.61,0.39,0.4,0.02,0.01,74789.44,1776286080000
1776286082.645,182.645,0.6,0.61,0.39,0.4,0.01,0.01,74781.4,1776286081000
1776286082.99,182.99,0.6,0.61,0.39,0.4,0.01,0.01,74781.4,1776286081000
1776286083.409,183.409,0.6,0.61,0.39,0.4,0.01,0.01,74779.49,1776286082000
1776286083.865,183.865,0.59,0.6,0.4,0.41,0.01,0.01,74779.49,1776286082000
1776286084.198,184.198,0.59,0.6,0.4,0.41,0.01,0.01,74779.49,1776286082000
1776286084.537,184.537,0.59,0.6,0.4,0.41,0.01,0.01,74777.49,1776286083000
1776286084.926,184.926,0.59,0.6,0.4,0.41,0.01,0.01,74777.49,1776286083000
1776286085.331,185.331,0.59,0.6,0.4,0.41,0.01,0.01,74777.49,1776286083000
1776286085.67,185.67,0.6,0.61,0.39,0.41,0.01,0.02,74777.47,1776286084000
1776286086.012,186.012,0.6,0.61,0.39,0.4,0.01,0.01,74777.48,1776286085000
1776286086.355,186.355,0.6,0.61,0.39,0.4,0.01,0.01,74777.48,1776286085000
1776286086.764,186.764,0.6,0.61,0.39,0.4,0.01,0.01,74777.48,1776286085000
1776286087.292,187.292,0.6,0.61,0.39,0.4,0.01,0.01,74777.29,1776286086000
1776286087.919,187.919,0.6,0.61,0.39,0.4,0.01,0.01,74777.29,1776286086000
1776286088.325,188.325,0.6,0.62,0.39,0.4,0.02,0.01,74777.37,1776286087000
1776286088.668,188.668,0.61,0.62,0.38,0.4,0.01,0.02,74777.37,1776286087000
1776286089.023,189.023,0.61,0.62,0.38,0.39,0.01,0.01,74777.37,1776286087000
1776286089.484,189.484,0.6,0.62,0.38,0.4,0.02,0.02,74777.37,1776286088000
1776286089.83,189.83,0.56,0.58,0.42,0.44,0.02,0.02,74777.37,1776286088000
1776286090.226,190.226,0.49,0.5,0.5,0.52,0.01,0.02,74777.38,1776286089000
1776286090.56,190.56,0.5,0.51,0.49,0.5,0.01,0.01,74777.38,1776286089000
1776286090.896,190.896,0.54,0.55,0.45,0.46,0.01,0.01,74777.38,1776286089000
1776286091.253,191.253,0.54,0.55,0.45,0.46,0.01,0.01,74775.09,1776286090000
1776286091.596,191.596,0.54,0.55,0.45,0.46,0.01,0.01,74775.09,1776286090000
1776286091.944,191.944,0.54,0.55,0.45,0.46,0.01,0.01,74775.09,1776286090000
1776286092.304,192.304,0.54,0.55,0.45,0.46,0.01,0.01,74766.56,1776286091000
1776286092.648,192.648,0.54,0.55,0.45,0.46,0.01,0.01,74766.56,1776286091000
1776286093.01,193.01,0.54,0.56,0.45,0.46,0.02,0.01,74766.56,1776286091000
1776286093.593,193.593,0.55,0.56,0.44,0.46,0.01,0.02,74769.2,1776286092000
1776286094.013,194.013,0.55,0.56,0.44,0.45,0.01,0.01,74769.2,1776286092000
1776286094.363,194.363,0.55,0.56,0.44,0.45,0.01,0.01,74769.22,1776286093000
1776286094.748,194.748,0.55,0.57,0.44,0.45,0.02,0.01,74769.22,1776286093000
1776286095.119,195.119,0.56,0.57,0.43,0.44,0.01,0.01,74769.22,1776286093000
1776286095.569,195.569,0.56,0.57,0.43,0.44,0.01,0.01,74769.29,1776286094000
1776286096.091,196.091,0.56,0.57,0.43,0.44,0.01,0.01,74769.29,1776286094000
1776286096.757,196.757,0.56,0.57,0.43,0.44,0.01,0.01,74769.29,1776286095000
1776286097.135,197.135,0.56,0.58,0.43,0.44,0.02,0.01,74769.29,1776286095000
1776286097.486,197.486,0.6,0.61,0.38,0.4,0.01,0.02,74770.36,1776286096000
1776286097.839,197.839,0.6,0.61,0.39,0.4,0.01,0.01,74770.36,1776286096000
1776286098.174,198.174,0.6,0.61,0.38,0.4,0.01,0.02,74770.36,1776286096000
1776286098.678,198.678,0.61,0.62,0.37,0.39,0.01,0.02,74775.49,1776286097000
1776286099.321,199.321,0.63,0.64,0.37,0.38,0.01,0.01,74775.49,1776286097000
1776286099.931,199.931,0.63,0.64,0.36,0.37,0.01,0.01,74776.69,1776286098000
1776286100.305,200.305,0.63,0.64,0.36,0.37,0.01,0.01,74776.72,1776286099000
1776286101.307,201.307,0.63,0.64,0.36,0.37,0.01,0.01,74776.72,1776286099000
1776286101.847,201.847,0.63,0.64,0.36,0.37,0.01,0.01,74776.34,1776286100000
1776286102.43,202.43,0.63,0.64,0.36,0.37,0.01,0.01,74776.34,1776286101000
1776286102.911,202.911,0.69,0.7,0.28,0.31,0.01,0.03,74776.34,1776286101000
1776286103.377,203.377,0.69,0.73,0.27,0.31,0.04,0.04,74778.59,1776286102000
1776286103.739,203.739,0.75,0.76,0.22,0.25,0.01,0.03,74778.59,1776286102000
1776286104.118,204.118,0.75,0.77,0.24,0.25,0.02,0.01,74784.05,1776286103000
1776286104.459,204.459,0.75,0.76,0.24,0.25,0.01,0.01,74784.05,1776286103000
1776286104.822,204.822,0.75,0.77,0.23,0.25,0.02,0.02,74784.05,1776286103000
1776286105.435,205.435,0.75,0.76,0.24,0.25,0.01,0.01,74787.74,1776286104000
1776286105.936,205.936,0.79,0.8,0.19,0.22,0.01,0.03,74787.74,1776286104000
1776286106.387,206.387,0.81,0.82,0.17,0.19,0.01,0.02,74790.02,1776286105000
1776286106.795,206.795,0.82,0.83,0.17,0.18,0.01,0.01,74790.02,1776286105000
1776286107.157,207.157,0.82,0.83,0.17,0.18,0.01,0.01,74790.02,1776286105000
1776286107.551,207.551,0.82,0.83,0.17,0.18,0.01,0.01,74793.49,1776286106000
1776286108.381,208.381,0.82,0.83,0.17,0.18,0.01,0.01,74795.67,1776286107000
1776286109.221,209.221,0.82,0.83,0.17,0.18,0.01,0.01,74795.67,1776286107000
1776286109.633,209.633,0.82,0.83,0.17,0.18,0.01,0.01,74795.67,1776286107000
1776286109.968,209.968,0.78,0.81,0.19,0.21,0.03,0.02,74795.67,1776286107000
1776286110.301,210.301,0.75,0.79,0.21,0.24,0.04,0.03,74795.5,1776286108000
1776286110.64,210.64,0.75,0.79,0.21,0.25,0.04,0.04,74795.5,1776286108000
1776286110.984,210.984,0.76,0.77,0.23,0.24,0.01,0.01,74787.64,1776286109000
1776286111.597,211.597,0.76,0.77,0.23,0.25,0.01,0.02,74787.2,1776286110000
1776286111.932,211.932,0.76,0.77,0.22,0.24,0.01,0.02,74787.2,1776286110000
1776286112.308,212.308,0.76,0.77,0.23,0.24,0.01,0.01,74787.2,1776286110000
1776286112.85,212.85,0.75,0.76,0.24,0.26,0.01,0.02,74785.41,1776286111000
1776286113.265,213.265,0.74,0.75,0.24,0.26,0.01,0.02,74784.63,1776286112000
1776286113.665,213.665,0.74,0.75,0.25,0.26,0.01,0.01,74784.63,1776286112000
1776286114.059,214.059,0.73,0.74,0.26,0.27,0.01,0.01,74784.63,1776286112000
1776286114.394,214.394,0.72,0.73,0.26,0.28,0.01,0.02,74784.83,1776286113000
1776286115.106,215.106,0.72,0.73,0.27,0.28,0.01,0.01,74784.83,1776286113000
1776286115.614,215.614,0.72,0.73,0.27,0.28,0.01,0.01,74784.44,1776286114000
1776286115.979,215.979,0.73,0.74,0.26,0.27,0.01,0.01,74784.44,1776286115000
1776286116.424,216.424,0.73,0.74,0.26,0.27,0.01,0.01,74784.44,1776286115000
1776286116.764,216.764,0.73,0.74,0.26,0.27,0.01,0.01,74784.44,1776286115000
1776286117.229,217.229,0.73,0.74,0.26,0.27,0.01,0.01,74784.48,1776286116000
1776286117.975,217.975,0.73,0.74,0.26,0.27,0.01,0.01,74784.48,1776286116000
1776286118.311,218.311,0.73,0.74,0.26,0.27,0.01,0.01,74784.48,1776286116000
1776286119.009,219.009,0.73,0.74,0.26,0.27,0.01,0.01,74785.19,1776286117000
1776286119.348,219.348,0.71,0.74,0.26,0.29,0.03,0.03,74785.19,1776286117000
1776286119.814,219.814,0.69,0.71,0.26,0.29,0.02,0.03,74785.16,1776286118000
1776286120.213,220.213,0.69,0.7,0.3,0.31,0.01,0.01,74785.16,1776286119000
1776286120.667,220.667,0.65,0.66,0.34,0.35,0.01,0.01,74785.16,1776286119000
1776286121.056,221.056,0.64,0.66,0.34,0.35,0.02,0.01,74785.16,1776286119000
1776286121.44,221.44,0.64,0.65,0.35,0.36,0.01,0.01,74784.01,1776286120000
1776286121.817,221.817,0.63,0.65,0.35,0.36,0.02,0.01,74784.01,1776286120000
1776286122.29,222.29,0.63,0.64,0.36,0.37,0.01,0.01,74784.01,1776286120000
1776286123.5,223.5,0.63,0.64,0.36,0.37,0.01,0.01,74775.66,1776286122000
1776286124.092,224.092,0.62,0.63,0.37,0.38,0.01,0.01,74775.19,1776286123000
1776286124.492,224.492,0.62,0.63,0.37,0.38,0.01,0.01,74775.19,1776286123000
1776286125.068,225.068,0.6,0.61,0.38,0.4,0.01,0.02,74775.19,1776286123000
1776286125.611,225.611,0.59,0.61,0.39,0.4,0.02,0.01,74773.31,1776286124000
1776286125.957,225.957,0.6,0.61,0.39,0.4,0.01,0.01,74773.31,1776286124000
1776286126.317,226.317,0.59,0.61,0.39,0.4,0.02,0.01,74773.31,1776286124000
1776286126.706,226.706,0.6,0.61,0.39,0.4,0.01,0.01,74773.31,1776286124000
1776286127.13,227.13,0.6,0.61,0.39,0.41,0.01,0.02,74772.64,1776286125000
1776286127.495,227.495,0.58,0.59,0.4,0.41,0.01,0.01,74772.64,1776286125000
1776286127.892,227.892,0.58,0.59,0.41,0.42,0.01,0.01,74772.02,1776286126000
1776286128.333,228.333,0.58,0.59,0.41,0.42,0.01,0.01,74772.09,1776286127000
1776286128.706,228.706,0.58,0.59,0.41,0.42,0.01,0.01,74772.09,1776286127000
1776286129.338,229.338,0.58,0.59,0.41,0.42,0.01,0.01,74772.09,1776286127000
1776286129.843,229.843,0.58,0.59,0.41,0.42,0.01,0.01,74771.26,1776286128000
1776286130.434,230.434,0.57,0.58,0.42,0.43,0.01,0.01,74770.91,1776286129000
1776286131.192,231.192,0.57,0.58,0.42,0.43,0.01,0.01,74769.53,1776286130000
1776286132.216,232.216,0.57,0.58,0.42,0.43,0.01,0.01,74769.53,1776286130000
1776286132.794,232.794,0.55,0.58,0.42,0.45,0.03,0.03,74769.53,1776286130000
1776286133.205,233.205,0.56,0.57,0.43,0.44,0.01,0.01,74766.35,1776286131000
1776286133.673,233.673,0.55,0.56,0.44,0.45,0.01,0.01,74765.89,1776286132000
1776286134.019,234.019,0.55,0.56,0.44,0.45,0.01,0.01,74765.89,1776286132000
1776286134.38,234.38,0.55,0.56,0.44,0.45,0.01,0.01,74765.91,1776286133000
1776286134.741,234.741,0.55,0.56,0.44,0.45,0.01,0.01,74765.91,1776286133000
1776286135.111,235.111,0.55,0.56,0.44,0.45,0.01,0.01,74765.91,1776286134000
1776286135.493,235.493,0.54,0.55,0.45,0.46,0.01,0.01,74765.91,1776286134000
1776286135.891,235.891,0.53,0.54,0.46,0.47,0.01,0.01,74765.91,1776286134000
1776286136.454,236.454,0.53,0.54,0.46,0.47,0.01,0.01,74765.91,1776286134000
1776286136.796,236.796,0.53,0.54,0.46,0.47,0.01,0.01,74765.95,1776286135000
1776286137.198,237.198,0.53,0.54,0.46,0.47,0.01,0.01,74765.95,1776286135000
1776286137.685,237.685,0.53,0.54,0.46,0.47,0.01,0.01,74768.51,1776286136000
1776286138.179,238.179,0.53,0.54,0.46,0.47,0.01,0.01,74767.08,1776286137000
1776286138.576,238.576,0.53,0.54,0.46,0.47,0.01,0.01,74767.08,1776286137000
1776286138.945,238.945,0.53,0.54,0.46,0.47,0.01,0.01,74767.08,1776286137000
1776286139.35,239.35,0.53,0.54,0.46,0.47,0.01,0.01,74767.08,1776286137000
1776286139.714,239.714,0.53,0.54,0.46,0.47,0.01,0.01,74767.08,1776286137000
1776286140.081,240.081,0.53,0.54,0.46,0.47,0.01,0.01,74766.99,1776286138000
1776286140.468,240.468,0.53,0.54,0.46,0.47,0.01,0.01,74766.99,1776286138000
1776286141.275,241.275,0.53,0.54,0.46,0.47,0.01,0.01,74767.02,1776286140000
1776286141.706,241.706,0.54,0.56,0.44,0.47,0.02,0.03,74767.02,1776286140000
1776286142.112,242.112,0.53,0.54,0.46,0.47,0.01,0.01,74767.02,1776286140000
1776286142.544,242.544,0.54,0.56,0.45,0.46,0.02,0.01,74767.02,1776286140000
1776286143.006,243.006,0.53,0.54,0.46,0.47,0.01,0.01,74767.02,1776286141000
1776286143.341,243.341,0.49,0.53,0.47,0.5,0.04,0.03,74767.02,1776286141000
1776286143.7,243.7,0.45,0.48,0.52,0.55,0.03,0.03,74767.03,1776286142000
1776286144.055,244.055,0.44,0.45,0.54,0.57,0.01,0.03,74767.03,1776286142000
1776286144.568,244.568,0.42,0.44,0.55,0.58,0.02,0.03,74767.61,1776286143000
1776286145.031,245.031,0.42,0.44,0.56,0.58,0.02,0.02,74767.61,1776286143000
1776286146.225,246.225,0.42,0.44,0.56,0.58,0.02,0.02,74764.44,1776286145000
1776286146.883,246.883,0.43,0.44,0.56,0.58,0.01,0.02,74764.44,1776286145000
1776286147.255,247.255,0.45,0.47,0.53,0.57,0.02,0.04,74783.76,1776286146000
1776286147.589,247.589,0.52,0.66,0.34,0.48,0.14,0.14,74783.76,1776286146000
1776286147.962,247.962,0.63,0.7,0.3,0.36,0.07,0.06,74783.76,1776286146000
1776286148.297,248.297,0.6,0.64,0.36,0.4,0.04,0.04,74785.17,1776286147000
1776286148.644,248.644,0.65,0.69,0.34,0.35,0.04,0.01,74785.17,1776286147000
1776286148.985,248.985,0.68,0.71,0.31,0.32,0.03,0.01,74785.17,1776286147000
1776286149.507,249.507,0.73,0.77,0.22,0.24,0.04,0.02,74786.91,1776286148000
1776286149.872,249.872,0.8,0.81,0.19,0.2,0.01,0.01,74786.91,1776286148000
1776286150.234,250.234,0.8,0.81,0.19,0.2,0.01,0.01,74787.02,1776286149000
1776286150.608,250.608,0.81,0.83,0.18,0.19,0.02,0.01,74787.02,1776286149000
1776286150.946,250.946,0.81,0.82,0.18,0.19,0.01,0.01,74787.02,1776286149000
1776286151.324,251.324,0.83,0.84,0.16,0.17,0.01,0.01,74792.44,1776286150000
1776286151.695,251.695,0.83,0.85,0.16,0.17,0.02,0.01,74792.44,1776286150000
1776286152.034,252.034,0.83,0.84,0.16,0.17,0.01,0.01,74792.44,1776286150000
1776286152.384,252.384,0.8,0.81,0.19,0.2,0.01,0.01,74793.6,1776286151000
1776286152.738,252.738,0.79,0.8,0.2,0.21,0.01,0.01,74793.6,1776286151000
1776286153.085,253.085,0.79,0.8,0.2,0.21,0.01,0.01,74793.6,1776286152000
1776286153.464,253.464,0.8,0.81,0.19,0.2,0.01,0.01,74793.6,1776286152000
1776286153.923,253.923,0.81,0.83,0.18,0.19,0.02,0.01,74793.6,1776286152000
1776286154.265,254.265,0.81,0.82,0.16,0.19,0.01,0.03,74791.42,1776286153000
1776286154.614,254.614,0.81,0.82,0.18,0.19,0.01,0.01,74791.42,1776286153000
1776286154.954,254.954,0.82,0.83,0.17,0.18,0.01,0.01,74791.42,1776286153000
1776286155.312,255.312,0.82,0.83,0.17,0.18,0.01,0.01,74788.7,1776286154000
1776286155.677,255.677,0.82,0.83,0.17,0.18,0.01,0.01,74788.7,1776286154000
1776286156.018,256.018,0.82,0.83,0.17,0.18,0.01,0.01,74788.7,1776286154000
1776286156.597,256.597,0.83,0.84,0.16,0.17,0.01,0.01,74790.71,1776286155000
1776286157.086,257.086,0.83,0.85,0.15,0.17,0.02,0.02,74790.73,1776286156000
1776286157.467,257.467,0.84,0.85,0.15,0.16,0.01,0.01,74790.73,1776286156000
1776286157.989,257.989,0.84,0.85,0.15,0.16,0.01,0.01,74790.7,1776286157000
1776286158.507,258.507,0.84,0.85,0.15,0.16,0.01,0.01,74790.7,1776286157000
1776286159.067,259.067,0.84,0.85,0.15,0.16,0.01,0.01,74790.7,1776286157000
1776286159.414,259.414,0.85,0.86,0.14,0.15,0.01,0.01,74790.71,1776286158000
1776286159.777,259.777,0.86,0.87,0.12,0.14,0.01,0.02,74790.71,1776286158000
1776286160.128,260.128,0.86,0.87,0.13,0.14,0.01,0.01,74790.71,1776286158000
1776286160.841,260.841,0.86,0.87,0.13,0.14,0.01,0.01,74790.71,1776286159000
1776286161.197,261.197,0.79,0.81,0.17,0.21,0.02,0.04,74790.71,1776286159000
1776286161.97,261.97,0.77,0.81,0.19,0.21,0.04,0.02,74790.71,1776286160000
1776286162.405,262.405,0.77,0.79,0.21,0.22,0.02,0.01,74790.72,1776286161000
1776286162.771,262.771,0.74,0.76,0.24,0.25,0.02,0.01,74790.72,1776286161000
1776286163.193,263.193,0.72,0.73,0.27,0.28,0.01,0.01,74780.54,1776286162000
1776286163.573,263.573,0.72,0.73,0.27,0.28,0.01,0.01,74780.54,1776286162000
1776286164.178,264.178,0.72,0.73,0.27,0.28,0.01,0.01,74780.54,1776286162000
1776286164.524,264.524,0.72,0.73,0.27,0.28,0.01,0.01,74776.7,1776286163000
1776286164.958,264.958,0.71,0.73,0.27,0.28,0.02,0.01,74776.7,1776286163000
1776286165.343,265.343,0.71,0.73,0.27,0.29,0.02,0.02,74776.73,1776286164000
1776286165.682,265.682,0.71,0.72,0.28,0.29,0.01,0.01,74776.73,1776286164000
1776286166.118,266.118,0.71,0.72,0.28,0.29,0.01,0.01,74776.73,1776286164000
1776286166.548,266.548,0.71,0.72,0.28,0.29,0.01,0.01,74776.82,1776286165000
1776286166.936,266.936,0.71,0.72,0.28,0.29,0.01,0.01,74776.82,1776286165000
1776286167.436,267.436,0.71,0.72,0.28,0.29,0.01,0.01,74776.81,1776286166000
1776286167.803,267.803,0.71,0.74,0.28,0.29,0.03,0.01,74776.81,1776286166000
1776286168.141,268.141,0.72,0.73,0.28,0.29,0.01,0.01,74777.11,1776286167000
1776286168.735,268.735,0.71,0.73,0.27,0.28,0.02,0.01,74777.11,1776286167000
1776286169.155,269.155,0.71,0.73,0.28,0.29,0.02,0.01,74776.68,1776286168000
1776286169.566,269.566,0.73,0.74,0.26,0.27,0.01,0.01,74776.68,1776286168000
1776286170.004,270.004,0.75,0.76,0.24,0.27,0.01,0.03,74776.68,1776286168000
1776286170.411,270.411,0.75,0.76,0.24,0.25,0.01,0.01,74777.07,1776286169000
1776286170.758,270.758,0.75,0.76,0.24,0.25,0.01,0.01,74777.07,1776286169000
1776286171.139,271.139,0.75,0.76,0.24,0.25,0.01,0.01,74777.07,1776286169000
1776286171.472,271.472,0.75,0.76,0.24,0.25,0.01,0.01,74777.0,1776286170000
1776286172.039,272.039,0.75,0.76,0.24,0.25,0.01,0.01,74777.0,1776286170000
1776286172.464,272.464,0.75,0.76,0.24,0.25,0.01,0.01,74777.5,1776286171000
1776286172.832,272.832,0.75,0.76,0.24,0.25,0.01,0.01,74777.5,1776286171000
1776286173.361,273.361,0.75,0.76,0.24,0.25,0.01,0.01,74777.24,1776286172000
1776286174.208,274.208,0.81,0.84,0.23,0.24,0.03,0.01,74777.24,1776286172000
1776286174.57,274.57,0.83,0.84,0.16,0.17,0.01,0.01,74777.21,1776286173000
1776286174.91,274.91,0.84,0.86,0.14,0.16,0.02,0.02,74777.21,1776286173000
1776286175.369,275.369,0.85,0.86,0.14,0.15,0.01,0.01,74777.21,1776286174000
1776286175.766,275.766,0.87,0.88,0.12,0.14,0.01,0.02,74777.21,1776286174000
1776286176.11,276.11,0.87,0.88,0.12,0.13,0.01,0.01,74777.21,1776286174000
1776286176.508,276.508,0.88,0.89,0.11,0.13,0.01,0.02,74778.78,1776286175000
1776286177.04,277.04,0.9,0.93,0.09,0.1,0.03,0.01,74778.78,1776286175000
1776286177.434,277.434,0.92,0.93,0.07,0.08,0.01,0.01,74782.62,1776286176000
1776286177.793,277.793,0.92,0.93,0.07,0.08,0.01,0.01,74782.62,1776286176000
1776286178.23,278.23,0.91,0.92,0.07,0.11,0.01,0.04,74782.62,1776286176000
1776286178.615,278.615,0.91,0.92,0.08,0.09,0.01,0.01,74783.09,1776286177000
1776286178.957,278.957,0.92,0.93,0.07,0.08,0.01,0.01,74783.12,1776286178000
1776286179.338,279.338,0.92,0.93,0.07,0.08,0.01,0.01,74783.12,1776286178000
1776286179.698,279.698,0.93,0.94,0.07,0.08,0.01,0.01,74783.12,1776286178000
1776286180.113,280.113,0.94,0.95,0.05,0.06,0.01,0.01,74783.29,1776286179000
1776286180.48,280.48,0.94,0.95,0.05,0.06,0.01,0.01,74783.29,1776286179000
1776286180.814,280.814,0.94,0.95,0.05,0.06,0.01,0.01,74783.29,1776286179000
1776286181.177,281.177,0.94,0.95,0.05,0.06,0.01,0.01,74783.35,1776286180000
1776286181.521,281.521,0.95,0.96,0.04,0.05,0.01,0.01,74783.35,1776286180000
1776286181.862,281.862,0.95,0.96,0.04,0.05,0.01,0.01,74783.35,1776286180000
1776286182.197,282.197,0.95,0.96,0.04,0.05,0.01,0.01,74787.13,1776286181000
1776286182.546,282.546,0.95,0.96,0.04,0.05,0.01,0.01,74787.13,1776286181000
1776286182.927,282.927,0.96,0.97,0.03,0.05,0.01,0.02,74787.13,1776286181000
1776286183.268,283.268,0.96,0.97,0.03,0.04,0.01,0.01,74791.48,1776286182000
1776286183.651,283.651,0.96,0.97,0.03,0.04,0.01,0.01,74791.48,1776286182000
1776286184.01,284.01,0.96,0.97,0.03,0.04,0.01,0.01,74791.48,1776286182000
1776286184.395,284.395,0.96,0.97,0.03,0.04,0.01,0.01,74792.41,1776286183000
1776286184.755,284.755,0.96,0.97,0.03,0.04,0.01,0.01,74792.41,1776286183000
1776286185.148,285.148,0.96,0.97,0.03,0.04,0.01,0.01,74792.61,1776286184000
1776286185.505,285.505,0.96,0.97,0.03,0.04,0.01,0.01,74792.61,1776286184000
1776286185.854,285.854,0.96,0.97,0.03,0.04,0.01,0.01,74792.61,1776286184000
1776286186.265,286.265,0.96,0.97,0.03,0.04,0.01,0.01,74792.61,1776286184000
1776286186.607,286.607,0.97,0.98,0.02,0.03,0.01,0.01,74794.1,1776286185000
1776286186.981,286.981,0.97,0.98,0.02,0.03,0.01,0.01,74794.1,1776286185000
1776286187.319,287.319,0.97,0.98,0.02,0.04,0.01,0.02,74794.1,1776286186000
1776286187.704,287.704,0.97,0.98,0.02,0.03,0.01,0.01,74794.1,1776286186000
1776286188.071,288.071,0.97,0.98,0.02,0.03,0.01,0.01,74794.1,1776286186000
1776286188.411,288.411,0.97,0.98,0.02,0.03,0.01,0.01,74794.19,1776286187000
1776286188.788,288.788,0.97,0.98,0.02,0.03,0.01,0.01,74794.19,1776286187000
1776286189.158,289.158,0.97,0.98,0.02,0.03,0.01,0.01,74794.19,1776286188000
1776286189.696,289.696,0.98,0.99,0.01,0.02,0.01,0.01,74794.19,1776286188000
1776286190.316,290.316,0.98,0.99,0.01,0.02,0.01,0.01,74794.16,1776286189000
1776286190.727,290.727,0.98,0.99,0.01,0.02,0.01,0.01,74794.16,1776286189000
1776286191.087,291.087,0.98,0.99,0.01,0.02,0.01,0.01,74794.16,1776286189000
1776286191.466,291.466,0.98,0.99,0.01,0.02,0.01,0.01,74794.23,1776286190000
1776286191.811,291.811,0.98,0.99,0.01,0.02,0.01,0.01,74794.23,1776286190000
1776286192.22,292.22,0.98,0.99,0.01,0.02,0.01,0.01,74793.73,1776286191000
1776286192.573,292.573,0.98,0.99,0.01,0.02,0.01,0.01,74793.73,1776286191000
1776286192.93,292.93,0.98,0.99,0.01,0.02,0.01,0.01,74793.73,1776286191000
1776286193.364,293.364,0.98,0.99,0.01,0.02,0.01,0.01,74793.71,1776286192000
1776286193.707,293.707,0.98,0.99,0.01,0.02,0.01,0.01,74793.71,1776286192000
1776286194.24,294.24,0.98,0.99,0.01,0.02,0.01,0.01,74793.71,1776286192000
1776286194.626,294.626,0.98,0.99,0.01,0.02,0.01,0.01,74793.71,1776286192000
1776286195.023,295.023,0.98,0.99,0.01,0.02,0.01,0.01,74793.71,1776286193000
1776286195.365,295.365,0.98,0.99,0.01,0.02,0.01,0.01,74793.71,1776286194000
1776286195.781,295.781,0.98,0.99,0.01,0.02,0.01,0.01,74793.71,1776286194000
1776286196.144,296.144,0.98,0.99,0.01,0.02,0.01,0.01,74793.71,1776286194000
1776286196.503,296.503,0.98,0.99,0.01,0.02,0.01,0.01,74793.71,1776286195000
1776286196.867,296.867,0.98,0.99,0.01,0.02,0.01,0.01,74793.71,1776286195000
1776286197.272,297.272,0.98,0.99,0.01,0.02,0.01,0.01,74793.71,1776286195000
1776286197.643,297.643,0.99,0.99,0.01,0.01,0.0,0.0,74793.71,1776286196000
1776286198.009,298.009,0.99,0.99,0.01,0.01,0.0,0.0,74793.77,1776286197000
1776286198.499,298.499,0.99,0.99,0.01,0.01,0.0,0.0,74793.77,1776286197000
1776286198.98,298.98,0.99,0.99,0.01,0.01,0.0,0.0,74793.77,1776286197000
1776286199.335,299.335,0.99,0.99,0.01,0.01,0.0,0.0,74793.82,1776286198000
1776286199.768,299.768,0.99,0.99,0.01,0.01,0.0,0.0,74793.82,1776286198000
1776286200.287,300.287,0.99,0.99,0.01,0.01,0.0,0.0,74793.83,1776286199000

# RESULT,winner=Up,slug=btc-updown-5m-1776285900,ticks=699
