timestamp,elapsed_sec,up_bid,up_ask,down_bid,down_ask,up_spread,down_spread,btc_price,btc_oracle_ts
1776210000.526,0.526,0.4,0.41,0.55,0.58,0.01,0.03,74183.72,1776209999000
1776210000.864,0.864,0.44,0.46,0.54,0.56,0.02,0.02,74184.52,1776210000000
1776210001.242,1.242,0.5,0.51,0.49,0.5,0.01,0.01,74184.52,1776210000000
1776210001.595,1.595,0.5,0.51,0.49,0.5,0.01,0.01,74184.52,1776210000000
1776210001.93,1.93,0.5,0.53,0.47,0.5,0.03,0.03,74184.52,1776210000000
1776210002.307,2.307,0.51,0.53,0.47,0.49,0.02,0.02,74184.52,1776210000000
1776210002.675,2.675,0.54,0.55,0.45,0.46,0.01,0.01,74190.94,1776210001000
1776210003.052,3.052,0.54,0.55,0.45,0.46,0.01,0.01,74190.94,1776210001000
1776210003.416,3.416,0.54,0.55,0.45,0.46,0.01,0.01,74209.09,1776210002000
1776210003.793,3.793,0.55,0.62,0.44,0.45,0.07,0.01,74209.09,1776210002000
1776210004.176,4.176,0.59,0.6,0.4,0.41,0.01,0.01,74209.09,1776210002000
1776210004.646,4.646,0.59,0.6,0.39,0.41,0.01,0.02,74214.53,1776210003000
1776210005.013,5.013,0.62,0.64,0.36,0.38,0.02,0.02,74214.53,1776210003000
1776210005.365,5.365,0.63,0.64,0.36,0.37,0.01,0.01,74215.36,1776210004000
1776210005.751,5.751,0.63,0.64,0.36,0.37,0.01,0.01,74215.36,1776210004000
1776210006.209,6.209,0.63,0.64,0.36,0.37,0.01,0.01,74215.36,1776210004000
1776210006.682,6.682,0.63,0.64,0.36,0.37,0.01,0.01,74215.71,1776210005000
1776210007.146,7.146,0.63,0.64,0.36,0.37,0.01,0.01,74215.71,1776210005000
1776210007.6,7.6,0.63,0.64,0.36,0.37,0.01,0.01,74215.57,1776210006000
1776210008.021,8.021,0.63,0.64,0.36,0.37,0.01,0.01,74215.57,1776210006000
1776210008.369,8.369,0.64,0.65,0.35,0.36,0.01,0.01,74215.33,1776210007000
1776210008.875,8.875,0.64,0.65,0.35,0.36,0.01,0.01,74215.33,1776210007000
1776210009.568,9.568,0.64,0.65,0.35,0.36,0.01,0.01,74215.6,1776210008000
1776210010.215,10.215,0.64,0.65,0.35,0.36,0.01,0.01,74215.62,1776210009000
1776210010.636,10.636,0.65,0.66,0.34,0.36,0.01,0.02,74215.62,1776210009000
1776210011.126,11.126,0.65,0.66,0.34,0.35,0.01,0.01,74216.54,1776210010000
1776210011.767,11.767,0.64,0.65,0.35,0.36,0.01,0.01,74216.54,1776210010000
1776210012.156,12.156,0.64,0.65,0.35,0.36,0.01,0.01,74216.16,1776210011000
1776210012.528,12.528,0.64,0.65,0.35,0.36,0.01,0.01,74216.16,1776210011000
1776210012.897,12.897,0.64,0.65,0.35,0.36,0.01,0.01,74216.16,1776210011000
1776210013.231,13.231,0.64,0.65,0.35,0.36,0.01,0.01,74214.51,1776210012000
1776210013.794,13.794,0.64,0.65,0.35,0.36,0.01,0.01,74214.51,1776210012000
1776210014.318,14.318,0.64,0.65,0.35,0.36,0.01,0.01,74214.51,1776210012000
1776210014.683,14.683,0.64,0.65,0.35,0.36,0.01,0.01,74211.31,1776210013000
1776210015.16,15.16,0.64,0.65,0.35,0.36,0.01,0.01,74211.61,1776210014000
1776210015.497,15.497,0.64,0.65,0.35,0.36,0.01,0.01,74211.61,1776210014000
1776210015.84,15.84,0.65,0.66,0.35,0.36,0.01,0.01,74211.61,1776210014000
1776210016.194,16.194,0.65,0.66,0.34,0.35,0.01,0.01,74215.38,1776210015000
1776210016.555,16.555,0.65,0.66,0.34,0.35,0.01,0.01,74215.38,1776210015000
1776210017.108,17.108,0.65,0.66,0.34,0.35,0.01,0.01,74215.38,1776210015000
1776210017.688,17.688,0.65,0.66,0.34,0.35,0.01,0.01,74216.01,1776210016000
1776210018.105,18.105,0.65,0.66,0.34,0.35,0.01,0.01,74216.18,1776210017000
1776210018.451,18.451,0.65,0.66,0.34,0.35,0.01,0.01,74216.18,1776210017000
1776210019.011,19.011,0.65,0.66,0.34,0.35,0.01,0.01,74216.18,1776210017000
1776210019.64,19.64,0.65,0.66,0.34,0.35,0.01,0.01,74216.43,1776210018000
1776210020.13,20.13,0.64,0.66,0.34,0.36,0.02,0.02,74216.44,1776210019000
1776210020.497,20.497,0.65,0.66,0.34,0.35,0.01,0.01,74216.44,1776210019000
1776210020.912,20.912,0.65,0.66,0.34,0.35,0.01,0.01,74216.44,1776210019000
1776210021.264,21.264,0.64,0.65,0.35,0.36,0.01,0.01,74216.45,1776210020000
1776210021.824,21.824,0.64,0.65,0.35,0.36,0.01,0.01,74216.45,1776210020000
1776210022.181,22.181,0.64,0.65,0.35,0.36,0.01,0.01,74216.45,1776210020000
1776210022.595,22.595,0.64,0.65,0.35,0.36,0.01,0.01,74216.46,1776210021000
1776210023.249,23.249,0.64,0.65,0.35,0.36,0.01,0.01,74216.41,1776210022000
1776210024.208,24.208,0.64,0.65,0.35,0.36,0.01,0.01,74216.43,1776210023000
1776210024.581,24.581,0.64,0.65,0.35,0.36,0.01,0.01,74216.43,1776210023000
1776210025.147,25.147,0.64,0.65,0.35,0.36,0.01,0.01,74216.43,1776210024000
1776210025.879,25.879,0.64,0.65,0.35,0.36,0.01,0.01,74216.43,1776210024000
1776210026.262,26.262,0.64,0.65,0.35,0.36,0.01,0.01,74216.43,1776210024000
1776210026.912,26.912,0.64,0.65,0.35,0.36,0.01,0.01,74216.53,1776210026000
1776210027.265,27.265,0.64,0.65,0.35,0.39,0.01,0.04,74216.53,1776210026000
1776210027.615,27.615,0.63,0.64,0.36,0.37,0.01,0.01,74216.53,1776210026000
1776210028.072,28.072,0.62,0.63,0.36,0.38,0.01,0.02,74216.53,1776210026000
1776210028.541,28.541,0.61,0.62,0.37,0.39,0.01,0.02,74215.92,1776210027000
1776210029.299,29.299,0.61,0.62,0.38,0.39,0.01,0.01,74215.92,1776210027000
1776210029.761,29.761,0.61,0.62,0.38,0.39,0.01,0.01,74210.94,1776210028000
1776210030.139,30.139,0.61,0.62,0.38,0.39,0.01,0.01,74210.22,1776210029000
1776210030.52,30.52,0.61,0.62,0.38,0.39,0.01,0.01,74210.22,1776210029000
1776210030.986,30.986,0.61,0.62,0.38,0.39,0.01,0.01,74210.22,1776210029000
1776210031.574,31.574,0.61,0.62,0.38,0.39,0.01,0.01,74208.4,1776210030000
1776210031.952,31.952,0.61,0.62,0.38,0.39,0.01,0.01,74208.4,1776210030000
1776210032.391,32.391,0.62,0.64,0.36,0.38,0.02,0.02,74210.95,1776210031000
1776210032.756,32.756,0.63,0.64,0.36,0.38,0.01,0.02,74210.95,1776210031000
1776210033.128,33.128,0.63,0.64,0.36,0.37,0.01,0.01,74210.95,1776210031000
1776210033.629,33.629,0.63,0.64,0.36,0.37,0.01,0.01,74211.39,1776210032000
1776210034.231,34.231,0.63,0.64,0.36,0.37,0.01,0.01,74211.39,1776210032000
1776210034.869,34.869,0.63,0.64,0.36,0.37,0.01,0.01,74213.92,1776210033000
1776210035.245,35.245,0.63,0.64,0.36,0.37,0.01,0.01,74214.22,1776210034000
1776210035.592,35.592,0.63,0.64,0.36,0.37,0.01,0.01,74214.22,1776210034000
1776210035.94,35.94,0.69,0.7,0.31,0.32,0.01,0.01,74214.22,1776210034000
1776210036.295,36.295,0.69,0.7,0.3,0.31,0.01,0.01,74214.11,1776210035000
1776210036.681,36.681,0.69,0.7,0.29,0.31,0.01,0.02,74214.11,1776210035000
1776210037.022,37.022,0.69,0.7,0.3,0.31,0.01,0.01,74214.11,1776210035000
1776210037.367,37.367,0.69,0.7,0.3,0.31,0.01,0.01,74233.44,1776210036000
1776210037.917,37.917,0.69,0.7,0.3,0.31,0.01,0.01,74233.44,1776210036000
1776210038.258,38.258,0.65,0.7,0.3,0.34,0.05,0.04,74236.78,1776210037000
1776210039.057,39.057,0.67,0.69,0.3,0.35,0.02,0.05,74236.78,1776210037000
1776210039.396,39.396,0.67,0.68,0.32,0.33,0.01,0.01,74236.78,1776210037000
1776210039.841,39.841,0.66,0.68,0.32,0.34,0.02,0.02,74220.99,1776210038000
1776210040.251,40.251,0.66,0.67,0.33,0.34,0.01,0.01,74220.88,1776210039000
1776210040.593,40.593,0.66,0.67,0.33,0.34,0.01,0.01,74220.88,1776210039000
1776210040.966,40.966,0.65,0.66,0.34,0.35,0.01,0.01,74220.88,1776210039000
1776210041.302,41.302,0.64,0.65,0.34,0.36,0.01,0.02,74213.96,1776210040000
1776210041.649,41.649,0.64,0.65,0.35,0.36,0.01,0.01,74213.96,1776210040000
1776210042.089,42.089,0.63,0.64,0.35,0.37,0.01,0.02,74213.96,1776210040000
1776210042.521,42.521,0.63,0.64,0.36,0.37,0.01,0.01,74212.84,1776210041000
1776210042.881,42.881,0.62,0.63,0.37,0.38,0.01,0.01,74212.84,1776210041000
1776210043.215,43.215,0.62,0.63,0.37,0.38,0.01,0.01,74208.38,1776210042000
1776210043.688,43.688,0.62,0.63,0.37,0.38,0.01,0.01,74208.38,1776210042000
1776210044.238,44.238,0.61,0.62,0.38,0.39,0.01,0.01,74198.59,1776210043000
1776210044.642,44.642,0.6,0.61,0.39,0.4,0.01,0.01,74198.59,1776210043000
1776210045.504,45.504,0.6,0.61,0.39,0.4,0.01,0.01,74197.45,1776210044000
1776210045.89,45.89,0.6,0.61,0.39,0.4,0.01,0.01,74197.45,1776210044000
1776210046.236,46.236,0.59,0.6,0.4,0.42,0.01,0.02,74198.23,1776210045000
1776210046.584,46.584,0.58,0.59,0.41,0.42,0.01,0.01,74198.23,1776210045000
1776210047.024,47.024,0.57,0.58,0.41,0.43,0.01,0.02,74198.23,1776210045000
1776210047.396,47.396,0.56,0.57,0.42,0.44,0.01,0.02,74192.48,1776210046000
1776210048.155,48.155,0.55,0.56,0.43,0.44,0.01,0.01,74192.48,1776210046000
1776210048.51,48.51,0.55,0.56,0.44,0.45,0.01,0.01,74190.86,1776210047000
1776210048.927,48.927,0.55,0.56,0.44,0.45,0.01,0.01,74189.04,1776210048000
1776210049.296,49.296,0.55,0.56,0.44,0.45,0.01,0.01,74189.04,1776210048000
1776210049.644,49.644,0.55,0.56,0.44,0.45,0.01,0.01,74189.04,1776210048000
1776210049.995,49.995,0.55,0.56,0.44,0.45,0.01,0.01,74189.04,1776210048000
1776210050.379,50.379,0.55,0.56,0.44,0.45,0.01,0.01,74189.04,1776210048000
1776210050.889,50.889,0.55,0.56,0.44,0.45,0.01,0.01,74189.04,1776210048000
1776210051.279,51.279,0.55,0.56,0.44,0.45,0.01,0.01,74189.04,1776210048000
1776210051.665,51.665,0.55,0.56,0.44,0.45,0.01,0.01,74190.37,1776210049000
1776210052.015,52.015,0.55,0.56,0.44,0.45,0.01,0.01,74190.37,1776210049000
1776210052.4,52.4,0.55,0.56,0.44,0.45,0.01,0.01,74196.09,1776210051000
1776210052.797,52.797,0.55,0.56,0.44,0.45,0.01,0.01,74196.09,1776210051000
1776210053.195,53.195,0.57,0.58,0.42,0.43,0.01,0.01,74196.09,1776210051000
1776210053.589,53.589,0.57,0.58,0.42,0.43,0.01,0.01,74196.09,1776210051000
1776210054.07,54.07,0.57,0.58,0.42,0.43,0.01,0.01,74195.29,1776210053000
1776210054.626,54.626,0.57,0.58,0.42,0.43,0.01,0.01,74195.29,1776210053000
1776210055.498,55.498,0.57,0.58,0.42,0.43,0.01,0.01,74199.77,1776210054000
1776210055.94,55.94,0.57,0.58,0.42,0.43,0.01,0.01,74199.77,1776210054000
1776210056.363,56.363,0.56,0.58,0.42,0.43,0.02,0.01,74200.17,1776210055000
1776210056.766,56.766,0.56,0.57,0.43,0.44,0.01,0.01,74200.17,1776210055000
1776210057.393,57.393,0.56,0.57,0.43,0.44,0.01,0.01,74200.17,1776210055000
1776210057.96,57.96,0.56,0.57,0.43,0.44,0.01,0.01,74199.74,1776210056000
1776210058.703,58.703,0.56,0.57,0.43,0.44,0.01,0.01,74198.93,1776210057000
1776210059.042,59.042,0.55,0.56,0.44,0.45,0.01,0.01,74198.93,1776210057000
1776210059.382,59.382,0.55,0.56,0.44,0.45,0.01,0.01,74198.93,1776210057000
1776210059.806,59.806,0.54,0.56,0.44,0.45,0.02,0.01,74197.22,1776210058000
1776210060.175,60.175,0.54,0.55,0.45,0.46,0.01,0.01,74197.22,1776210058000
1776210060.51,60.51,0.52,0.54,0.45,0.48,0.02,0.03,74197.22,1776210059000
1776210060.901,60.901,0.53,0.54,0.46,0.47,0.01,0.01,74197.22,1776210059000
1776210061.417,61.417,0.51,0.54,0.46,0.47,0.03,0.01,74197.22,1776210059000
1776210061.894,61.894,0.52,0.53,0.47,0.48,0.01,0.01,74196.25,1776210060000
1776210062.394,62.394,0.52,0.53,0.47,0.48,0.01,0.01,74193.18,1776210061000
1776210062.779,62.779,0.52,0.53,0.47,0.48,0.01,0.01,74193.18,1776210061000
1776210063.514,63.514,0.52,0.53,0.47,0.48,0.01,0.01,74191.46,1776210062000
1776210064.354,64.354,0.52,0.53,0.47,0.48,0.01,0.01,74191.46,1776210062000
1776210065.018,65.018,0.52,0.53,0.47,0.48,0.01,0.01,74188.29,1776210063000
1776210065.399,65.399,0.52,0.54,0.46,0.48,0.02,0.02,74188.29,1776210064000
1776210066.227,66.227,0.52,0.53,0.47,0.48,0.01,0.01,74188.29,1776210064000
1776210066.563,66.563,0.52,0.53,0.47,0.48,0.01,0.01,74190.47,1776210065000
1776210066.95,66.95,0.52,0.53,0.47,0.48,0.01,0.01,74190.47,1776210065000
1776210067.365,67.365,0.52,0.53,0.47,0.48,0.01,0.01,74190.47,1776210065000
1776210067.733,67.733,0.52,0.53,0.47,0.48,0.01,0.01,74190.19,1776210066000
1776210068.324,68.324,0.52,0.53,0.47,0.48,0.01,0.01,74190.21,1776210067000
1776210068.954,68.954,0.51,0.52,0.47,0.49,0.01,0.02,74190.21,1776210067000
1776210069.324,69.324,0.51,0.52,0.48,0.49,0.01,0.01,74190.22,1776210068000
1776210069.991,69.991,0.51,0.52,0.48,0.49,0.01,0.01,74190.22,1776210068000
1776210070.687,70.687,0.51,0.52,0.48,0.49,0.01,0.01,74189.99,1776210069000
1776210071.139,71.139,0.51,0.52,0.48,0.49,0.01,0.01,74189.99,1776210069000
1776210071.622,71.622,0.52,0.53,0.47,0.48,0.01,0.01,74189.92,1776210070000
1776210072.091,72.091,0.52,0.53,0.47,0.48,0.01,0.01,74190.57,1776210071000
1776210072.543,72.543,0.52,0.53,0.47,0.48,0.01,0.01,74190.57,1776210071000
1776210073.095,73.095,0.56,0.57,0.43,0.44,0.01,0.01,74190.57,1776210071000
1776210073.443,73.443,0.56,0.57,0.43,0.44,0.01,0.01,74190.63,1776210072000
1776210073.839,73.839,0.56,0.57,0.43,0.44,0.01,0.01,74190.63,1776210072000
1776210074.269,74.269,0.56,0.57,0.43,0.44,0.01,0.01,74190.63,1776210072000
1776210074.702,74.702,0.56,0.57,0.43,0.44,0.01,0.01,74196.2,1776210073000
1776210075.049,75.049,0.56,0.57,0.43,0.44,0.01,0.01,74196.2,1776210073000
1776210075.384,75.384,0.56,0.57,0.43,0.44,0.01,0.01,74196.55,1776210074000
1776210075.877,75.877,0.56,0.57,0.43,0.44,0.01,0.01,74196.55,1776210074000
1776210076.304,76.304,0.53,0.55,0.45,0.46,0.02,0.01,74196.55,1776210074000
1776210076.723,76.723,0.52,0.53,0.46,0.48,0.01,0.02,74196.94,1776210075000
1776210077.379,77.379,0.52,0.53,0.47,0.48,0.01,0.01,74196.66,1776210076000
1776210077.993,77.993,0.52,0.53,0.47,0.48,0.01,0.01,74196.66,1776210076000
1776210078.816,78.816,0.51,0.52,0.47,0.49,0.01,0.02,74192.67,1776210077000
1776210079.178,79.178,0.51,0.52,0.48,0.49,0.01,0.01,74192.67,1776210077000
1776210079.9,79.9,0.51,0.52,0.48,0.49,0.01,0.01,74190.73,1776210078000
1776210080.353,80.353,0.51,0.52,0.48,0.49,0.01,0.01,74190.8,1776210079000
1776210080.924,80.924,0.51,0.52,0.48,0.49,0.01,0.01,74190.34,1776210080000
1776210082.045,82.045,0.51,0.52,0.48,0.49,0.01,0.01,74190.34,1776210080000
1776210082.581,82.581,0.51,0.52,0.48,0.49,0.01,0.01,74190.34,1776210081000
1776210082.932,82.932,0.51,0.52,0.48,0.49,0.01,0.01,74190.34,1776210081000
1776210083.285,83.285,0.51,0.52,0.48,0.49,0.01,0.01,74189.96,1776210082000
1776210083.703,83.703,0.5,0.51,0.48,0.5,0.01,0.02,74189.96,1776210082000
1776210084.25,84.25,0.48,0.51,0.49,0.52,0.03,0.03,74189.34,1776210083000
1776210084.584,84.584,0.48,0.49,0.51,0.52,0.01,0.01,74189.34,1776210083000
1776210084.926,84.926,0.47,0.49,0.51,0.53,0.02,0.02,74189.34,1776210083000
1776210085.275,85.275,0.46,0.47,0.52,0.54,0.01,0.02,74189.34,1776210083000
1776210085.694,85.694,0.46,0.47,0.53,0.54,0.01,0.01,74185.47,1776210084000
1776210086.054,86.054,0.45,0.47,0.53,0.55,0.02,0.02,74185.47,1776210084000
1776210086.429,86.429,0.44,0.46,0.53,0.55,0.02,0.02,74180.56,1776210085000
1776210086.913,86.913,0.42,0.43,0.57,0.59,0.01,0.02,74180.56,1776210085000
1776210087.319,87.319,0.39,0.42,0.58,0.61,0.03,0.03,74178.81,1776210086000
1776210087.69,87.69,0.41,0.42,0.58,0.6,0.01,0.02,74178.81,1776210086000
1776210088.088,88.088,0.41,0.42,0.58,0.59,0.01,0.01,74178.81,1776210086000
1776210088.528,88.528,0.41,0.42,0.58,0.59,0.01,0.01,74171.47,1776210087000
1776210088.905,88.905,0.41,0.42,0.58,0.59,0.01,0.01,74171.24,1776210088000
1776210089.24,89.24,0.41,0.42,0.58,0.59,0.01,0.01,74171.24,1776210088000
1776210089.585,89.585,0.41,0.42,0.58,0.59,0.01,0.01,74171.24,1776210088000
1776210089.952,89.952,0.41,0.42,0.58,0.59,0.01,0.01,74170.47,1776210089000
1776210090.293,90.293,0.41,0.42,0.58,0.59,0.01,0.01,74170.47,1776210089000
1776210090.649,90.649,0.41,0.42,0.58,0.59,0.01,0.01,74170.47,1776210089000
1776210091.031,91.031,0.41,0.42,0.58,0.59,0.01,0.01,74170.48,1776210090000
1776210091.484,91.484,0.41,0.43,0.58,0.59,0.02,0.01,74170.48,1776210090000
1776210091.881,91.881,0.45,0.46,0.55,0.56,0.01,0.01,74170.48,1776210090000
1776210092.25,92.25,0.45,0.46,0.54,0.55,0.01,0.01,74170.48,1776210090000
1776210092.605,92.605,0.45,0.46,0.54,0.55,0.01,0.01,74171.77,1776210091000
1776210093.053,93.053,0.45,0.46,0.54,0.55,0.01,0.01,74177.41,1776210092000
1776210093.425,93.425,0.45,0.46,0.54,0.55,0.01,0.01,74177.41,1776210092000
1776210093.951,93.951,0.45,0.46,0.54,0.55,0.01,0.01,74178.66,1776210093000
1776210094.292,94.292,0.45,0.46,0.54,0.55,0.01,0.01,74178.66,1776210093000
1776210094.866,94.866,0.45,0.46,0.54,0.55,0.01,0.01,74178.66,1776210093000
1776210095.671,95.671,0.45,0.46,0.54,0.55,0.01,0.01,74178.28,1776210094000
1776210096.041,96.041,0.45,0.46,0.54,0.55,0.01,0.01,74178.28,1776210095000
1776210096.402,96.402,0.45,0.46,0.54,0.55,0.01,0.01,74178.28,1776210095000
1776210096.888,96.888,0.45,0.46,0.54,0.55,0.01,0.01,74178.28,1776210095000
1776210097.241,97.241,0.45,0.47,0.54,0.55,0.02,0.01,74178.26,1776210096000
1776210097.729,97.729,0.46,0.48,0.53,0.54,0.02,0.01,74178.26,1776210096000
1776210098.102,98.102,0.46,0.47,0.52,0.54,0.01,0.02,74178.26,1776210096000
1776210098.641,98.641,0.47,0.48,0.52,0.53,0.01,0.01,74178.27,1776210097000
1776210099.018,99.018,0.47,0.48,0.52,0.53,0.01,0.01,74178.4,1776210098000
1776210099.492,99.492,0.47,0.48,0.52,0.53,0.01,0.01,74178.4,1776210098000
1776210099.978,99.978,0.47,0.48,0.52,0.53,0.01,0.01,74180.28,1776210099000
1776210100.97,100.97,0.47,0.48,0.52,0.53,0.01,0.01,74181.01,1776210100000
1776210101.574,101.574,0.47,0.48,0.52,0.53,0.01,0.01,74181.01,1776210100000
1776210101.997,101.997,0.47,0.48,0.52,0.53,0.01,0.01,74181.01,1776210100000
1776210103.09,103.09,0.47,0.48,0.52,0.53,0.01,0.01,74184.25,1776210102000
1776210103.906,103.906,0.47,0.48,0.52,0.53,0.01,0.01,74184.25,1776210102000
1776210105.146,105.146,0.47,0.48,0.52,0.53,0.01,0.01,74183.91,1776210103000
1776210105.564,105.564,0.47,0.48,0.52,0.53,0.01,0.01,74183.52,1776210104000
1776210106.162,106.162,0.47,0.48,0.52,0.53,0.01,0.01,74183.52,1776210104000
1776210106.552,106.552,0.47,0.48,0.52,0.53,0.01,0.01,74182.96,1776210105000
1776210106.894,106.894,0.48,0.49,0.51,0.52,0.01,0.01,74182.96,1776210105000
1776210107.505,107.505,0.48,0.49,0.51,0.52,0.01,0.01,74182.34,1776210106000
1776210108.008,108.008,0.48,0.49,0.51,0.52,0.01,0.01,74182.34,1776210106000
1776210108.38,108.38,0.48,0.49,0.51,0.52,0.01,0.01,74182.43,1776210107000
1776210108.958,108.958,0.48,0.49,0.51,0.52,0.01,0.01,74182.43,1776210107000
1776210109.297,109.297,0.48,0.49,0.51,0.52,0.01,0.01,74182.67,1776210108000
1776210109.978,109.978,0.48,0.5,0.51,0.52,0.02,0.01,74182.67,1776210108000
1776210110.328,110.328,0.48,0.5,0.5,0.52,0.02,0.02,74182.97,1776210109000
1776210111.086,111.086,0.49,0.5,0.5,0.51,0.01,0.01,74182.97,1776210109000
1776210111.688,111.688,0.49,0.5,0.5,0.51,0.01,0.01,74182.97,1776210109000
1776210112.058,112.058,0.49,0.5,0.5,0.51,0.01,0.01,74183.02,1776210110000
1776210112.697,112.697,0.48,0.49,0.5,0.52,0.01,0.02,74183.02,1776210111000
1776210113.454,113.454,0.48,0.49,0.51,0.52,0.01,0.01,74183.9,1776210112000
1776210114.104,114.104,0.48,0.49,0.51,0.52,0.01,0.01,74183.9,1776210113000
1776210115.255,115.255,0.48,0.49,0.51,0.52,0.01,0.01,74183.15,1776210114000
1776210115.694,115.694,0.48,0.49,0.51,0.52,0.01,0.01,74183.15,1776210114000
1776210116.37,116.37,0.48,0.49,0.51,0.52,0.01,0.01,74183.15,1776210114000
1776210116.761,116.761,0.48,0.49,0.51,0.52,0.01,0.01,74183.12,1776210115000
1776210117.267,117.267,0.48,0.49,0.51,0.52,0.01,0.01,74183.12,1776210116000
1776210117.969,117.969,0.48,0.49,0.51,0.52,0.01,0.01,74183.12,1776210116000
1776210118.365,118.365,0.48,0.49,0.51,0.52,0.01,0.01,74183.18,1776210117000
1776210119.054,119.054,0.48,0.49,0.51,0.52,0.01,0.01,74183.18,1776210118000
1776210119.704,119.704,0.48,0.49,0.51,0.52,0.01,0.01,74183.18,1776210118000
1776210120.268,120.268,0.48,0.49,0.51,0.52,0.01,0.01,74183.18,1776210118000
1776210120.701,120.701,0.48,0.49,0.51,0.52,0.01,0.01,74183.18,1776210119000
1776210121.287,121.287,0.48,0.49,0.51,0.52,0.01,0.01,74183.18,1776210119000
1776210121.629,121.629,0.48,0.49,0.51,0.52,0.01,0.01,74183.37,1776210120000
1776210121.973,121.973,0.48,0.49,0.51,0.52,0.01,0.01,74183.37,1776210120000
1776210122.389,122.389,0.47,0.49,0.51,0.52,0.02,0.01,74183.37,1776210120000
1776210122.82,122.82,0.47,0.48,0.52,0.53,0.01,0.01,74183.38,1776210121000
1776210123.383,123.383,0.47,0.48,0.52,0.53,0.01,0.01,74183.07,1776210122000
1776210124.111,124.111,0.47,0.48,0.52,0.53,0.01,0.01,74183.07,1776210122000
1776210124.549,124.549,0.47,0.48,0.52,0.53,0.01,0.01,74182.72,1776210123000
1776210125.256,125.256,0.47,0.48,0.52,0.53,0.01,0.01,74182.72,1776210123000
1776210125.73,125.73,0.47,0.48,0.52,0.53,0.01,0.01,74182.74,1776210124000
1776210126.115,126.115,0.47,0.48,0.52,0.53,0.01,0.01,74182.74,1776210124000
1776210126.451,126.451,0.47,0.48,0.52,0.53,0.01,0.01,74182.74,1776210124000
1776210126.81,126.81,0.47,0.48,0.52,0.53,0.01,0.01,74182.78,1776210125000
1776210127.165,127.165,0.47,0.48,0.52,0.53,0.01,0.01,74182.78,1776210125000
1776210127.594,127.594,0.47,0.48,0.52,0.53,0.01,0.01,74183.22,1776210126000
1776210127.982,127.982,0.46,0.48,0.52,0.54,0.02,0.02,74183.22,1776210126000
1776210128.376,128.376,0.46,0.47,0.52,0.54,0.01,0.02,74183.18,1776210127000
1776210128.994,128.994,0.46,0.47,0.53,0.54,0.01,0.01,74183.18,1776210127000
1776210129.328,129.328,0.46,0.47,0.53,0.54,0.01,0.01,74183.32,1776210128000
1776210130.362,130.362,0.46,0.47,0.53,0.54,0.01,0.01,74182.32,1776210129000
1776210131.026,131.026,0.46,0.47,0.53,0.54,0.01,0.01,74182.32,1776210130000
1776210131.768,131.768,0.45,0.47,0.53,0.54,0.02,0.01,74182.32,1776210130000
1776210132.173,132.173,0.42,0.44,0.56,0.57,0.02,0.01,74182.32,1776210130000
1776210132.522,132.522,0.43,0.44,0.56,0.57,0.01,0.01,74182.33,1776210131000
1776210132.87,132.87,0.43,0.44,0.56,0.57,0.01,0.01,74182.33,1776210131000
1776210133.272,133.272,0.42,0.44,0.56,0.58,0.02,0.02,74178.56,1776210132000
1776210133.654,133.654,0.42,0.43,0.57,0.58,0.01,0.01,74178.56,1776210132000
1776210134.121,134.121,0.42,0.43,0.57,0.58,0.01,0.01,74178.56,1776210132000
1776210134.501,134.501,0.42,0.43,0.57,0.58,0.01,0.01,74176.24,1776210133000
1776210134.844,134.844,0.42,0.43,0.57,0.58,0.01,0.01,74176.24,1776210133000
1776210135.271,135.271,0.42,0.43,0.57,0.58,0.01,0.01,74176.07,1776210134000
1776210135.788,135.788,0.42,0.43,0.57,0.58,0.01,0.01,74176.07,1776210134000
1776210136.345,136.345,0.42,0.43,0.57,0.58,0.01,0.01,74175.17,1776210135000
1776210137.127,137.127,0.42,0.43,0.57,0.58,0.01,0.01,74174.74,1776210136000
1776210137.479,137.479,0.42,0.43,0.57,0.58,0.01,0.01,74174.74,1776210136000
1776210138.055,138.055,0.42,0.43,0.57,0.58,0.01,0.01,74174.74,1776210136000
1776210138.437,138.437,0.42,0.43,0.57,0.58,0.01,0.01,74174.84,1776210137000
1776210138.803,138.803,0.42,0.43,0.57,0.58,0.01,0.01,74174.84,1776210137000
1776210139.322,139.322,0.42,0.43,0.57,0.58,0.01,0.01,74175.01,1776210138000
1776210139.676,139.676,0.42,0.43,0.57,0.58,0.01,0.01,74175.01,1776210138000
1776210140.374,140.374,0.42,0.43,0.57,0.58,0.01,0.01,74175.01,1776210138000
1776210140.94,140.94,0.42,0.43,0.57,0.58,0.01,0.01,74174.29,1776210139000
1776210141.316,141.316,0.42,0.43,0.57,0.58,0.01,0.01,74174.29,1776210139000
1776210141.731,141.731,0.42,0.43,0.57,0.58,0.01,0.01,74173.64,1776210140000
1776210142.128,142.128,0.42,0.43,0.57,0.58,0.01,0.01,74173.43,1776210141000
1776210142.921,142.921,0.42,0.43,0.57,0.58,0.01,0.01,74172.1,1776210142000
1776210143.289,143.289,0.42,0.43,0.57,0.58,0.01,0.01,74172.1,1776210142000
1776210143.631,143.631,0.42,0.43,0.57,0.58,0.01,0.01,74172.1,1776210142000
1776210143.989,143.989,0.42,0.43,0.57,0.58,0.01,0.01,74171.93,1776210143000
1776210144.457,144.457,0.42,0.43,0.57,0.58,0.01,0.01,74171.93,1776210143000
1776210144.946,144.946,0.42,0.43,0.57,0.58,0.01,0.01,74172.37,1776210144000
1776210145.401,145.401,0.42,0.43,0.57,0.58,0.01,0.01,74172.37,1776210144000
1776210146.047,146.047,0.42,0.43,0.57,0.58,0.01,0.01,74171.56,1776210145000
1776210146.518,146.518,0.42,0.43,0.57,0.58,0.01,0.01,74171.56,1776210145000
1776210146.931,146.931,0.42,0.43,0.57,0.58,0.01,0.01,74171.56,1776210145000
1776210147.397,147.397,0.42,0.43,0.57,0.58,0.01,0.01,74171.57,1776210146000
1776210147.751,147.751,0.42,0.43,0.57,0.58,0.01,0.01,74171.57,1776210146000
1776210148.289,148.289,0.42,0.43,0.57,0.58,0.01,0.01,74171.32,1776210147000
1776210148.771,148.771,0.42,0.43,0.57,0.58,0.01,0.01,74171.32,1776210147000
1776210149.112,149.112,0.42,0.43,0.57,0.58,0.01,0.01,74171.32,1776210147000
1776210149.579,149.579,0.42,0.43,0.57,0.58,0.01,0.01,74171.26,1776210148000
1776210149.939,149.939,0.42,0.43,0.57,0.58,0.01,0.01,74171.26,1776210148000
1776210150.873,150.873,0.42,0.43,0.57,0.58,0.01,0.01,74171.37,1776210149000
1776210151.249,151.249,0.42,0.43,0.57,0.58,0.01,0.01,74172.7,1776210150000
1776210151.818,151.818,0.45,0.46,0.54,0.56,0.01,0.02,74172.7,1776210150000
1776210152.165,152.165,0.45,0.48,0.53,0.55,0.03,0.02,74172.7,1776210151000
1776210152.535,152.535,0.46,0.47,0.53,0.54,0.01,0.01,74172.7,1776210151000
1776210152.892,152.892,0.46,0.47,0.53,0.54,0.01,0.01,74172.7,1776210151000
1776210153.227,153.227,0.46,0.47,0.53,0.54,0.01,0.01,74173.16,1776210152000
1776210153.854,153.854,0.46,0.47,0.53,0.54,0.01,0.01,74173.16,1776210152000
1776210154.244,154.244,0.46,0.47,0.53,0.54,0.01,0.01,74173.16,1776210152000
1776210155.025,155.025,0.46,0.47,0.53,0.54,0.01,0.01,74177.49,1776210154000
1776210155.563,155.563,0.46,0.47,0.53,0.54,0.01,0.01,74177.49,1776210154000
1776210156.055,156.055,0.46,0.47,0.53,0.54,0.01,0.01,74177.5,1776210155000
1776210156.756,156.756,0.47,0.48,0.52,0.53,0.01,0.01,74177.5,1776210155000
1776210157.305,157.305,0.47,0.48,0.52,0.53,0.01,0.01,74177.53,1776210156000
1776210158.028,158.028,0.47,0.48,0.52,0.53,0.01,0.01,74177.53,1776210157000
1776210158.544,158.544,0.47,0.48,0.52,0.53,0.01,0.01,74177.53,1776210157000
1776210159.118,159.118,0.47,0.48,0.52,0.53,0.01,0.01,74177.61,1776210158000
1776210159.59,159.59,0.47,0.48,0.52,0.53,0.01,0.01,74177.61,1776210158000
1776210160.127,160.127,0.47,0.48,0.52,0.53,0.01,0.01,74178.01,1776210159000
1776210160.829,160.829,0.44,0.47,0.52,0.53,0.03,0.01,74178.01,1776210159000
1776210161.984,161.984,0.44,0.45,0.53,0.56,0.01,0.03,74178.25,1776210160000
1776210162.379,162.379,0.44,0.45,0.55,0.56,0.01,0.01,74178.17,1776210161000
1776210162.797,162.797,0.44,0.45,0.55,0.56,0.01,0.01,74178.17,1776210161000
1776210163.22,163.22,0.44,0.45,0.55,0.56,0.01,0.01,74177.52,1776210162000
1776210163.888,163.888,0.44,0.45,0.55,0.56,0.01,0.01,74177.52,1776210162000
1776210164.403,164.403,0.44,0.45,0.55,0.56,0.01,0.01,74177.02,1776210163000
1776210164.965,164.965,0.44,0.45,0.55,0.56,0.01,0.01,74176.85,1776210164000
1776210165.478,165.478,0.43,0.44,0.55,0.57,0.01,0.02,74176.85,1776210164000
1776210165.925,165.925,0.43,0.44,0.56,0.57,0.01,0.01,74176.87,1776210165000
1776210166.343,166.343,0.43,0.44,0.56,0.57,0.01,0.01,74176.87,1776210165000
1776210167.334,167.334,0.43,0.44,0.56,0.57,0.01,0.01,74177.21,1776210166000
1776210167.968,167.968,0.42,0.44,0.56,0.58,0.02,0.02,74177.21,1776210167000
1776210168.449,168.449,0.43,0.44,0.56,0.58,0.01,0.02,74177.21,1776210167000
1776210168.891,168.891,0.43,0.44,0.56,0.57,0.01,0.01,74177.21,1776210167000
1776210169.789,169.789,0.43,0.44,0.56,0.57,0.01,0.01,74177.09,1776210168000
1776210170.357,170.357,0.43,0.44,0.56,0.57,0.01,0.01,74176.5,1776210169000
1776210170.9,170.9,0.43,0.44,0.56,0.57,0.01,0.01,74176.51,1776210170000
1776210171.291,171.291,0.43,0.44,0.56,0.57,0.01,0.01,74176.51,1776210170000
1776210171.741,171.741,0.43,0.44,0.56,0.57,0.01,0.01,74176.51,1776210170000
1776210172.685,172.685,0.43,0.44,0.56,0.57,0.01,0.01,74176.51,1776210171000
1776210173.047,173.047,0.43,0.44,0.56,0.57,0.01,0.01,74176.67,1776210172000
1776210173.401,173.401,0.43,0.44,0.56,0.57,0.01,0.01,74176.67,1776210172000
1776210174.246,174.246,0.43,0.44,0.56,0.57,0.01,0.01,74176.42,1776210173000
1776210174.836,174.836,0.43,0.45,0.56,0.57,0.02,0.01,74176.42,1776210173000
1776210175.371,175.371,0.43,0.44,0.56,0.57,0.01,0.01,74176.33,1776210174000
1776210175.896,175.896,0.43,0.44,0.56,0.57,0.01,0.01,74176.33,1776210175000
1776210176.822,176.822,0.43,0.44,0.56,0.57,0.01,0.01,74176.33,1776210175000
1776210177.29,177.29,0.43,0.44,0.56,0.57,0.01,0.01,74176.33,1776210176000
1776210178.017,178.017,0.43,0.44,0.56,0.57,0.01,0.01,74176.39,1776210177000
1776210178.392,178.392,0.43,0.44,0.56,0.57,0.01,0.01,74176.39,1776210177000
1776210178.79,178.79,0.43,0.45,0.56,0.57,0.02,0.01,74176.39,1776210177000
1776210179.931,179.931,0.44,0.45,0.55,0.57,0.01,0.02,74176.37,1776210178000
1776210181.507,181.507,0.44,0.45,0.55,0.56,0.01,0.01,74176.37,1776210179000
1776210182.41,182.41,0.44,0.45,0.55,0.56,0.01,0.01,74176.68,1776210181000
1776210182.756,182.756,0.44,0.45,0.55,0.56,0.01,0.01,74176.68,1776210181000
1776210183.094,183.094,0.44,0.45,0.55,0.56,0.01,0.01,74176.68,1776210181000
1776210183.736,183.736,0.43,0.45,0.55,0.56,0.02,0.01,74176.68,1776210181000
1776210184.352,184.352,0.44,0.45,0.54,0.56,0.01,0.02,74176.68,1776210182000
1776210184.69,184.69,0.44,0.45,0.55,0.56,0.01,0.01,74176.8,1776210183000
1776210185.506,185.506,0.43,0.44,0.56,0.57,0.01,0.01,74176.9,1776210184000
1776210185.96,185.96,0.43,0.44,0.56,0.57,0.01,0.01,74176.9,1776210184000
1776210187.738,187.738,0.43,0.44,0.56,0.57,0.01,0.01,74176.96,1776210186000
1776210188.495,188.495,0.43,0.44,0.56,0.57,0.01,0.01,74177.36,1776210187000
1776210188.882,188.882,0.43,0.46,0.56,0.57,0.03,0.01,74177.36,1776210187000
1776210189.471,189.471,0.44,0.49,0.54,0.57,0.05,0.03,74187.82,1776210188000
1776210190.521,190.521,0.5,0.52,0.49,0.54,0.02,0.05,74187.82,1776210188000
1776210190.871,190.871,0.5,0.51,0.49,0.5,0.01,0.01,74205.99,1776210189000
1776210191.257,191.257,0.54,0.55,0.43,0.46,0.01,0.03,74205.99,1776210189000
1776210191.629,191.629,0.56,0.57,0.43,0.44,0.01,0.01,74207.95,1776210190000
1776210191.983,191.983,0.58,0.59,0.4,0.42,0.01,0.02,74207.95,1776210190000
1776210192.329,192.329,0.58,0.59,0.4,0.42,0.01,0.02,74208.55,1776210191000
1776210193.149,193.149,0.58,0.59,0.41,0.42,0.01,0.01,74208.55,1776210191000
1776210193.506,193.506,0.58,0.59,0.41,0.42,0.01,0.01,74208.55,1776210191000
1776210194.395,194.395,0.58,0.59,0.41,0.42,0.01,0.01,74207.95,1776210193000
1776210194.736,194.736,0.58,0.59,0.41,0.42,0.01,0.01,74207.95,1776210193000
1776210195.146,195.146,0.58,0.59,0.41,0.42,0.01,0.01,74206.72,1776210194000
1776210195.49,195.49,0.58,0.59,0.41,0.42,0.01,0.01,74206.72,1776210194000
1776210195.88,195.88,0.58,0.59,0.41,0.42,0.01,0.01,74206.72,1776210194000
1776210196.376,196.376,0.58,0.59,0.41,0.42,0.01,0.01,74206.72,1776210194000
1776210196.721,196.721,0.58,0.59,0.41,0.42,0.01,0.01,74206.72,1776210194000
1776210197.201,197.201,0.58,0.59,0.41,0.42,0.01,0.01,74205.64,1776210195000
1776210197.538,197.538,0.58,0.59,0.41,0.42,0.01,0.01,74205.64,1776210196000
1776210197.996,197.996,0.58,0.59,0.41,0.42,0.01,0.01,74205.64,1776210196000
1776210198.628,198.628,0.6,0.61,0.39,0.4,0.01,0.01,74205.23,1776210197000
1776210199.704,199.704,0.6,0.61,0.39,0.4,0.01,0.01,74205.23,1776210197000
1776210200.04,200.04,0.6,0.61,0.39,0.4,0.01,0.01,74200.89,1776210198000
1776210200.489,200.489,0.6,0.61,0.39,0.4,0.01,0.01,74201.39,1776210199000
1776210201.016,201.016,0.6,0.61,0.39,0.4,0.01,0.01,74201.39,1776210199000
1776210201.418,201.418,0.6,0.61,0.39,0.4,0.01,0.01,74201.39,1776210199000
1776210201.766,201.766,0.6,0.61,0.39,0.4,0.01,0.01,74201.39,1776210199000
1776210202.206,202.206,0.6,0.62,0.38,0.4,0.02,0.02,74205.68,1776210200000
1776210202.555,202.555,0.61,0.62,0.38,0.4,0.01,0.02,74205.68,1776210200000
1776210202.919,202.919,0.62,0.64,0.37,0.38,0.02,0.01,74205.68,1776210200000
1776210203.376,203.376,0.63,0.65,0.36,0.39,0.02,0.03,74206.76,1776210201000
1776210203.742,203.742,0.65,0.66,0.35,0.36,0.01,0.01,74206.76,1776210201000
1776210204.09,204.09,0.65,0.66,0.34,0.35,0.01,0.01,74207.94,1776210202000
1776210204.481,204.481,0.66,0.67,0.34,0.35,0.01,0.01,74207.94,1776210202000
1776210204.906,204.906,0.66,0.67,0.33,0.34,0.01,0.01,74208.14,1776210203000
1776210205.28,205.28,0.66,0.68,0.33,0.34,0.02,0.01,74208.14,1776210203000
1776210205.714,205.714,0.68,0.69,0.31,0.32,0.01,0.01,74208.14,1776210204000
1776210206.66,206.66,0.68,0.71,0.3,0.32,0.03,0.02,74208.14,1776210204000
1776210207.162,207.162,0.68,0.7,0.29,0.32,0.02,0.03,74208.14,1776210205000
1776210207.525,207.525,0.68,0.7,0.3,0.32,0.02,0.02,74208.14,1776210205000
1776210207.906,207.906,0.68,0.69,0.3,0.32,0.01,0.02,74210.96,1776210206000
1776210208.298,208.298,0.69,0.71,0.29,0.31,0.02,0.02,74210.96,1776210206000
1776210208.682,208.682,0.69,0.7,0.3,0.31,0.01,0.01,74214.1,1776210207000
1776210209.131,209.131,0.69,0.7,0.3,0.31,0.01,0.01,74214.1,1776210207000
1776210209.476,209.476,0.69,0.7,0.3,0.31,0.01,0.01,74214.1,1776210207000
1776210209.918,209.918,0.69,0.7,0.3,0.31,0.01,0.01,74215.0,1776210208000
1776210210.279,210.279,0.69,0.7,0.3,0.31,0.01,0.01,74215.0,1776210208000
1776210210.689,210.689,0.69,0.7,0.3,0.31,0.01,0.01,74215.0,1776210208000
1776210211.036,211.036,0.69,0.7,0.3,0.31,0.01,0.01,74211.08,1776210209000
1776210211.374,211.374,0.69,0.7,0.3,0.31,0.01,0.01,74211.08,1776210209000
1776210211.715,211.715,0.69,0.7,0.3,0.31,0.01,0.01,74211.08,1776210209000
1776210212.072,212.072,0.69,0.7,0.3,0.31,0.01,0.01,74210.58,1776210210000
1776210212.505,212.505,0.69,0.7,0.3,0.31,0.01,0.01,74210.58,1776210210000
1776210212.886,212.886,0.69,0.71,0.29,0.31,0.02,0.02,74209.55,1776210211000
1776210213.683,213.683,0.7,0.71,0.29,0.3,0.01,0.01,74209.54,1776210212000
1776210214.034,214.034,0.7,0.71,0.29,0.3,0.01,0.01,74209.54,1776210212000
1776210214.387,214.387,0.7,0.71,0.29,0.3,0.01,0.01,74209.54,1776210212000
1776210214.744,214.744,0.7,0.71,0.29,0.3,0.01,0.01,74208.95,1776210213000
1776210215.089,215.089,0.7,0.71,0.29,0.3,0.01,0.01,74208.95,1776210213000
1776210215.452,215.452,0.7,0.71,0.29,0.3,0.01,0.01,74208.49,1776210214000
1776210215.938,215.938,0.7,0.71,0.29,0.3,0.01,0.01,74208.49,1776210214000
1776210216.349,216.349,0.7,0.71,0.29,0.3,0.01,0.01,74208.49,1776210214000
1776210216.758,216.758,0.7,0.71,0.29,0.3,0.01,0.01,74208.49,1776210214000
1776210217.104,217.104,0.69,0.7,0.3,0.31,0.01,0.01,74207.22,1776210215000
1776210217.477,217.477,0.69,0.7,0.3,0.31,0.01,0.01,74207.22,1776210215000
1776210217.834,217.834,0.69,0.7,0.3,0.31,0.01,0.01,74207.22,1776210215000
1776210218.187,218.187,0.69,0.7,0.3,0.31,0.01,0.01,74208.03,1776210216000
1776210218.66,218.66,0.69,0.7,0.3,0.31,0.01,0.01,74208.03,1776210216000
1776210219.001,219.001,0.7,0.72,0.29,0.31,0.02,0.02,74206.4,1776210217000
1776210219.35,219.35,0.7,0.71,0.29,0.3,0.01,0.01,74206.4,1776210217000
1776210220.412,220.412,0.7,0.71,0.29,0.3,0.01,0.01,74205.46,1776210218000
1776210221.318,221.318,0.7,0.71,0.29,0.3,0.01,0.01,74205.66,1776210220000
1776210221.913,221.913,0.7,0.71,0.29,0.3,0.01,0.01,74205.66,1776210220000
1776210222.357,222.357,0.7,0.71,0.29,0.3,0.01,0.01,74204.87,1776210221000
1776210222.796,222.796,0.7,0.71,0.29,0.3,0.01,0.01,74204.87,1776210221000
1776210223.258,223.258,0.7,0.71,0.29,0.3,0.01,0.01,74204.87,1776210221000
1776210223.627,223.627,0.7,0.71,0.29,0.3,0.01,0.01,74203.85,1776210222000
1776210223.962,223.962,0.7,0.71,0.29,0.3,0.01,0.01,74203.85,1776210222000
1776210224.296,224.296,0.71,0.73,0.27,0.29,0.02,0.02,74203.85,1776210222000
1776210224.655,224.655,0.73,0.75,0.25,0.27,0.02,0.02,74203.85,1776210222000
1776210225.017,225.017,0.74,0.75,0.25,0.26,0.01,0.01,74203.85,1776210222000
1776210225.408,225.408,0.74,0.75,0.25,0.26,0.01,0.01,74203.85,1776210222000
1776210225.759,225.759,0.74,0.75,0.25,0.26,0.01,0.01,74203.14,1776210224000
1776210226.096,226.096,0.74,0.75,0.25,0.26,0.01,0.01,74212.55,1776210225000
1776210226.488,226.488,0.74,0.76,0.25,0.26,0.02,0.01,74212.55,1776210225000
1776210226.833,226.833,0.75,0.76,0.24,0.25,0.01,0.01,74212.55,1776210225000
1776210227.169,227.169,0.75,0.76,0.24,0.25,0.01,0.01,74212.55,1776210225000
1776210227.508,227.508,0.75,0.77,0.24,0.25,0.02,0.01,74216.79,1776210226000
1776210227.888,227.888,0.76,0.77,0.23,0.24,0.01,0.01,74216.79,1776210226000
1776210228.26,228.26,0.77,0.78,0.22,0.24,0.01,0.02,74217.99,1776210227000
1776210228.617,228.617,0.77,0.78,0.22,0.23,0.01,0.01,74217.99,1776210227000
1776210228.96,228.96,0.77,0.78,0.22,0.23,0.01,0.01,74217.99,1776210227000
1776210229.339,229.339,0.78,0.79,0.21,0.22,0.01,0.01,74218.05,1776210228000
1776210229.676,229.676,0.79,0.8,0.2,0.21,0.01,0.01,74218.05,1776210228000
1776210230.032,230.032,0.79,0.8,0.2,0.21,0.01,0.01,74218.05,1776210228000
1776210230.407,230.407,0.79,0.8,0.2,0.21,0.01,0.01,74218.08,1776210229000
1776210230.84,230.84,0.8,0.81,0.2,0.21,0.01,0.01,74218.08,1776210229000
1776210231.239,231.239,0.8,0.81,0.19,0.2,0.01,0.01,74218.08,1776210229000
1776210231.734,231.734,0.8,0.81,0.19,0.2,0.01,0.01,74218.06,1776210230000
1776210232.188,232.188,0.81,0.82,0.18,0.2,0.01,0.02,74218.06,1776210230000
1776210232.554,232.554,0.81,0.82,0.18,0.19,0.01,0.01,74218.07,1776210231000
1776210232.986,232.986,0.81,0.82,0.18,0.19,0.01,0.01,74218.07,1776210231000
1776210233.467,233.467,0.81,0.82,0.18,0.19,0.01,0.01,74218.06,1776210232000
1776210233.821,233.821,0.81,0.82,0.18,0.19,0.01,0.01,74218.06,1776210232000
1776210234.384,234.384,0.81,0.82,0.18,0.19,0.01,0.01,74218.05,1776210233000
1776210234.772,234.772,0.81,0.82,0.18,0.19,0.01,0.01,74218.05,1776210233000
1776210235.373,235.373,0.81,0.82,0.18,0.19,0.01,0.01,74218.03,1776210234000
1776210235.785,235.785,0.81,0.82,0.18,0.19,0.01,0.01,74218.03,1776210234000
1776210236.167,236.167,0.81,0.82,0.18,0.19,0.01,0.01,74218.03,1776210235000
1776210237.022,237.022,0.81,0.82,0.18,0.19,0.01,0.01,74218.06,1776210236000
1776210238.077,238.077,0.82,0.83,0.18,0.19,0.01,0.01,74218.06,1776210236000
1776210238.524,238.524,0.82,0.83,0.17,0.18,0.01,0.01,74218.12,1776210237000
1776210239.026,239.026,0.82,0.83,0.17,0.18,0.01,0.01,74218.12,1776210237000
1776210239.833,239.833,0.82,0.83,0.17,0.18,0.01,0.01,74218.1,1776210238000
1776210240.433,240.433,0.82,0.83,0.17,0.18,0.01,0.01,74218.1,1776210238000
1776210240.965,240.965,0.82,0.83,0.17,0.18,0.01,0.01,74218.1,1776210239000
1776210241.367,241.367,0.82,0.83,0.17,0.18,0.01,0.01,74218.11,1776210240000
1776210241.771,241.771,0.81,0.82,0.18,0.19,0.01,0.01,74218.11,1776210240000
1776210242.172,242.172,0.81,0.82,0.18,0.19,0.01,0.01,74218.11,1776210240000
1776210242.593,242.593,0.81,0.82,0.18,0.19,0.01,0.01,74218.1,1776210241000
1776210243.004,243.004,0.8,0.81,0.18,0.19,0.01,0.01,74218.1,1776210241000
1776210243.4,243.4,0.8,0.81,0.19,0.2,0.01,0.01,74217.27,1776210242000
1776210243.803,243.803,0.82,0.83,0.17,0.18,0.01,0.01,74217.27,1776210242000
1776210244.166,244.166,0.82,0.83,0.17,0.18,0.01,0.01,74217.27,1776210242000
1776210244.509,244.509,0.82,0.84,0.17,0.18,0.02,0.01,74216.51,1776210243000
1776210244.948,244.948,0.83,0.84,0.16,0.17,0.01,0.01,74216.51,1776210244000
1776210245.327,245.327,0.83,0.84,0.16,0.17,0.01,0.01,74216.51,1776210244000
1776210245.662,245.662,0.84,0.85,0.15,0.16,0.01,0.01,74216.51,1776210244000
1776210246.014,246.014,0.84,0.85,0.15,0.16,0.01,0.01,74217.57,1776210245000
1776210246.358,246.358,0.84,0.85,0.15,0.16,0.01,0.01,74217.57,1776210245000
1776210246.712,246.712,0.84,0.86,0.15,0.16,0.02,0.01,74217.57,1776210245000
1776210247.158,247.158,0.85,0.86,0.14,0.15,0.01,0.01,74218.75,1776210246000
1776210247.661,247.661,0.85,0.86,0.14,0.15,0.01,0.01,74218.75,1776210246000
1776210248.061,248.061,0.86,0.87,0.14,0.15,0.01,0.01,74218.75,1776210246000
1776210248.439,248.439,0.86,0.87,0.13,0.14,0.01,0.01,74218.75,1776210246000
1776210248.825,248.825,0.86,0.87,0.13,0.14,0.01,0.01,74219.98,1776210247000
1776210249.439,249.439,0.86,0.87,0.13,0.14,0.01,0.01,74220.56,1776210248000
1776210249.799,249.799,0.86,0.87,0.13,0.14,0.01,0.01,74220.56,1776210248000
1776210250.258,250.258,0.86,0.87,0.13,0.14,0.01,0.01,74221.5,1776210249000
1776210250.653,250.653,0.86,0.87,0.13,0.14,0.01,0.01,74221.5,1776210249000
1776210251.009,251.009,0.86,0.87,0.13,0.14,0.01,0.01,74220.9,1776210250000
1776210251.45,251.45,0.86,0.87,0.13,0.14,0.01,0.01,74220.9,1776210250000
1776210251.851,251.851,0.86,0.87,0.13,0.14,0.01,0.01,74220.9,1776210250000
1776210252.206,252.206,0.86,0.87,0.13,0.14,0.01,0.01,74220.9,1776210250000
1776210252.605,252.605,0.86,0.87,0.13,0.14,0.01,0.01,74220.93,1776210251000
1776210252.941,252.941,0.86,0.87,0.13,0.14,0.01,0.01,74220.93,1776210251000
1776210253.312,253.312,0.86,0.87,0.13,0.14,0.01,0.01,74220.81,1776210252000
1776210253.718,253.718,0.86,0.87,0.13,0.14,0.01,0.01,74220.81,1776210252000
1776210254.152,254.152,0.84,0.85,0.14,0.16,0.01,0.02,74220.81,1776210252000
1776210254.489,254.489,0.84,0.85,0.15,0.16,0.01,0.01,74221.13,1776210253000
1776210254.824,254.824,0.84,0.85,0.15,0.16,0.01,0.01,74221.13,1776210253000
1776210255.268,255.268,0.84,0.85,0.15,0.16,0.01,0.01,74221.1,1776210254000
1776210255.88,255.88,0.84,0.85,0.15,0.16,0.01,0.01,74221.1,1776210254000
1776210256.231,256.231,0.8,0.81,0.19,0.2,0.01,0.01,74220.24,1776210255000
1776210256.577,256.577,0.8,0.81,0.19,0.2,0.01,0.01,74220.24,1776210255000
1776210256.949,256.949,0.78,0.79,0.21,0.22,0.01,0.01,74220.24,1776210255000
1776210257.293,257.293,0.78,0.79,0.21,0.22,0.01,0.01,74219.76,1776210256000
1776210257.645,257.645,0.78,0.79,0.21,0.22,0.01,0.01,74219.76,1776210256000
1776210258.061,258.061,0.77,0.78,0.21,0.23,0.01,0.02,74219.76,1776210256000
1776210258.409,258.409,0.77,0.78,0.22,0.23,0.01,0.01,74212.04,1776210257000
1776210258.832,258.832,0.77,0.78,0.22,0.23,0.01,0.01,74212.04,1776210257000
1776210259.19,259.19,0.77,0.78,0.22,0.23,0.01,0.01,74212.04,1776210257000
1776210259.531,259.531,0.77,0.78,0.22,0.23,0.01,0.01,74211.16,1776210258000
1776210259.899,259.899,0.77,0.78,0.22,0.23,0.01,0.01,74211.16,1776210258000
1776210260.232,260.232,0.78,0.79,0.21,0.22,0.01,0.01,74211.16,1776210259000
1776210260.607,260.607,0.77,0.78,0.21,0.23,0.01,0.02,74211.16,1776210259000
1776210260.975,260.975,0.78,0.79,0.21,0.22,0.01,0.01,74211.16,1776210259000
1776210261.376,261.376,0.79,0.8,0.2,0.21,0.01,0.01,74210.69,1776210260000
1776210261.757,261.757,0.79,0.8,0.2,0.21,0.01,0.01,74210.69,1776210260000
1776210262.094,262.094,0.77,0.78,0.21,0.23,0.01,0.02,74210.69,1776210260000
1776210262.429,262.429,0.78,0.8,0.2,0.23,0.02,0.03,74209.66,1776210261000
1776210262.827,262.827,0.79,0.8,0.2,0.21,0.01,0.01,74209.66,1776210261000
1776210263.248,263.248,0.79,0.8,0.2,0.21,0.01,0.01,74209.66,1776210261000
1776210263.587,263.587,0.79,0.8,0.2,0.21,0.01,0.01,74208.59,1776210262000
1776210264.087,264.087,0.79,0.8,0.2,0.21,0.01,0.01,74208.59,1776210262000
1776210264.544,264.544,0.79,0.8,0.2,0.21,0.01,0.01,74206.0,1776210263000
1776210265.038,265.038,0.79,0.8,0.2,0.21,0.01,0.01,74206.0,1776210263000
1776210265.451,265.451,0.79,0.8,0.2,0.21,0.01,0.01,74206.0,1776210264000
1776210265.785,265.785,0.79,0.8,0.2,0.21,0.01,0.01,74206.0,1776210264000
1776210266.381,266.381,0.79,0.8,0.2,0.21,0.01,0.01,74206.0,1776210265000
1776210267.029,267.029,0.79,0.8,0.2,0.21,0.01,0.01,74206.0,1776210266000
1776210267.544,267.544,0.79,0.8,0.2,0.21,0.01,0.01,74206.0,1776210266000
1776210268.143,268.143,0.79,0.8,0.2,0.21,0.01,0.01,74206.0,1776210266000
1776210268.654,268.654,0.79,0.8,0.2,0.21,0.01,0.01,74205.47,1776210267000
1776210269.079,269.079,0.79,0.8,0.2,0.21,0.01,0.01,74205.47,1776210267000
1776210269.412,269.412,0.79,0.8,0.2,0.21,0.01,0.01,74205.48,1776210268000
1776210269.75,269.75,0.79,0.8,0.2,0.21,0.01,0.01,74205.48,1776210268000
1776210270.317,270.317,0.79,0.8,0.2,0.21,0.01,0.01,74205.47,1776210269000
1776210270.724,270.724,0.79,0.8,0.2,0.21,0.01,0.01,74205.47,1776210269000
1776210271.231,271.231,0.79,0.8,0.2,0.21,0.01,0.01,74205.47,1776210269000
1776210271.743,271.743,0.79,0.8,0.2,0.21,0.01,0.01,74205.47,1776210269000
1776210272.199,272.199,0.79,0.8,0.2,0.21,0.01,0.01,74205.64,1776210270000
1776210272.591,272.591,0.79,0.8,0.2,0.21,0.01,0.01,74205.15,1776210271000
1776210272.94,272.94,0.79,0.8,0.2,0.21,0.01,0.01,74205.15,1776210271000
1776210273.316,273.316,0.79,0.8,0.2,0.21,0.01,0.01,74204.61,1776210272000
1776210273.661,273.661,0.79,0.8,0.2,0.21,0.01,0.01,74204.61,1776210272000
1776210274.379,274.379,0.79,0.8,0.2,0.21,0.01,0.01,74205.5,1776210273000
1776210275.027,275.027,0.8,0.81,0.19,0.2,0.01,0.01,74205.5,1776210273000
1776210275.586,275.586,0.8,0.81,0.19,0.2,0.01,0.01,74204.78,1776210274000
1776210276.133,276.133,0.81,0.82,0.18,0.2,0.01,0.02,74204.78,1776210274000
1776210276.551,276.551,0.81,0.82,0.18,0.19,0.01,0.01,74204.1,1776210275000
1776210277.271,277.271,0.81,0.82,0.18,0.19,0.01,0.01,74203.96,1776210276000
1776210277.683,277.683,0.81,0.82,0.18,0.19,0.01,0.01,74203.96,1776210276000
1776210278.114,278.114,0.81,0.82,0.18,0.19,0.01,0.01,74203.96,1776210276000
1776210278.572,278.572,0.81,0.82,0.18,0.19,0.01,0.01,74204.3,1776210277000
1776210279.039,279.039,0.81,0.82,0.18,0.19,0.01,0.01,74204.3,1776210277000
1776210279.496,279.496,0.82,0.83,0.17,0.19,0.01,0.02,74204.3,1776210278000
1776210279.864,279.864,0.82,0.83,0.17,0.18,0.01,0.01,74204.3,1776210278000
1776210280.215,280.215,0.82,0.83,0.17,0.18,0.01,0.01,74204.3,1776210278000
1776210280.58,280.58,0.82,0.83,0.17,0.18,0.01,0.01,74204.45,1776210279000
1776210281.086,281.086,0.82,0.83,0.17,0.18,0.01,0.01,74204.45,1776210279000
1776210281.521,281.521,0.82,0.83,0.17,0.18,0.01,0.01,74204.45,1776210280000
1776210281.856,281.856,0.83,0.84,0.16,0.17,0.01,0.01,74204.45,1776210280000
1776210282.235,282.235,0.83,0.84,0.16,0.17,0.01,0.01,74204.45,1776210280000
1776210282.749,282.749,0.83,0.84,0.16,0.17,0.01,0.01,74204.45,1776210281000
1776210283.102,283.102,0.84,0.85,0.16,0.17,0.01,0.01,74204.45,1776210281000
1776210283.441,283.441,0.84,0.85,0.15,0.16,0.01,0.01,74204.45,1776210282000
1776210283.804,283.804,0.84,0.86,0.15,0.16,0.02,0.01,74204.45,1776210282000
1776210284.185,284.185,0.85,0.86,0.14,0.15,0.01,0.01,74204.45,1776210282000
1776210284.558,284.558,0.86,0.87,0.13,0.14,0.01,0.01,74204.45,1776210282000
1776210285.091,285.091,0.87,0.88,0.12,0.13,0.01,0.01,74204.45,1776210283000
1776210285.441,285.441,0.88,0.89,0.12,0.13,0.01,0.01,74204.03,1776210284000
1776210285.796,285.796,0.88,0.89,0.11,0.12,0.01,0.01,74204.03,1776210284000
1776210286.139,286.139,0.88,0.89,0.11,0.12,0.01,0.01,74204.03,1776210284000
1776210286.492,286.492,0.88,0.89,0.11,0.12,0.01,0.01,74204.03,1776210284000
1776210286.854,286.854,0.88,0.89,0.11,0.12,0.01,0.01,74204.03,1776210285000
1776210287.199,287.199,0.88,0.89,0.11,0.12,0.01,0.01,74204.03,1776210285000
1776210287.552,287.552,0.88,0.89,0.11,0.12,0.01,0.01,74204.03,1776210285000
1776210287.903,287.903,0.88,0.89,0.11,0.12,0.01,0.01,74204.3,1776210286000
1776210288.551,288.551,0.88,0.89,0.11,0.12,0.01,0.01,74204.66,1776210287000
1776210288.903,288.903,0.88,0.89,0.11,0.12,0.01,0.01,74204.66,1776210287000
1776210289.239,289.239,0.88,0.89,0.11,0.12,0.01,0.01,74204.66,1776210288000
1776210289.597,289.597,0.88,0.89,0.11,0.12,0.01,0.01,74204.66,1776210288000
1776210289.933,289.933,0.88,0.89,0.11,0.12,0.01,0.01,74204.66,1776210288000
1776210290.314,290.314,0.88,0.89,0.11,0.12,0.01,0.01,74204.61,1776210289000
1776210290.837,290.837,0.89,0.9,0.1,0.11,0.01,0.01,74204.61,1776210289000
1776210291.206,291.206,0.89,0.9,0.1,0.11,0.01,0.01,74204.57,1776210290000
1776210291.667,291.667,0.9,0.91,0.09,0.1,0.01,0.01,74204.57,1776210290000
1776210292.085,292.085,0.9,0.91,0.09,0.1,0.01,0.01,74204.45,1776210291000
1776210292.61,292.61,0.91,0.92,0.08,0.1,0.01,0.02,74204.45,1776210291000
1776210292.963,292.963,0.91,0.92,0.08,0.09,0.01,0.01,74204.45,1776210292000
1776210293.32,293.32,0.91,0.92,0.08,0.09,0.01,0.01,74204.45,1776210292000
1776210293.778,293.778,0.91,0.92,0.08,0.09,0.01,0.01,74204.45,1776210292000
1776210294.272,294.272,0.91,0.92,0.08,0.09,0.01,0.01,74204.59,1776210293000
1776210294.609,294.609,0.91,0.92,0.08,0.09,0.01,0.01,74204.59,1776210293000
1776210294.96,294.96,0.91,0.92,0.08,0.09,0.01,0.01,74204.59,1776210293000
1776210295.347,295.347,0.91,0.92,0.08,0.09,0.01,0.01,74204.59,1776210294000
1776210295.721,295.721,0.91,0.92,0.08,0.09,0.01,0.01,74204.59,1776210294000
1776210296.141,296.141,0.91,0.92,0.08,0.09,0.01,0.01,74204.58,1776210295000
1776210296.599,296.599,0.91,0.92,0.08,0.09,0.01,0.01,74204.58,1776210295000
1776210296.98,296.98,0.92,0.93,0.07,0.08,0.01,0.01,74204.58,1776210295000
1776210297.356,297.356,0.94,0.95,0.05,0.06,0.01,0.01,74208.94,1776210296000
1776210297.783,297.783,0.97,0.98,0.02,0.03,0.01,0.01,74208.94,1776210296000
1776210298.213,298.213,0.45,0.8,0.31,0.55,0.35,0.24,74210.79,1776210297000
1776210298.55,298.55,0.25,0.35,0.59,0.75,0.1,0.16,74210.79,1776210297000
1776210298.885,298.885,0.09,0.11,0.79,0.84,0.02,0.05,74210.79,1776210297000
1776210299.229,299.229,0.03,0.1,0.9,0.97,0.07,0.07,74210.8,1776210298000
1776210299.563,299.563,0.04,0.05,0.95,0.96,0.01,0.01,74210.8,1776210298000
1776210299.897,299.897,0.02,0.03,0.97,0.98,0.01,0.01,74210.8,1776210298000
1776210300.24,300.24,0.03,0.04,0.96,0.97,0.01,0.01,74210.8,1776210298000
1776210300.598,300.598,0.01,0.01,0.99,0.99,0.0,0.0,74174.45,1776210299000
1776210300.978,300.978,0.01,0.01,0.99,0.99,0.0,0.0,74169.5,1776210300000
1776210302.03,302.03,0.01,0.01,0.99,0.99,0.0,0.0,74171.19,1776210301000

# RESULT,winner=Down,slug=btc-updown-5m-1776210000,ticks=641
