timestamp,elapsed_sec,up_bid,up_ask,down_bid,down_ask,up_spread,down_spread,btc_price,btc_oracle_ts
1776827700.95,0.95,0.43,0.44,0.56,0.57,0.01,0.01,77623.36,1776827700000
1776827701.327,1.327,0.43,0.45,0.56,0.57,0.02,0.01,77623.36,1776827700000
1776827701.904,1.904,0.43,0.44,0.56,0.57,0.01,0.01,77623.36,1776827700000
1776827703.276,3.276,0.43,0.44,0.55,0.57,0.01,0.02,77621.35,1776827701000
1776827703.658,3.658,0.42,0.44,0.56,0.57,0.02,0.01,77615.44,1776827702000
1776827704.548,4.548,0.43,0.44,0.56,0.58,0.01,0.02,77615.44,1776827702000
1776827704.884,4.884,0.43,0.44,0.56,0.57,0.01,0.01,77606.81,1776827703000
1776827705.232,5.232,0.42,0.44,0.56,0.58,0.02,0.02,77606.81,1776827703000
1776827705.669,5.669,0.43,0.44,0.56,0.57,0.01,0.01,77606.78,1776827704000
1776827706.017,6.017,0.42,0.43,0.57,0.58,0.01,0.01,77606.78,1776827704000
1776827706.372,6.372,0.42,0.43,0.57,0.58,0.01,0.01,77606.78,1776827704000
1776827706.713,6.713,0.41,0.42,0.58,0.59,0.01,0.01,77605.88,1776827705000
1776827707.142,7.142,0.41,0.42,0.58,0.59,0.01,0.01,77605.88,1776827705000
1776827707.571,7.571,0.41,0.42,0.58,0.59,0.01,0.01,77605.88,1776827706000
1776827707.918,7.918,0.41,0.42,0.58,0.59,0.01,0.01,77605.88,1776827706000
1776827708.312,8.312,0.41,0.42,0.58,0.59,0.01,0.01,77605.88,1776827706000
1776827708.672,8.672,0.41,0.42,0.58,0.59,0.01,0.01,77603.16,1776827707000
1776827709.013,9.013,0.4,0.42,0.58,0.59,0.02,0.01,77603.16,1776827707000
1776827709.397,9.397,0.4,0.41,0.59,0.6,0.01,0.01,77601.84,1776827708000
1776827709.936,9.936,0.4,0.41,0.59,0.6,0.01,0.01,77601.84,1776827708000
1776827711.162,11.162,0.4,0.41,0.59,0.6,0.01,0.01,77600.76,1776827709000
1776827711.6,11.6,0.4,0.41,0.59,0.6,0.01,0.01,77600.76,1776827709000
1776827711.978,11.978,0.4,0.41,0.59,0.6,0.01,0.01,77590.11,1776827710000
1776827712.34,12.34,0.4,0.41,0.59,0.6,0.01,0.01,77590.11,1776827710000
1776827712.682,12.682,0.4,0.41,0.59,0.6,0.01,0.01,77580.29,1776827711000
1776827713.044,13.044,0.4,0.41,0.59,0.6,0.01,0.01,77580.29,1776827711000
1776827713.427,13.427,0.4,0.41,0.59,0.6,0.01,0.01,77580.29,1776827711000
1776827713.763,13.763,0.4,0.41,0.59,0.6,0.01,0.01,77580.29,1776827711000
1776827714.097,14.097,0.4,0.41,0.59,0.6,0.01,0.01,77578.5,1776827712000
1776827714.448,14.448,0.4,0.41,0.59,0.6,0.01,0.01,77578.5,1776827712000
1776827714.789,14.789,0.4,0.41,0.59,0.6,0.01,0.01,77578.5,1776827712000
1776827715.138,15.138,0.4,0.41,0.59,0.6,0.01,0.01,77577.91,1776827713000
1776827715.474,15.474,0.4,0.41,0.59,0.6,0.01,0.01,77578.0,1776827714000
1776827715.816,15.816,0.4,0.41,0.59,0.6,0.01,0.01,77578.0,1776827714000
1776827716.15,16.15,0.4,0.41,0.59,0.6,0.01,0.01,77578.0,1776827714000
1776827716.495,16.495,0.36,0.38,0.62,0.64,0.02,0.02,77577.86,1776827715000
1776827716.84,16.84,0.36,0.37,0.63,0.64,0.01,0.01,77577.86,1776827715000
1776827717.173,17.173,0.36,0.37,0.63,0.64,0.01,0.01,77577.86,1776827715000
1776827717.53,17.53,0.35,0.37,0.63,0.65,0.02,0.02,77577.52,1776827716000
1776827717.893,17.893,0.35,0.36,0.64,0.65,0.01,0.01,77577.52,1776827716000
1776827718.326,18.326,0.35,0.36,0.64,0.65,0.01,0.01,77575.49,1776827717000
1776827718.691,18.691,0.35,0.36,0.64,0.65,0.01,0.01,77575.49,1776827717000
1776827719.253,19.253,0.35,0.36,0.64,0.65,0.01,0.01,77575.49,1776827717000
1776827719.717,19.717,0.35,0.36,0.64,0.65,0.01,0.01,77575.49,1776827717000
1776827720.489,20.489,0.35,0.36,0.64,0.65,0.01,0.01,77573.26,1776827718000
1776827721.007,21.007,0.35,0.36,0.64,0.65,0.01,0.01,77573.26,1776827718000
1776827721.651,21.651,0.35,0.36,0.64,0.65,0.01,0.01,77573.14,1776827720000
1776827722.005,22.005,0.34,0.36,0.64,0.66,0.02,0.02,77573.14,1776827720000
1776827722.345,22.345,0.31,0.36,0.64,0.66,0.05,0.02,77573.14,1776827720000
1776827722.687,22.687,0.31,0.36,0.64,0.69,0.05,0.05,77557.84,1776827721000
1776827723.098,23.098,0.29,0.33,0.67,0.71,0.04,0.04,77557.84,1776827721000
1776827723.447,23.447,0.33,0.35,0.65,0.67,0.02,0.02,77557.84,1776827721000
1776827723.82,23.82,0.33,0.34,0.65,0.67,0.01,0.02,77557.84,1776827721000
1776827724.162,24.162,0.33,0.34,0.66,0.67,0.01,0.01,77557.76,1776827722000
1776827724.519,24.519,0.33,0.34,0.66,0.67,0.01,0.01,77557.76,1776827722000
1776827724.854,24.854,0.33,0.34,0.66,0.67,0.01,0.01,77557.76,1776827722000
1776827725.236,25.236,0.33,0.34,0.66,0.67,0.01,0.01,77564.47,1776827723000
1776827725.587,25.587,0.33,0.34,0.66,0.67,0.01,0.01,77564.47,1776827723000
1776827725.931,25.931,0.33,0.34,0.66,0.67,0.01,0.01,77564.47,1776827723000
1776827726.272,26.272,0.33,0.34,0.66,0.67,0.01,0.01,77564.47,1776827723000
1776827726.712,26.712,0.33,0.34,0.66,0.67,0.01,0.01,77563.12,1776827724000
1776827727.063,27.063,0.33,0.34,0.66,0.67,0.01,0.01,77563.12,1776827724000
1776827727.418,27.418,0.33,0.34,0.66,0.67,0.01,0.01,77563.12,1776827724000
1776827728.272,28.272,0.33,0.34,0.66,0.67,0.01,0.01,77562.05,1776827725000
1776827728.705,28.705,0.33,0.34,0.66,0.67,0.01,0.01,77562.05,1776827725000
1776827729.365,29.365,0.32,0.34,0.66,0.67,0.02,0.01,77562.22,1776827726000
1776827729.767,29.767,0.33,0.34,0.66,0.67,0.01,0.01,77562.22,1776827726000
1776827730.271,30.271,0.33,0.34,0.66,0.67,0.01,0.01,77562.22,1776827726000
1776827730.667,30.667,0.33,0.34,0.66,0.67,0.01,0.01,77562.22,1776827726000
1776827731.086,31.086,0.31,0.34,0.66,0.69,0.03,0.03,77562.22,1776827726000
1776827731.488,31.488,0.33,0.34,0.66,0.67,0.01,0.01,77561.59,1776827728000
1776827731.843,31.843,0.33,0.34,0.66,0.67,0.01,0.01,77558.93,1776827729000
1776827732.273,32.273,0.33,0.34,0.66,0.67,0.01,0.01,77558.93,1776827729000
1776827732.613,32.613,0.33,0.34,0.66,0.67,0.01,0.01,77558.93,1776827729000
1776827732.957,32.957,0.33,0.34,0.66,0.67,0.01,0.01,77558.93,1776827729000
1776827733.296,33.296,0.33,0.34,0.66,0.67,0.01,0.01,77558.86,1776827730000
1776827733.635,33.635,0.33,0.34,0.66,0.67,0.01,0.01,77558.86,1776827730000
1776827734.001,34.001,0.32,0.33,0.67,0.68,0.01,0.01,77558.86,1776827730000
1776827734.335,34.335,0.32,0.33,0.67,0.68,0.01,0.01,77558.88,1776827731000
1776827734.689,34.689,0.32,0.33,0.67,0.68,0.01,0.01,77558.88,1776827731000
1776827735.029,35.029,0.32,0.33,0.67,0.68,0.01,0.01,77558.85,1776827732000
1776827735.385,35.385,0.32,0.33,0.67,0.68,0.01,0.01,77558.85,1776827732000
1776827735.798,35.798,0.32,0.33,0.67,0.68,0.01,0.01,77559.02,1776827733000
1776827736.371,36.371,0.31,0.33,0.67,0.69,0.02,0.02,77560.53,1776827734000
1776827737.767,37.767,0.31,0.33,0.67,0.69,0.02,0.02,77561.8,1776827735000
1776827738.196,38.196,0.31,0.32,0.68,0.69,0.01,0.01,77561.8,1776827735000
1776827738.53,38.53,0.31,0.32,0.68,0.69,0.01,0.01,77561.8,1776827735000
1776827739.301,39.301,0.31,0.32,0.68,0.69,0.01,0.01,77562.29,1776827737000
1776827739.643,39.643,0.31,0.32,0.68,0.69,0.01,0.01,77562.29,1776827737000
1776827740.183,40.183,0.31,0.32,0.68,0.69,0.01,0.01,77562.17,1776827738000
1776827740.608,40.608,0.31,0.32,0.68,0.69,0.01,0.01,77562.17,1776827738000
1776827740.947,40.947,0.33,0.38,0.62,0.67,0.05,0.05,77562.17,1776827738000
1776827741.348,41.348,0.31,0.38,0.62,0.67,0.07,0.05,77561.85,1776827739000
1776827741.723,41.723,0.36,0.37,0.63,0.64,0.01,0.01,77561.85,1776827739000
1776827742.094,42.094,0.35,0.37,0.63,0.67,0.02,0.04,77580.81,1776827740000
1776827742.479,42.479,0.34,0.35,0.64,0.66,0.01,0.02,77580.81,1776827740000
1776827742.866,42.866,0.34,0.35,0.65,0.66,0.01,0.01,77578.06,1776827741000
1776827743.244,43.244,0.32,0.34,0.66,0.68,0.02,0.02,77578.06,1776827742000
1776827743.591,43.591,0.32,0.33,0.67,0.68,0.01,0.01,77578.06,1776827742000
1776827744.035,44.035,0.32,0.33,0.67,0.68,0.01,0.01,77578.06,1776827742000
1776827744.693,44.693,0.32,0.33,0.67,0.68,0.01,0.01,77578.06,1776827742000
1776827745.512,45.512,0.32,0.33,0.67,0.68,0.01,0.01,77567.43,1776827743000
1776827746.198,46.198,0.32,0.33,0.67,0.68,0.01,0.01,77566.85,1776827745000
1776827747.057,47.057,0.32,0.33,0.67,0.68,0.01,0.01,77566.85,1776827745000
1776827747.412,47.412,0.32,0.33,0.67,0.68,0.01,0.01,77567,1776827746000
1776827747.814,47.814,0.32,0.33,0.67,0.68,0.01,0.01,77567,1776827746000
1776827748.193,48.193,0.32,0.33,0.67,0.68,0.01,0.01,77567.13,1776827747000
1776827748.707,48.707,0.32,0.33,0.67,0.68,0.01,0.01,77567.13,1776827747000
1776827749.139,49.139,0.32,0.33,0.67,0.68,0.01,0.01,77567.13,1776827747000
1776827749.59,49.59,0.31,0.33,0.67,0.69,0.02,0.02,77567.23,1776827748000
1776827749.953,49.953,0.31,0.32,0.68,0.69,0.01,0.01,77567.23,1776827748000
1776827750.452,50.452,0.31,0.32,0.68,0.69,0.01,0.01,77565.79,1776827749000
1776827750.951,50.951,0.3,0.31,0.68,0.7,0.01,0.02,77565.79,1776827749000
1776827751.305,51.305,0.3,0.31,0.69,0.7,0.01,0.01,77563.01,1776827750000
1776827751.745,51.745,0.3,0.31,0.69,0.7,0.01,0.01,77563.01,1776827750000
1776827752.163,52.163,0.3,0.31,0.69,0.7,0.01,0.01,77562.44,1776827751000
1776827752.641,52.641,0.29,0.31,0.69,0.71,0.02,0.02,77562.44,1776827751000
1776827753.094,53.094,0.29,0.3,0.69,0.71,0.01,0.02,77562.44,1776827751000
1776827753.501,53.501,0.29,0.3,0.7,0.71,0.01,0.01,77562.04,1776827752000
1776827753.915,53.915,0.29,0.3,0.7,0.71,0.01,0.01,77562.04,1776827752000
1776827754.366,54.366,0.29,0.3,0.7,0.71,0.01,0.01,77562.07,1776827753000
1776827755.129,55.129,0.29,0.3,0.7,0.71,0.01,0.01,77561.74,1776827754000
1776827755.617,55.617,0.29,0.3,0.7,0.71,0.01,0.01,77561.74,1776827754000
1776827756.048,56.048,0.29,0.3,0.7,0.71,0.01,0.01,77561.74,1776827754000
1776827756.688,56.688,0.29,0.3,0.7,0.71,0.01,0.01,77561.7,1776827755000
1776827757.132,57.132,0.29,0.3,0.7,0.71,0.01,0.01,77561.93,1776827756000
1776827757.483,57.483,0.29,0.3,0.7,0.71,0.01,0.01,77561.93,1776827756000
1776827757.822,57.822,0.29,0.3,0.7,0.71,0.01,0.01,77561.93,1776827756000
1776827758.314,58.314,0.29,0.3,0.7,0.71,0.01,0.01,77562.16,1776827757000
1776827758.722,58.722,0.28,0.29,0.7,0.72,0.01,0.02,77562.16,1776827757000
1776827759.196,59.196,0.28,0.29,0.71,0.72,0.01,0.01,77562.0,1776827758000
1776827760.082,60.082,0.28,0.29,0.71,0.72,0.01,0.01,77562.0,1776827758000
1776827760.462,60.462,0.28,0.29,0.71,0.72,0.01,0.01,77562.0,1776827758000
1776827760.918,60.918,0.28,0.29,0.71,0.72,0.01,0.01,77561.37,1776827759000
1776827761.321,61.321,0.27,0.28,0.72,0.73,0.01,0.01,77561.09,1776827760000
1776827761.687,61.687,0.27,0.28,0.72,0.73,0.01,0.01,77561.09,1776827760000
1776827762.076,62.076,0.27,0.28,0.72,0.73,0.01,0.01,77561.09,1776827760000
1776827762.554,62.554,0.27,0.28,0.72,0.73,0.01,0.01,77560.69,1776827761000
1776827762.931,62.931,0.27,0.28,0.72,0.73,0.01,0.01,77560.68,1776827762000
1776827763.4,63.4,0.27,0.28,0.72,0.73,0.01,0.01,77560.68,1776827762000
1776827763.968,63.968,0.27,0.28,0.72,0.73,0.01,0.01,77560.68,1776827762000
1776827764.748,64.748,0.27,0.28,0.72,0.73,0.01,0.01,77560.81,1776827763000
1776827765.383,65.383,0.27,0.28,0.72,0.73,0.01,0.01,77560.81,1776827763000
1776827765.966,65.966,0.27,0.28,0.72,0.73,0.01,0.01,77560.9,1776827765000
1776827766.36,66.36,0.27,0.28,0.72,0.73,0.01,0.01,77560.9,1776827765000
1776827766.709,66.709,0.27,0.28,0.72,0.73,0.01,0.01,77560.9,1776827765000
1776827767.155,67.155,0.27,0.28,0.72,0.73,0.01,0.01,77560.9,1776827766000
1776827767.532,67.532,0.27,0.28,0.72,0.73,0.01,0.01,77560.9,1776827766000
1776827768.399,68.399,0.27,0.28,0.72,0.73,0.01,0.01,77560.9,1776827766000
1776827768.786,68.786,0.25,0.26,0.74,0.75,0.01,0.01,77560.28,1776827767000
1776827769.138,69.138,0.25,0.26,0.74,0.75,0.01,0.01,77546.73,1776827768000
1776827769.545,69.545,0.25,0.26,0.74,0.75,0.01,0.01,77546.73,1776827768000
1776827769.907,69.907,0.25,0.26,0.74,0.75,0.01,0.01,77546.73,1776827768000
1776827770.822,70.822,0.24,0.25,0.74,0.75,0.01,0.01,77544.13,1776827769000
1776827771.254,71.254,0.21,0.25,0.75,0.79,0.04,0.04,77547.64,1776827770000
1776827771.832,71.832,0.2,0.24,0.76,0.8,0.04,0.04,77547.64,1776827770000
1776827772.236,72.236,0.21,0.23,0.76,0.8,0.02,0.04,77547.64,1776827770000
1776827772.66,72.66,0.2,0.22,0.78,0.8,0.02,0.02,77545.98,1776827771000
1776827774.242,74.242,0.2,0.22,0.78,0.8,0.02,0.02,77532.22,1776827773000
1776827774.681,74.681,0.2,0.22,0.78,0.79,0.02,0.01,77532.22,1776827773000
1776827775.042,75.042,0.2,0.22,0.78,0.8,0.02,0.02,77532.22,1776827773000
1776827775.479,75.479,0.2,0.21,0.79,0.8,0.01,0.01,77532.22,1776827773000
1776827775.849,75.849,0.2,0.21,0.79,0.8,0.01,0.01,77532.22,1776827773000
1776827776.206,76.206,0.2,0.21,0.79,0.8,0.01,0.01,77531.38,1776827775000
1776827776.54,76.54,0.19,0.2,0.8,0.81,0.01,0.01,77531.38,1776827775000
1776827776.996,76.996,0.19,0.2,0.8,0.81,0.01,0.01,77531.38,1776827775000
1776827777.45,77.45,0.18,0.19,0.8,0.82,0.01,0.02,77529.79,1776827776000
1776827777.846,77.846,0.18,0.19,0.81,0.82,0.01,0.01,77529.79,1776827776000
1776827778.385,78.385,0.18,0.19,0.81,0.82,0.01,0.01,77525.55,1776827777000
1776827779.185,79.185,0.17,0.19,0.81,0.83,0.02,0.02,77522.22,1776827778000
1776827779.709,79.709,0.16,0.17,0.82,0.84,0.01,0.02,77522.22,1776827778000
1776827780.062,80.062,0.16,0.17,0.83,0.84,0.01,0.01,77522.22,1776827778000
1776827780.691,80.691,0.16,0.17,0.83,0.84,0.01,0.01,77521.6,1776827779000
1776827781.255,81.255,0.16,0.17,0.83,0.84,0.01,0.01,77520.52,1776827780000
1776827782.352,82.352,0.16,0.17,0.83,0.84,0.01,0.01,77518.95,1776827781000
1776827782.964,82.964,0.16,0.17,0.83,0.84,0.01,0.01,77518.95,1776827781000
1776827783.307,83.307,0.16,0.17,0.83,0.84,0.01,0.01,77518.95,1776827782000
1776827783.714,83.714,0.15,0.17,0.83,0.84,0.02,0.01,77518.95,1776827782000
1776827784.087,84.087,0.15,0.17,0.83,0.85,0.02,0.02,77516.83,1776827783000
1776827784.481,84.481,0.16,0.17,0.83,0.85,0.01,0.02,77516.83,1776827783000
1776827785.098,85.098,0.16,0.17,0.83,0.84,0.01,0.01,77516.83,1776827783000
1776827785.525,85.525,0.16,0.17,0.83,0.84,0.01,0.01,77514.76,1776827784000
1776827785.919,85.919,0.16,0.17,0.83,0.84,0.01,0.01,77514.76,1776827784000
1776827786.272,86.272,0.15,0.17,0.83,0.85,0.02,0.02,77512.13,1776827785000
1776827786.645,86.645,0.15,0.16,0.84,0.85,0.01,0.01,77512.13,1776827785000
1776827787.163,87.163,0.15,0.16,0.84,0.85,0.01,0.01,77512.13,1776827785000
1776827787.974,87.974,0.15,0.16,0.84,0.85,0.01,0.01,77512.2,1776827787000
1776827788.484,88.484,0.15,0.16,0.84,0.85,0.01,0.01,77512.2,1776827787000
1776827789.127,89.127,0.15,0.16,0.84,0.86,0.01,0.02,77512.2,1776827787000
1776827789.602,89.602,0.15,0.16,0.84,0.85,0.01,0.01,77514.54,1776827788000
1776827790.036,90.036,0.14,0.15,0.84,0.86,0.01,0.02,77514.54,1776827788000
1776827791.024,91.024,0.14,0.15,0.85,0.86,0.01,0.01,77515.36,1776827789000
1776827791.409,91.409,0.14,0.15,0.85,0.86,0.01,0.01,77515.36,1776827789000
1776827791.754,91.754,0.14,0.15,0.85,0.86,0.01,0.01,77515.36,1776827789000
1776827792.124,92.124,0.14,0.15,0.85,0.86,0.01,0.01,77510.64,1776827791000
1776827792.473,92.473,0.13,0.14,0.86,0.87,0.01,0.01,77510.64,1776827791000
1776827792.868,92.868,0.12,0.13,0.87,0.88,0.01,0.01,77510.64,1776827791000
1776827793.208,93.208,0.12,0.13,0.87,0.88,0.01,0.01,77510.64,1776827791000
1776827793.59,93.59,0.11,0.12,0.88,0.89,0.01,0.01,77507.79,1776827792000
1776827794.126,94.126,0.11,0.12,0.88,0.89,0.01,0.01,77507.79,1776827792000
1776827794.476,94.476,0.11,0.12,0.88,0.89,0.01,0.01,77504.13,1776827793000
1776827794.827,94.827,0.09,0.1,0.9,0.91,0.01,0.01,77504.13,1776827793000
1776827795.178,95.178,0.09,0.1,0.9,0.91,0.01,0.01,77504.13,1776827793000
1776827795.571,95.571,0.09,0.1,0.9,0.91,0.01,0.01,77504.13,1776827793000
1776827796.022,96.022,0.09,0.1,0.9,0.91,0.01,0.01,77499.97,1776827794000
1776827796.545,96.545,0.09,0.1,0.9,0.91,0.01,0.01,77491.57,1776827795000
1776827796.909,96.909,0.08,0.09,0.91,0.92,0.01,0.01,77491.57,1776827795000
1776827797.706,97.706,0.08,0.09,0.91,0.92,0.01,0.01,77491.57,1776827795000
1776827798.29,98.29,0.08,0.09,0.91,0.92,0.01,0.01,77489.12,1776827796000
1776827799.145,99.145,0.08,0.09,0.91,0.92,0.01,0.01,77484.17,1776827797000
1776827799.614,99.614,0.08,0.09,0.91,0.92,0.01,0.01,77482.42,1776827798000
1776827800.1,100.1,0.08,0.09,0.91,0.92,0.01,0.01,77482.42,1776827798000
1776827800.525,100.525,0.08,0.09,0.91,0.92,0.01,0.01,77482.42,1776827798000
1776827800.904,100.904,0.1,0.11,0.88,0.9,0.01,0.02,77486.91,1776827799000
1776827801.347,101.347,0.11,0.12,0.88,0.89,0.01,0.01,77486.91,1776827799000
1776827801.688,101.688,0.1,0.12,0.88,0.89,0.02,0.01,77493.68,1776827800000
1776827802.14,102.14,0.1,0.11,0.89,0.9,0.01,0.01,77493.68,1776827800000
1776827802.477,102.477,0.1,0.11,0.89,0.9,0.01,0.01,77497.46,1776827801000
1776827802.959,102.959,0.1,0.11,0.89,0.9,0.01,0.01,77497.46,1776827801000
1776827803.378,103.378,0.1,0.11,0.89,0.9,0.01,0.01,77497.46,1776827801000
1776827803.785,103.785,0.1,0.11,0.89,0.9,0.01,0.01,77497.04,1776827802000
1776827804.237,104.237,0.09,0.1,0.9,0.91,0.01,0.01,77495.34,1776827803000
1776827804.613,104.613,0.08,0.09,0.91,0.92,0.01,0.01,77495.34,1776827803000
1776827805.04,105.04,0.07,0.08,0.92,0.93,0.01,0.01,77495.34,1776827803000
1776827805.498,105.498,0.07,0.08,0.92,0.93,0.01,0.01,77495.34,1776827803000
1776827806.256,106.256,0.07,0.08,0.92,0.93,0.01,0.01,77479.25,1776827805000
1776827806.645,106.645,0.07,0.08,0.92,0.93,0.01,0.01,77479.25,1776827805000
1776827807.17,107.17,0.07,0.08,0.92,0.93,0.01,0.01,77479.25,1776827805000
1776827807.592,107.592,0.07,0.08,0.92,0.93,0.01,0.01,77472.84,1776827806000
1776827807.995,107.995,0.07,0.08,0.92,0.93,0.01,0.01,77472.84,1776827806000
1776827808.432,108.432,0.07,0.08,0.92,0.93,0.01,0.01,77472.84,1776827806000
1776827808.892,108.892,0.07,0.08,0.92,0.93,0.01,0.01,77471.14,1776827807000
1776827809.286,109.286,0.07,0.08,0.92,0.93,0.01,0.01,77470.21,1776827808000
1776827809.747,109.747,0.07,0.08,0.92,0.93,0.01,0.01,77470.21,1776827808000
1776827810.189,110.189,0.07,0.08,0.92,0.93,0.01,0.01,77469.33,1776827809000
1776827810.634,110.634,0.07,0.08,0.92,0.93,0.01,0.01,77469.33,1776827809000
1776827810.99,110.99,0.07,0.08,0.92,0.93,0.01,0.01,77469.33,1776827809000
1776827811.342,111.342,0.06,0.07,0.93,0.94,0.01,0.01,77468.93,1776827810000
1776827812.246,112.246,0.06,0.07,0.93,0.94,0.01,0.01,77468.93,1776827810000
1776827812.884,112.884,0.06,0.07,0.93,0.94,0.01,0.01,77466.57,1776827811000
1776827813.458,113.458,0.06,0.07,0.93,0.94,0.01,0.01,77462.2,1776827812000
1776827813.959,113.959,0.06,0.07,0.93,0.94,0.01,0.01,77460.52,1776827813000
1776827814.807,114.807,0.06,0.07,0.93,0.94,0.01,0.01,77460.52,1776827813000
1776827816.189,116.189,0.06,0.07,0.93,0.94,0.01,0.01,77464.16,1776827815000
1776827816.772,116.772,0.06,0.07,0.93,0.95,0.01,0.02,77464.16,1776827815000
1776827817.201,117.201,0.06,0.07,0.93,0.94,0.01,0.01,77464.16,1776827815000
1776827817.552,117.552,0.06,0.07,0.93,0.94,0.01,0.01,77465.2,1776827816000
1776827818.092,118.092,0.06,0.07,0.93,0.94,0.01,0.01,77465.2,1776827816000
1776827818.553,118.553,0.05,0.07,0.93,0.94,0.02,0.01,77464.27,1776827817000
1776827819.066,119.066,0.05,0.07,0.94,0.95,0.02,0.01,77464.27,1776827817000
1776827819.432,119.432,0.06,0.07,0.93,0.94,0.01,0.01,77464.27,1776827817000
1776827819.768,119.768,0.05,0.06,0.94,0.95,0.01,0.01,77462.01,1776827818000
1776827820.358,120.358,0.05,0.06,0.94,0.95,0.01,0.01,77461.21,1776827819000
1776827820.799,120.799,0.05,0.06,0.94,0.95,0.01,0.01,77461.21,1776827819000
1776827821.231,121.231,0.04,0.05,0.95,0.96,0.01,0.01,77460.38,1776827820000
1776827821.568,121.568,0.04,0.05,0.95,0.96,0.01,0.01,77460.38,1776827820000
1776827821.943,121.943,0.03,0.04,0.95,0.97,0.01,0.02,77460.38,1776827820000
1776827822.279,122.279,0.03,0.04,0.96,0.97,0.01,0.01,77460.38,1776827820000
1776827822.722,122.722,0.03,0.04,0.96,0.97,0.01,0.01,77459.86,1776827821000
1776827823.112,123.112,0.03,0.04,0.96,0.97,0.01,0.01,77457.79,1776827822000
1776827824.289,124.289,0.03,0.04,0.96,0.97,0.01,0.01,77456.55,1776827823000
1776827825.335,125.335,0.03,0.04,0.96,0.97,0.01,0.01,77456.55,1776827823000
1776827825.855,125.855,0.03,0.04,0.96,0.97,0.01,0.01,77457.87,1776827824000
1776827826.364,126.364,0.03,0.06,0.95,0.97,0.03,0.02,77459.52,1776827825000
1776827826.705,126.705,0.05,0.06,0.94,0.97,0.01,0.03,77459.52,1776827825000
1776827827.152,127.152,0.05,0.06,0.94,0.95,0.01,0.01,77459.52,1776827825000
1776827827.554,127.554,0.06,0.07,0.93,0.94,0.01,0.01,77477.58,1776827826000
1776827828.026,128.026,0.06,0.07,0.93,0.94,0.01,0.01,77477.58,1776827826000
1776827828.492,128.492,0.06,0.07,0.93,0.94,0.01,0.01,77485.17,1776827827000
1776827828.87,128.87,0.06,0.07,0.93,0.94,0.01,0.01,77485.44,1776827828000
1776827829.28,129.28,0.06,0.07,0.93,0.94,0.01,0.01,77485.44,1776827828000
1776827830.15,130.15,0.06,0.08,0.93,0.94,0.02,0.01,77485.44,1776827828000
1776827830.636,130.636,0.09,0.11,0.9,0.93,0.02,0.03,77485.24,1776827829000
1776827831.317,131.317,0.1,0.11,0.89,0.9,0.01,0.01,77485.24,1776827829000
1776827831.694,131.694,0.1,0.11,0.89,0.9,0.01,0.01,77481.17,1776827830000
1776827832.341,132.341,0.1,0.11,0.89,0.9,0.01,0.01,77502.72,1776827831000
1776827832.86,132.86,0.1,0.11,0.89,0.9,0.01,0.01,77504.95,1776827832000
1776827833.307,133.307,0.1,0.11,0.89,0.9,0.01,0.01,77504.95,1776827832000
1776827833.767,133.767,0.1,0.11,0.87,0.9,0.01,0.03,77504.95,1776827832000
1776827834.215,134.215,0.1,0.11,0.88,0.9,0.01,0.02,77508.77,1776827833000
1776827834.585,134.585,0.11,0.12,0.88,0.89,0.01,0.01,77508.77,1776827833000
1776827835.055,135.055,0.11,0.12,0.88,0.89,0.01,0.01,77508.77,1776827833000
1776827835.585,135.585,0.11,0.12,0.88,0.89,0.01,0.01,77511.99,1776827834000
1776827835.919,135.919,0.1,0.12,0.88,0.9,0.02,0.02,77511.99,1776827834000
1776827836.357,136.357,0.11,0.12,0.88,0.89,0.01,0.01,77511.99,1776827834000
1776827836.866,136.866,0.11,0.12,0.88,0.89,0.01,0.01,77510.78,1776827835000
1776827837.354,137.354,0.1,0.11,0.88,0.9,0.01,0.02,77510.78,1776827835000
1776827837.754,137.754,0.1,0.11,0.89,0.9,0.01,0.01,77505.22,1776827836000
1776827838.176,138.176,0.1,0.11,0.89,0.9,0.01,0.01,77505.22,1776827837000
1776827838.585,138.585,0.1,0.11,0.89,0.9,0.01,0.01,77505.22,1776827837000
1776827838.982,138.982,0.09,0.1,0.89,0.91,0.01,0.02,77505.22,1776827837000
1776827839.388,139.388,0.09,0.1,0.9,0.91,0.01,0.01,77505.22,1776827837000
1776827839.886,139.886,0.09,0.1,0.9,0.91,0.01,0.01,77505.18,1776827838000
1776827840.336,140.336,0.11,0.12,0.88,0.89,0.01,0.01,77505.18,1776827838000
1776827841.008,141.008,0.11,0.12,0.88,0.89,0.01,0.01,77505.17,1776827839000
1776827841.509,141.509,0.11,0.12,0.88,0.89,0.01,0.01,77504.47,1776827840000
1776827842.003,142.003,0.1,0.11,0.89,0.9,0.01,0.01,77504.47,1776827840000
1776827842.364,142.364,0.1,0.11,0.89,0.9,0.01,0.01,77507.66,1776827841000
1776827843.402,143.402,0.1,0.11,0.89,0.9,0.01,0.01,77509.02,1776827842000
1776827843.886,143.886,0.1,0.11,0.89,0.9,0.01,0.01,77508.55,1776827843000
1776827845.021,145.021,0.1,0.11,0.89,0.9,0.01,0.01,77508.01,1776827844000
1776827845.463,145.463,0.1,0.11,0.89,0.9,0.01,0.01,77508.01,1776827844000
1776827845.989,145.989,0.1,0.11,0.89,0.9,0.01,0.01,77508.01,1776827844000
1776827846.446,146.446,0.09,0.1,0.9,0.91,0.01,0.01,77507.47,1776827845000
1776827847.27,147.27,0.09,0.1,0.9,0.91,0.01,0.01,77507.47,1776827846000
1776827847.708,147.708,0.09,0.1,0.9,0.91,0.01,0.01,77507.47,1776827846000
1776827848.152,148.152,0.09,0.1,0.9,0.91,0.01,0.01,77507.47,1776827846000
1776827848.641,148.641,0.09,0.11,0.89,0.91,0.02,0.02,77504.33,1776827847000
1776827849.399,149.399,0.08,0.09,0.9,0.91,0.01,0.01,77504.33,1776827847000
1776827849.792,149.792,0.07,0.08,0.92,0.93,0.01,0.01,77504.29,1776827848000
1776827850.202,150.202,0.06,0.08,0.92,0.93,0.02,0.01,77504.29,1776827848000
1776827850.545,150.545,0.06,0.07,0.93,0.94,0.01,0.01,77504.29,1776827848000
1776827850.892,150.892,0.06,0.07,0.93,0.94,0.01,0.01,77504.35,1776827849000
1776827851.281,151.281,0.06,0.08,0.92,0.94,0.02,0.02,77499.28,1776827850000
1776827851.714,151.714,0.07,0.08,0.92,0.93,0.01,0.01,77499.28,1776827850000
1776827852.105,152.105,0.08,0.09,0.91,0.92,0.01,0.01,77499.28,1776827850000
1776827852.558,152.558,0.08,0.09,0.91,0.92,0.01,0.01,77496.54,1776827851000
1776827852.921,152.921,0.08,0.09,0.91,0.92,0.01,0.01,77496.54,1776827851000
1776827853.32,153.32,0.08,0.09,0.91,0.92,0.01,0.01,77497.95,1776827852000
1776827854.087,154.087,0.08,0.09,0.91,0.92,0.01,0.01,77504.17,1776827853000
1776827854.877,154.877,0.04,0.08,0.91,0.92,0.04,0.01,77504.17,1776827853000
1776827855.325,155.325,0.05,0.06,0.94,0.95,0.01,0.01,77507.76,1776827854000
1776827855.687,155.687,0.05,0.06,0.94,0.95,0.01,0.01,77507.76,1776827854000
1776827856.032,156.032,0.05,0.06,0.94,0.95,0.01,0.01,77508.74,1776827855000
1776827856.476,156.476,0.05,0.06,0.94,0.95,0.01,0.01,77508.74,1776827855000
1776827856.911,156.911,0.05,0.06,0.94,0.95,0.01,0.01,77508.74,1776827855000
1776827857.528,157.528,0.05,0.06,0.94,0.95,0.01,0.01,77499.89,1776827856000
1776827857.904,157.904,0.05,0.06,0.94,0.95,0.01,0.01,77499.89,1776827856000
1776827858.939,158.939,0.05,0.06,0.94,0.95,0.01,0.01,77499.99,1776827858000
1776827859.291,159.291,0.05,0.07,0.93,0.95,0.02,0.02,77499.99,1776827858000
1776827859.825,159.825,0.06,0.07,0.93,0.94,0.01,0.01,77499.99,1776827858000
1776827860.196,160.196,0.06,0.07,0.93,0.94,0.01,0.01,77501.25,1776827859000
1776827860.9,160.9,0.06,0.07,0.93,0.94,0.01,0.01,77505.14,1776827860000
1776827861.661,161.661,0.06,0.07,0.93,0.94,0.01,0.01,77505.14,1776827860000
1776827862.152,162.152,0.06,0.07,0.93,0.94,0.01,0.01,77505.33,1776827861000
1776827862.84,162.84,0.06,0.07,0.93,0.94,0.01,0.01,77505.11,1776827862000
1776827863.272,163.272,0.05,0.06,0.94,0.95,0.01,0.01,77505.11,1776827862000
1776827864.256,164.256,0.04,0.05,0.95,0.96,0.01,0.01,77504.63,1776827863000
1776827864.609,164.609,0.04,0.05,0.95,0.96,0.01,0.01,77504.63,1776827863000
1776827865.299,165.299,0.04,0.05,0.95,0.96,0.01,0.01,77501.28,1776827864000
1776827865.864,165.864,0.04,0.05,0.95,0.96,0.01,0.01,77501.28,1776827864000
1776827866.321,166.321,0.04,0.05,0.95,0.96,0.01,0.01,77501.28,1776827864000
1776827866.97,166.97,0.04,0.05,0.95,0.96,0.01,0.01,77497.72,1776827865000
1776827867.353,167.353,0.04,0.05,0.94,0.96,0.01,0.02,77497.72,1776827865000
1776827867.727,167.727,0.04,0.05,0.95,0.96,0.01,0.01,77497.72,1776827865000
1776827868.08,168.08,0.04,0.05,0.95,0.96,0.01,0.01,77497.72,1776827865000
1776827868.719,168.719,0.04,0.06,0.94,0.96,0.02,0.02,77497.45,1776827866000
1776827869.234,169.234,0.03,0.04,0.95,0.96,0.01,0.01,77497.45,1776827866000
1776827870.211,170.211,0.03,0.04,0.96,0.97,0.01,0.01,77497.23,1776827868000
1776827870.548,170.548,0.04,0.05,0.95,0.96,0.01,0.01,77497.12,1776827869000
1776827871.005,171.005,0.04,0.05,0.95,0.96,0.01,0.01,77497.12,1776827869000
1776827871.46,171.46,0.04,0.05,0.95,0.96,0.01,0.01,77497.12,1776827869000
1776827871.812,171.812,0.05,0.06,0.94,0.95,0.01,0.01,77497.14,1776827870000
1776827872.18,172.18,0.05,0.06,0.94,0.95,0.01,0.01,77497.14,1776827870000
1776827872.744,172.744,0.05,0.06,0.94,0.95,0.01,0.01,77505.25,1776827871000
1776827873.092,173.092,0.05,0.06,0.94,0.95,0.01,0.01,77505.25,1776827871000
1776827873.448,173.448,0.05,0.06,0.94,0.95,0.01,0.01,77505.23,1776827872000
1776827873.798,173.798,0.05,0.06,0.94,0.95,0.01,0.01,77505.23,1776827872000
1776827874.426,174.426,0.05,0.06,0.94,0.95,0.01,0.01,77505.23,1776827872000
1776827874.766,174.766,0.05,0.06,0.94,0.95,0.01,0.01,77505.23,1776827872000
1776827875.099,175.099,0.05,0.06,0.94,0.95,0.01,0.01,77490.53,1776827873000
1776827875.606,175.606,0.05,0.06,0.94,0.95,0.01,0.01,77490.53,1776827873000
1776827875.939,175.939,0.05,0.06,0.94,0.95,0.01,0.01,77490.86,1776827874000
1776827876.442,176.442,0.05,0.06,0.94,0.95,0.01,0.01,77490.86,1776827874000
1776827877.2,177.2,0.05,0.06,0.94,0.95,0.01,0.01,77493.05,1776827875000
1776827877.994,177.994,0.05,0.06,0.94,0.95,0.01,0.01,77491.39,1776827876000
1776827878.602,178.602,0.05,0.06,0.94,0.95,0.01,0.01,77491.32,1776827877000
1776827879.334,179.334,0.05,0.06,0.94,0.95,0.01,0.01,77491.5,1776827878000
1776827879.675,179.675,0.05,0.06,0.94,0.95,0.01,0.01,77491.5,1776827878000
1776827880.329,180.329,0.05,0.06,0.94,0.95,0.01,0.01,77491.5,1776827879000
1776827880.771,180.771,0.05,0.06,0.94,0.95,0.01,0.01,77491.5,1776827879000
1776827881.116,181.116,0.05,0.06,0.94,0.95,0.01,0.01,77491.5,1776827879000
1776827881.539,181.539,0.04,0.05,0.95,0.96,0.01,0.01,77491.5,1776827879000
1776827882.104,182.104,0.03,0.04,0.96,0.97,0.01,0.01,77491.5,1776827880000
1776827882.676,182.676,0.03,0.04,0.96,0.97,0.01,0.01,77490.81,1776827881000
1776827883.218,183.218,0.03,0.04,0.96,0.97,0.01,0.01,77490.05,1776827882000
1776827883.834,183.834,0.03,0.04,0.96,0.97,0.01,0.01,77490.05,1776827882000
1776827884.19,184.19,0.03,0.04,0.96,0.97,0.01,0.01,77490.05,1776827882000
1776827884.811,184.811,0.03,0.04,0.96,0.97,0.01,0.01,77490.05,1776827882000
1776827885.617,185.617,0.03,0.04,0.96,0.97,0.01,0.01,77490.07,1776827884000
1776827886.449,186.449,0.03,0.04,0.96,0.97,0.01,0.01,77490.08,1776827885000
1776827887.281,187.281,0.03,0.04,0.96,0.97,0.01,0.01,77490.08,1776827885000
1776827888.078,188.078,0.03,0.04,0.96,0.97,0.01,0.01,77490.07,1776827887000
1776827888.712,188.712,0.03,0.04,0.96,0.97,0.01,0.01,77490.07,1776827887000
1776827889.093,189.093,0.03,0.04,0.96,0.97,0.01,0.01,77489.49,1776827888000
1776827889.651,189.651,0.03,0.05,0.96,0.97,0.02,0.01,77489.49,1776827888000
1776827889.987,189.987,0.03,0.04,0.96,0.97,0.01,0.01,77489.49,1776827888000
1776827890.323,190.323,0.03,0.04,0.96,0.97,0.01,0.01,77488.92,1776827889000
1776827890.699,190.699,0.03,0.04,0.96,0.97,0.01,0.01,77488.92,1776827889000
1776827891.1,191.1,0.03,0.04,0.96,0.97,0.01,0.01,77488.92,1776827889000
1776827891.569,191.569,0.03,0.04,0.96,0.97,0.01,0.01,77492.46,1776827890000
1776827891.945,191.945,0.03,0.04,0.96,0.97,0.01,0.01,77492.46,1776827890000
1776827892.322,192.322,0.03,0.04,0.96,0.97,0.01,0.01,77493.34,1776827891000
1776827892.67,192.67,0.03,0.04,0.96,0.97,0.01,0.01,77493.34,1776827891000
1776827893.158,193.158,0.03,0.04,0.96,0.97,0.01,0.01,77495.25,1776827892000
1776827893.848,193.848,0.03,0.04,0.96,0.97,0.01,0.01,77495.25,1776827892000
1776827894.286,194.286,0.03,0.04,0.96,0.97,0.01,0.01,77499.23,1776827893000
1776827895.169,195.169,0.03,0.04,0.96,0.97,0.01,0.01,77499.23,1776827893000
1776827895.842,195.842,0.03,0.04,0.96,0.97,0.01,0.01,77501.65,1776827894000
1776827896.245,196.245,0.03,0.05,0.95,0.97,0.02,0.02,77501.2,1776827895000
1776827897.254,197.254,0.04,0.05,0.95,0.96,0.01,0.01,77502.01,1776827896000
1776827897.684,197.684,0.04,0.05,0.95,0.96,0.01,0.01,77502.01,1776827896000
1776827898.124,198.124,0.04,0.05,0.95,0.96,0.01,0.01,77500.87,1776827897000
1776827898.615,198.615,0.04,0.05,0.95,0.96,0.01,0.01,77500.87,1776827897000
1776827899.155,199.155,0.04,0.05,0.95,0.96,0.01,0.01,77500.87,1776827897000
1776827899.766,199.766,0.04,0.05,0.95,0.96,0.01,0.01,77500.85,1776827898000
1776827900.288,200.288,0.02,0.05,0.95,0.96,0.03,0.01,77500.85,1776827898000
1776827900.655,200.655,0.02,0.03,0.95,0.98,0.01,0.03,77499.72,1776827899000
1776827901.174,201.174,0.02,0.03,0.97,0.98,0.01,0.01,77499.72,1776827899000
1776827901.513,201.513,0.02,0.03,0.97,0.98,0.01,0.01,77498.79,1776827900000
1776827901.931,201.931,0.02,0.03,0.97,0.98,0.01,0.01,77498.79,1776827900000
1776827902.512,202.512,0.02,0.03,0.97,0.98,0.01,0.01,77498.2,1776827901000
1776827903.362,203.362,0.02,0.03,0.97,0.98,0.01,0.01,77493.73,1776827902000
1776827903.719,203.719,0.02,0.03,0.97,0.98,0.01,0.01,77493.73,1776827902000
1776827904.171,204.171,0.02,0.03,0.97,0.98,0.01,0.01,77493.72,1776827903000
1776827904.535,204.535,0.02,0.03,0.97,0.98,0.01,0.01,77493.72,1776827903000
1776827905.021,205.021,0.02,0.03,0.97,0.98,0.01,0.01,77493.27,1776827904000
1776827905.356,205.356,0.02,0.03,0.97,0.98,0.01,0.01,77493.27,1776827904000
1776827905.714,205.714,0.01,0.02,0.98,0.99,0.01,0.01,77493.27,1776827904000
1776827906.05,206.05,0.01,0.02,0.98,0.99,0.01,0.01,77493.27,1776827904000
1776827906.48,206.48,0.01,0.02,0.98,0.99,0.01,0.01,77490.37,1776827905000
1776827906.834,206.834,0.01,0.02,0.98,0.99,0.01,0.01,77490.37,1776827905000
1776827907.262,207.262,0.01,0.02,0.98,0.99,0.01,0.01,77490.37,1776827905000
1776827907.753,207.753,0.01,0.02,0.98,0.99,0.01,0.01,77485.97,1776827906000
1776827908.094,208.094,0.01,0.02,0.98,0.99,0.01,0.01,77485.97,1776827906000
1776827908.63,208.63,0.01,0.02,0.98,0.99,0.01,0.01,77480.51,1776827907000
1776827908.988,208.988,0.01,0.02,0.98,0.99,0.01,0.01,77479.0,1776827908000
1776827909.529,209.529,0.01,0.02,0.98,0.99,0.01,0.01,77479.0,1776827908000
1776827910.176,210.176,0.01,0.02,0.98,0.99,0.01,0.01,77479.0,1776827908000
1776827910.617,210.617,0.01,0.02,0.98,0.99,0.01,0.01,77478.46,1776827909000
1776827910.979,210.979,0.01,0.02,0.98,0.99,0.01,0.01,77478.46,1776827909000
1776827911.374,211.374,0.01,0.02,0.98,0.99,0.01,0.01,77478.46,1776827909000
1776827911.891,211.891,0.01,0.02,0.98,0.99,0.01,0.01,77476.26,1776827910000
1776827912.256,212.256,0.01,0.02,0.98,0.99,0.01,0.01,77475.48,1776827911000
1776827912.8,212.8,0.01,0.02,0.98,0.99,0.01,0.01,77475.48,1776827911000
1776827913.338,213.338,0.01,0.02,0.98,0.99,0.01,0.01,77475.66,1776827912000
1776827913.786,213.786,0.01,0.02,0.98,0.99,0.01,0.01,77475.66,1776827912000
1776827914.403,214.403,0.01,0.02,0.98,0.99,0.01,0.01,77475.66,1776827912000
1776827914.857,214.857,0.01,0.02,0.98,0.99,0.01,0.01,77475.66,1776827913000
1776827915.343,215.343,0.01,0.02,0.98,0.99,0.01,0.01,77479.08,1776827914000
1776827915.744,215.744,0.01,0.02,0.98,0.99,0.01,0.01,77479.08,1776827914000
1776827916.276,216.276,0.01,0.02,0.98,0.99,0.01,0.01,77479.08,1776827914000
1776827916.66,216.66,0.01,0.02,0.98,0.99,0.01,0.01,77481.65,1776827915000
1776827917.23,217.23,0.01,0.02,0.98,0.99,0.01,0.01,77481.87,1776827916000
1776827917.691,217.691,0.01,0.02,0.98,0.99,0.01,0.01,77481.87,1776827916000
1776827918.102,218.102,0.01,0.02,0.98,0.99,0.01,0.01,77481.87,1776827916000
1776827918.591,218.591,0.01,0.02,0.98,0.99,0.01,0.01,77475.29,1776827917000
1776827918.973,218.973,0.01,0.02,0.98,0.99,0.01,0.01,77475.29,1776827917000
1776827919.442,219.442,0.01,0.02,0.98,0.99,0.01,0.01,77469.18,1776827918000
1776827919.805,219.805,0.01,0.02,0.98,0.99,0.01,0.01,77469.18,1776827918000
1776827920.442,220.442,0.01,0.02,0.98,0.99,0.01,0.01,77469.16,1776827919000
1776827920.809,220.809,0.01,0.02,0.98,0.99,0.01,0.01,77469.16,1776827919000
1776827921.184,221.184,0.01,0.02,0.98,0.99,0.01,0.01,77470.49,1776827920000
1776827921.54,221.54,0.01,0.02,0.98,0.99,0.01,0.01,77470.49,1776827920000
1776827921.887,221.887,0.01,0.02,0.98,0.99,0.01,0.01,77470.49,1776827920000
1776827922.235,222.235,0.01,0.02,0.98,0.99,0.01,0.01,77471.44,1776827921000
1776827922.611,222.611,0.01,0.02,0.98,0.99,0.01,0.01,77471.44,1776827921000
1776827923.131,223.131,0.01,0.02,0.98,0.99,0.01,0.01,77471.44,1776827921000
1776827923.516,223.516,0.01,0.02,0.98,0.99,0.01,0.01,77471.47,1776827922000
1776827924.326,224.326,0.01,0.02,0.98,0.99,0.01,0.01,77470.25,1776827923000
1776827924.665,224.665,0.01,0.02,0.98,0.99,0.01,0.01,77470.25,1776827923000
1776827925.223,225.223,0.01,0.02,0.98,0.99,0.01,0.01,77462.37,1776827924000
1776827925.725,225.725,0.01,0.02,0.98,0.99,0.01,0.01,77462.37,1776827924000
1776827926.061,226.061,0.01,0.02,0.98,0.99,0.01,0.01,77462.37,1776827924000
1776827926.395,226.395,0.01,0.02,0.98,0.99,0.01,0.01,77463.91,1776827925000
1776827926.816,226.816,0.01,0.02,0.98,0.99,0.01,0.01,77463.91,1776827925000
1776827927.283,227.283,0.01,0.02,0.98,0.99,0.01,0.01,77464.5,1776827926000
1776827927.621,227.621,0.01,0.02,0.98,0.99,0.01,0.01,77464.5,1776827926000
1776827928.306,228.306,0.01,0.02,0.98,0.99,0.01,0.01,77465.06,1776827927000
1776827928.65,228.65,0.01,0.02,0.98,0.99,0.01,0.01,77465.06,1776827927000
1776827928.993,228.993,0.01,0.02,0.98,0.99,0.01,0.01,77465.06,1776827927000
1776827929.38,229.38,0.01,0.02,0.98,0.99,0.01,0.01,77465.06,1776827927000
1776827929.763,229.763,0.01,0.02,0.98,0.99,0.01,0.01,77465.06,1776827928000
1776827930.286,230.286,0.01,0.01,0.99,0.99,0.0,0.0,77462.84,1776827929000
1776827930.619,230.619,0.01,0.01,0.99,0.99,0.0,0.0,77462.84,1776827929000
1776827931.275,231.275,0.01,0.01,0.99,0.99,0.0,0.0,77462.84,1776827929000
1776827931.661,231.661,0.01,0.01,0.99,0.99,0.0,0.0,77462.84,1776827929000
1776827931.999,231.999,0.01,0.01,0.99,0.99,0.0,0.0,77460.33,1776827930000
1776827932.357,232.357,0.01,0.01,0.99,0.99,0.0,0.0,77457.16,1776827931000
1776827932.855,232.855,0.01,0.01,0.99,0.99,0.0,0.0,77457.16,1776827931000
1776827933.22,233.22,0.01,0.01,0.99,0.99,0.0,0.0,77455.53,1776827932000
1776827934.061,234.061,0.01,0.01,0.99,0.99,0.0,0.0,77455.53,1776827932000
1776827934.677,234.677,0.01,0.01,0.99,0.99,0.0,0.0,77457.42,1776827933000
1776827935.064,235.064,0.01,0.01,0.99,0.99,0.0,0.0,77457.42,1776827933000
1776827935.498,235.498,0.01,0.01,0.99,0.99,0.0,0.0,77460.65,1776827934000
1776827936.159,236.159,0.01,0.01,0.99,0.99,0.0,0.0,77461.48,1776827935000
1776827936.503,236.503,0.01,0.01,0.99,0.99,0.0,0.0,77461.48,1776827935000
1776827937.297,237.297,0.01,0.01,0.99,0.99,0.0,0.0,77463.62,1776827936000
1776827937.654,237.654,0.01,0.01,0.99,0.99,0.0,0.0,77463.62,1776827936000
1776827938.174,238.174,0.01,0.01,0.99,0.99,0.0,0.0,77465.49,1776827937000
1776827938.715,238.715,0.01,0.01,0.99,0.99,0.0,0.0,77465.49,1776827937000
1776827939.142,239.142,0.01,0.01,0.99,0.99,0.0,0.0,77465.49,1776827937000
1776827940.056,240.056,0.01,0.01,0.99,0.99,0.0,0.0,77465.0,1776827938000
1776827940.944,240.944,0.01,0.01,0.99,0.99,0.0,0.0,77465.05,1776827939000
1776827941.294,241.294,0.01,0.01,0.99,0.99,0.0,0.0,77465.97,1776827940000
1776827942.229,242.229,0.01,0.01,0.99,0.99,0.0,0.0,77466.14,1776827941000
1776827942.689,242.689,0.01,0.01,0.99,0.99,0.0,0.0,77466.14,1776827941000
1776827943.158,243.158,0.01,0.01,0.99,0.99,0.0,0.0,77463.34,1776827942000
1776827944.346,244.346,0.01,0.01,0.99,0.99,0.0,0.0,77463.34,1776827942000
1776827944.737,244.737,0.01,0.01,0.99,0.99,0.0,0.0,77463.63,1776827943000
1776827945.256,245.256,0.01,0.01,0.99,0.99,0.0,0.0,77463.6,1776827944000
1776827946.274,246.274,0.01,0.01,0.99,0.99,0.0,0.0,77458.27,1776827945000
1776827947.259,247.259,0.01,0.01,0.99,0.99,0.0,0.0,77449.23,1776827946000
1776827948.397,248.397,0.01,0.01,0.99,0.99,0.0,0.0,77446.05,1776827947000
1776827949.602,249.602,0.01,0.01,0.99,0.99,0.0,0.0,77440.48,1776827948000
1776827950.07,250.07,0.01,0.01,0.99,0.99,0.0,0.0,77442.43,1776827949000
1776827950.465,250.465,0.01,0.01,0.99,0.99,0.0,0.0,77442.43,1776827949000
1776827951.11,251.11,0.01,0.01,0.99,0.99,0.0,0.0,77445.55,1776827950000
1776827952.272,252.272,0.01,0.01,0.99,0.99,0.0,0.0,77446.86,1776827951000
1776827953.332,253.332,0.01,0.01,0.99,0.99,0.0,0.0,77446.84,1776827952000
1776827953.844,253.844,0.01,0.01,0.99,0.99,0.0,0.0,77446.84,1776827953000
1776827954.935,254.935,0.01,0.01,0.99,0.99,0.0,0.0,77446.62,1776827954000
1776827955.948,255.948,0.01,0.01,0.99,0.99,0.0,0.0,77446.54,1776827955000
1776827957.014,257.014,0.01,0.01,0.99,0.99,0.0,0.0,77446.35,1776827956000
1776827958.351,258.351,0.01,0.01,0.99,0.99,0.0,0.0,77444.76,1776827957000
1776827958.904,258.904,0.01,0.01,0.99,0.99,0.0,0.0,77441.55,1776827958000
1776827959.99,259.99,0.01,0.01,0.99,0.99,0.0,0.0,77440.01,1776827959000
1776827960.383,260.383,0.01,0.01,0.99,0.99,0.0,0.0,77440.01,1776827959000
1776827961.045,261.045,0.01,0.01,0.99,0.99,0.0,0.0,77438.82,1776827960000
1776827962.104,262.104,0.01,0.01,0.99,0.99,0.0,0.0,77436.43,1776827961000
1776827963.017,263.017,0.01,0.01,0.99,0.99,0.0,0.0,77436.43,1776827961000
1776827963.636,263.636,0.01,0.01,0.99,0.99,0.0,0.0,77438.52,1776827962000
1776827964.277,264.277,0.01,0.01,0.99,0.99,0.0,0.0,77438.52,1776827963000
1776827965.244,265.244,0.01,0.01,0.99,0.99,0.0,0.0,77439.27,1776827964000
1776827966.365,266.365,0.01,0.01,0.99,0.99,0.0,0.0,77438.53,1776827965000
1776827967.364,267.364,0.01,0.01,0.99,0.99,0.0,0.0,77438.1,1776827966000
1776827968.313,268.313,0.01,0.01,0.99,0.99,0.0,0.0,77437.96,1776827967000
1776827968.807,268.807,0.01,0.01,0.99,0.99,0.0,0.0,77437.87,1776827968000
1776827969.837,269.837,0.01,0.01,0.99,0.99,0.0,0.0,77437.27,1776827969000
1776827970.948,270.948,0.01,0.01,0.99,0.99,0.0,0.0,77435.95,1776827970000
1776827971.492,271.492,0.01,0.01,0.99,0.99,0.0,0.0,77435.95,1776827970000
1776827972.241,272.241,0.01,0.01,0.99,0.99,0.0,0.0,77438.35,1776827971000
1776827973.178,273.178,0.01,0.01,0.99,0.99,0.0,0.0,77445.67,1776827972000
1776827974.173,274.173,0.01,0.01,0.99,0.99,0.0,0.0,77452.95,1776827973000
1776827975.18,275.18,0.01,0.01,0.99,0.99,0.0,0.0,77453.74,1776827974000
1776827976.26,276.26,0.01,0.01,0.99,0.99,0.0,0.0,77450.49,1776827975000
1776827977.214,277.214,0.01,0.01,0.99,0.99,0.0,0.0,77448.08,1776827976000
1776827978.306,278.306,0.01,0.01,0.99,0.99,0.0,0.0,77449.94,1776827977000
1776827979.346,279.346,0.01,0.01,0.99,0.99,0.0,0.0,77453.24,1776827978000
1776827979.878,279.878,0.01,0.01,0.99,0.99,0.0,0.0,77453.24,1776827979000
1776827980.655,280.655,0.01,0.01,0.99,0.99,0.0,0.0,77453.24,1776827979000
1776827981.905,281.905,0.01,0.01,0.99,0.99,0.0,0.0,77454.3,1776827981000
1776827982.31,282.31,0.01,0.01,0.99,0.99,0.0,0.0,77454.3,1776827981000
1776827982.88,282.88,0.01,0.01,0.99,0.99,0.0,0.0,77454.3,1776827981000
1776827984.012,284.012,0.01,0.01,0.99,0.99,0.0,0.0,77452.74,1776827983000
1776827985.618,285.618,0.01,0.01,0.99,0.99,0.0,0.0,77452.74,1776827983000
1776827986.467,286.467,0.01,0.01,0.99,0.99,0.0,0.0,77440.32,1776827985000
1776827987.022,287.022,0.01,0.01,0.99,0.99,0.0,0.0,77440.64,1776827986000
1776827988.466,288.466,0.01,0.01,0.99,0.99,0.0,0.0,77446.4,1776827987000
1776827988.958,288.958,0.01,0.01,0.99,0.99,0.0,0.0,77447.76,1776827988000
1776827990.366,290.366,0.01,0.01,0.99,0.99,0.0,0.0,77447.76,1776827988000
1776827991.138,291.138,0.01,0.01,0.99,0.99,0.0,0.0,77445.89,1776827990000
1776827991.653,291.653,0.01,0.01,0.99,0.99,0.0,0.0,77445.89,1776827990000
1776827992.427,292.427,0.01,0.01,0.99,0.99,0.0,0.0,77445.24,1776827991000
1776827992.961,292.961,0.01,0.01,0.99,0.99,0.0,0.0,77445.24,1776827991000
1776827994.335,294.335,0.01,0.01,0.99,0.99,0.0,0.0,77447.1,1776827993000
1776827994.905,294.905,0.01,0.01,0.99,0.99,0.0,0.0,77446.86,1776827994000
1776827995.325,295.325,0.001,0.002,0.997,0.999,0.001,0.002,77446.86,1776827994000
1776827996.22,296.22,0.001,0.001,0.999,0.999,0.0,0.0,77447.16,1776827995000
1776827996.577,296.577,0.001,0.001,0.999,0.999,0.0,0.0,77447.16,1776827995000
1776827997.626,297.626,0.001,0.001,0.999,0.999,0.0,0.0,77445.66,1776827996000
1776827998.402,298.402,0.001,0.001,0.999,0.999,0.0,0.0,77445.76,1776827997000

# RESULT,winner=Down,slug=btc-updown-5m-1776827700,ticks=562
