timestamp,elapsed_sec,up_bid,up_ask,down_bid,down_ask,up_spread,down_spread,btc_price,btc_oracle_ts
1776906600.539,0.539,0.51,0.52,0.48,0.49,0.01,0.01,78373.39,1776906599000
1776906600.891,0.891,0.51,0.52,0.48,0.49,0.01,0.01,78373.39,1776906599000
1776906601.329,1.329,0.51,0.52,0.48,0.49,0.01,0.01,78373.39,1776906599000
1776906601.907,1.907,0.51,0.52,0.48,0.49,0.01,0.01,78373.43,1776906600000
1776906602.321,2.321,0.51,0.52,0.48,0.49,0.01,0.01,78373.4,1776906601000
1776906602.769,2.769,0.51,0.52,0.48,0.49,0.01,0.01,78373.4,1776906601000
1776906603.243,3.243,0.51,0.52,0.48,0.49,0.01,0.01,78373.33,1776906602000
1776906603.664,3.664,0.5,0.51,0.49,0.5,0.01,0.01,78373.33,1776906602000
1776906604.031,4.031,0.5,0.51,0.49,0.5,0.01,0.01,78373.33,1776906602000
1776906604.617,4.617,0.49,0.51,0.49,0.5,0.02,0.01,78373.33,1776906602000
1776906605.188,5.188,0.49,0.51,0.49,0.51,0.02,0.02,78372.98,1776906603000
1776906605.698,5.698,0.49,0.5,0.5,0.51,0.01,0.01,78372.98,1776906603000
1776906606.037,6.037,0.49,0.5,0.5,0.51,0.01,0.01,78372.88,1776906604000
1776906606.409,6.409,0.49,0.5,0.5,0.51,0.01,0.01,78372.73,1776906605000
1776906606.964,6.964,0.49,0.5,0.5,0.51,0.01,0.01,78372.73,1776906605000
1776906607.328,7.328,0.49,0.5,0.5,0.51,0.01,0.01,78372.86,1776906606000
1776906607.77,7.77,0.49,0.5,0.5,0.51,0.01,0.01,78372.86,1776906606000
1776906608.239,8.239,0.49,0.5,0.5,0.51,0.01,0.01,78372.86,1776906606000
1776906608.727,8.727,0.49,0.5,0.5,0.51,0.01,0.01,78372.72,1776906607000
1776906609.354,9.354,0.48,0.49,0.51,0.52,0.01,0.01,78372.03,1776906608000
1776906610.058,10.058,0.48,0.49,0.51,0.52,0.01,0.01,78372.03,1776906608000
1776906610.391,10.391,0.46,0.47,0.53,0.54,0.01,0.01,78372.03,1776906608000
1776906610.733,10.733,0.45,0.46,0.54,0.55,0.01,0.01,78371.06,1776906609000
1776906611.093,11.093,0.45,0.46,0.54,0.55,0.01,0.01,78371.06,1776906610000
1776906611.606,11.606,0.45,0.46,0.54,0.55,0.01,0.01,78371.06,1776906610000
1776906612.081,12.081,0.45,0.46,0.54,0.55,0.01,0.01,78370.72,1776906611000
1776906612.423,12.423,0.45,0.46,0.54,0.55,0.01,0.01,78370.72,1776906611000
1776906612.92,12.92,0.45,0.46,0.54,0.55,0.01,0.01,78365.64,1776906612000
1776906613.356,13.356,0.45,0.46,0.54,0.55,0.01,0.01,78365.64,1776906612000
1776906613.824,13.824,0.45,0.46,0.54,0.55,0.01,0.01,78365.64,1776906612000
1776906614.608,14.608,0.45,0.46,0.54,0.55,0.01,0.01,78361.88,1776906613000
1776906615.041,15.041,0.45,0.46,0.54,0.55,0.01,0.01,78361.3,1776906614000
1776906615.587,15.587,0.44,0.45,0.54,0.55,0.01,0.01,78361.3,1776906614000
1776906615.933,15.933,0.44,0.45,0.55,0.56,0.01,0.01,78361.43,1776906615000
1776906616.321,16.321,0.44,0.45,0.55,0.56,0.01,0.01,78361.43,1776906615000
1776906617.402,17.402,0.44,0.45,0.55,0.56,0.01,0.01,78361.43,1776906615000
1776906617.807,17.807,0.44,0.45,0.55,0.56,0.01,0.01,78361.42,1776906616000
1776906618.785,18.785,0.44,0.45,0.55,0.56,0.01,0.01,78361.42,1776906616000
1776906619.161,19.161,0.45,0.46,0.54,0.55,0.01,0.01,78361.42,1776906617000
1776906619.562,19.562,0.46,0.47,0.53,0.54,0.01,0.01,78361.42,1776906617000
1776906619.9,19.9,0.46,0.47,0.53,0.54,0.01,0.01,78362.25,1776906618000
1776906620.242,20.242,0.46,0.47,0.53,0.54,0.01,0.01,78362.25,1776906618000
1776906620.626,20.626,0.47,0.48,0.52,0.53,0.01,0.01,78362.25,1776906619000
1776906621.025,21.025,0.5,0.51,0.49,0.5,0.01,0.01,78362.25,1776906619000
1776906621.658,21.658,0.5,0.51,0.49,0.5,0.01,0.01,78362.25,1776906619000
1776906622.31,22.31,0.5,0.51,0.49,0.5,0.01,0.01,78368.03,1776906621000
1776906622.715,22.715,0.5,0.51,0.49,0.5,0.01,0.01,78368.03,1776906621000
1776906623.064,23.064,0.51,0.52,0.47,0.5,0.01,0.03,78368.03,1776906621000
1776906623.449,23.449,0.52,0.53,0.47,0.48,0.01,0.01,78368.03,1776906621000
1776906623.981,23.981,0.52,0.53,0.47,0.48,0.01,0.01,78372.53,1776906622000
1776906624.318,24.318,0.55,0.56,0.44,0.45,0.01,0.01,78373.08,1776906623000
1776906624.706,24.706,0.55,0.56,0.44,0.45,0.01,0.01,78373.08,1776906623000
1776906625.131,25.131,0.55,0.56,0.44,0.45,0.01,0.01,78373.08,1776906623000
1776906625.466,25.466,0.55,0.56,0.44,0.45,0.01,0.01,78375.4,1776906624000
1776906625.811,25.811,0.55,0.56,0.44,0.45,0.01,0.01,78375.4,1776906624000
1776906626.234,26.234,0.55,0.56,0.44,0.45,0.01,0.01,78375.4,1776906624000
1776906626.781,26.781,0.55,0.56,0.44,0.45,0.01,0.01,78377.56,1776906625000
1776906627.256,27.256,0.55,0.56,0.44,0.45,0.01,0.01,78377.56,1776906625000
1776906627.767,27.767,0.55,0.56,0.44,0.45,0.01,0.01,78377.56,1776906625000
1776906628.312,28.312,0.55,0.56,0.44,0.45,0.01,0.01,78377.92,1776906626000
1776906628.75,28.75,0.55,0.56,0.44,0.45,0.01,0.01,78377.87,1776906627000
1776906629.181,29.181,0.55,0.56,0.44,0.45,0.01,0.01,78377.84,1776906628000
1776906629.738,29.738,0.53,0.56,0.44,0.45,0.03,0.01,78377.84,1776906628000
1776906630.281,30.281,0.49,0.5,0.5,0.51,0.01,0.01,78377.84,1776906628000
1776906630.687,30.687,0.49,0.5,0.5,0.51,0.01,0.01,78377.84,1776906629000
1776906631.31,31.31,0.48,0.5,0.5,0.52,0.02,0.02,78377.95,1776906630000
1776906631.665,31.665,0.48,0.49,0.51,0.52,0.01,0.01,78377.95,1776906630000
1776906632.053,32.053,0.48,0.49,0.51,0.52,0.01,0.01,78377.95,1776906630000
1776906632.506,32.506,0.48,0.49,0.51,0.52,0.01,0.01,78373.76,1776906631000
1776906633.446,33.446,0.48,0.49,0.51,0.52,0.01,0.01,78372.1,1776906632000
1776906633.779,33.779,0.45,0.49,0.51,0.54,0.04,0.03,78372.1,1776906632000
1776906634.169,34.169,0.43,0.45,0.55,0.57,0.02,0.02,78371.63,1776906633000
1776906634.705,34.705,0.42,0.45,0.55,0.58,0.03,0.03,78371.63,1776906633000
1776906635.142,35.142,0.41,0.42,0.58,0.59,0.01,0.01,78371.63,1776906633000
1776906635.581,35.581,0.41,0.47,0.53,0.59,0.06,0.06,78371.63,1776906633000
1776906636.067,36.067,0.44,0.47,0.53,0.56,0.03,0.03,78363.25,1776906634000
1776906636.442,36.442,0.46,0.47,0.53,0.54,0.01,0.01,78363.25,1776906634000
1776906636.862,36.862,0.45,0.46,0.54,0.55,0.01,0.01,78367.27,1776906635000
1776906637.266,37.266,0.45,0.46,0.54,0.55,0.01,0.01,78367.82,1776906636000
1776906637.626,37.626,0.45,0.46,0.54,0.55,0.01,0.01,78367.82,1776906636000
1776906638.125,38.125,0.45,0.46,0.54,0.55,0.01,0.01,78367.82,1776906636000
1776906638.695,38.695,0.45,0.46,0.54,0.55,0.01,0.01,78369.01,1776906637000
1776906639.061,39.061,0.46,0.47,0.53,0.54,0.01,0.01,78369.01,1776906637000
1776906639.418,39.418,0.52,0.53,0.47,0.48,0.01,0.01,78369.44,1776906638000
1776906639.804,39.804,0.52,0.53,0.47,0.48,0.01,0.01,78369.44,1776906638000
1776906640.142,40.142,0.52,0.53,0.47,0.48,0.01,0.01,78369.44,1776906638000
1776906640.994,40.994,0.52,0.53,0.47,0.48,0.01,0.01,78374.08,1776906640000
1776906641.349,41.349,0.52,0.53,0.47,0.48,0.01,0.01,78374.08,1776906640000
1776906642.028,42.028,0.52,0.53,0.47,0.48,0.01,0.01,78376.35,1776906641000
1776906642.508,42.508,0.52,0.53,0.47,0.48,0.01,0.01,78376.35,1776906641000
1776906642.921,42.921,0.52,0.53,0.47,0.48,0.01,0.01,78376.35,1776906641000
1776906643.372,43.372,0.52,0.55,0.45,0.48,0.03,0.03,78383.69,1776906642000
1776906644.426,44.426,0.54,0.55,0.45,0.46,0.01,0.01,78386.48,1776906643000
1776906644.773,44.773,0.54,0.55,0.45,0.46,0.01,0.01,78386.48,1776906643000
1776906645.205,45.205,0.54,0.55,0.45,0.46,0.01,0.01,78386.48,1776906643000
1776906645.735,45.735,0.54,0.55,0.45,0.46,0.01,0.01,78386.48,1776906644000
1776906646.352,46.352,0.54,0.55,0.45,0.46,0.01,0.01,78386.48,1776906644000
1776906646.733,46.733,0.54,0.55,0.45,0.46,0.01,0.01,78386.48,1776906645000
1776906647.423,47.423,0.54,0.55,0.45,0.46,0.01,0.01,78386.48,1776906646000
1776906647.808,47.808,0.54,0.55,0.45,0.46,0.01,0.01,78386.48,1776906646000
1776906648.185,48.185,0.54,0.55,0.45,0.46,0.01,0.01,78386.49,1776906647000
1776906648.731,48.731,0.54,0.55,0.45,0.46,0.01,0.01,78386.49,1776906647000
1776906649.133,49.133,0.54,0.55,0.45,0.46,0.01,0.01,78386.49,1776906647000
1776906650.249,50.249,0.54,0.55,0.45,0.46,0.01,0.01,78386.65,1776906649000
1776906650.582,50.582,0.5,0.51,0.49,0.5,0.01,0.01,78386.65,1776906649000
1776906650.944,50.944,0.48,0.52,0.48,0.52,0.04,0.04,78386.65,1776906650000
1776906651.851,51.851,0.49,0.51,0.48,0.52,0.02,0.04,78386.65,1776906650000
1776906652.303,52.303,0.49,0.51,0.49,0.51,0.02,0.02,78380.16,1776906651000
1776906652.731,52.731,0.49,0.51,0.49,0.52,0.02,0.03,78380.16,1776906651000
1776906653.188,53.188,0.49,0.5,0.5,0.51,0.01,0.01,78379.26,1776906652000
1776906653.522,53.522,0.49,0.5,0.5,0.51,0.01,0.01,78379.26,1776906652000
1776906654.246,54.246,0.49,0.5,0.5,0.51,0.01,0.01,78379.72,1776906653000
1776906654.704,54.704,0.48,0.5,0.5,0.52,0.02,0.02,78379.72,1776906653000
1776906655.325,55.325,0.48,0.49,0.51,0.52,0.01,0.01,78379.38,1776906654000
1776906655.705,55.705,0.48,0.49,0.51,0.52,0.01,0.01,78379.38,1776906654000
1776906656.43,56.43,0.47,0.48,0.51,0.53,0.01,0.02,78379.38,1776906654000
1776906656.871,56.871,0.47,0.48,0.52,0.53,0.01,0.01,78377.69,1776906655000
1776906657.213,57.213,0.46,0.47,0.53,0.54,0.01,0.01,78377.45,1776906656000
1776906657.56,57.56,0.42,0.47,0.53,0.55,0.05,0.02,78377.45,1776906656000
1776906657.903,57.903,0.39,0.4,0.58,0.59,0.01,0.01,78377.45,1776906656000
1776906658.281,58.281,0.38,0.39,0.61,0.62,0.01,0.01,78376.78,1776906657000
1776906658.626,58.626,0.38,0.39,0.61,0.62,0.01,0.01,78376.78,1776906657000
1776906658.984,58.984,0.38,0.39,0.61,0.62,0.01,0.01,78376.78,1776906657000
1776906659.319,59.319,0.38,0.39,0.61,0.62,0.01,0.01,78364.28,1776906658000
1776906659.683,59.683,0.38,0.39,0.61,0.62,0.01,0.01,78364.28,1776906658000
1776906660.519,60.519,0.38,0.39,0.61,0.62,0.01,0.01,78353.45,1776906659000
1776906661.038,61.038,0.38,0.39,0.61,0.62,0.01,0.01,78353.35,1776906660000
1776906661.636,61.636,0.38,0.39,0.61,0.62,0.01,0.01,78353.35,1776906660000
1776906662.088,62.088,0.38,0.39,0.61,0.62,0.01,0.01,78353.35,1776906660000
1776906662.652,62.652,0.38,0.39,0.61,0.62,0.01,0.01,78354.72,1776906661000
1776906663.095,63.095,0.33,0.34,0.66,0.67,0.01,0.01,78354.72,1776906661000
1776906663.429,63.429,0.33,0.34,0.66,0.67,0.01,0.01,78355.42,1776906662000
1776906663.932,63.932,0.33,0.34,0.66,0.67,0.01,0.01,78355.42,1776906662000
1776906664.287,64.287,0.33,0.34,0.66,0.67,0.01,0.01,78355.42,1776906662000
1776906664.763,64.763,0.33,0.34,0.66,0.67,0.01,0.01,78348.58,1776906663000
1776906665.112,65.112,0.33,0.34,0.66,0.67,0.01,0.01,78348.58,1776906663000
1776906665.577,65.577,0.33,0.34,0.66,0.67,0.01,0.01,78347.58,1776906664000
1776906666.054,66.054,0.33,0.34,0.66,0.67,0.01,0.01,78347.58,1776906664000
1776906666.398,66.398,0.33,0.34,0.66,0.67,0.01,0.01,78347.58,1776906664000
1776906666.755,66.755,0.33,0.34,0.66,0.67,0.01,0.01,78346.91,1776906665000
1776906667.134,67.134,0.33,0.34,0.66,0.67,0.01,0.01,78346.91,1776906665000
1776906667.631,67.631,0.31,0.34,0.66,0.67,0.03,0.01,78347.11,1776906666000
1776906668.008,68.008,0.31,0.32,0.68,0.69,0.01,0.01,78347.11,1776906666000
1776906668.459,68.459,0.31,0.32,0.68,0.69,0.01,0.01,78347.37,1776906667000
1776906668.796,68.796,0.3,0.31,0.69,0.7,0.01,0.01,78347.37,1776906667000
1776906669.388,69.388,0.3,0.31,0.69,0.7,0.01,0.01,78346.37,1776906668000
1776906670.187,70.187,0.3,0.31,0.69,0.7,0.01,0.01,78346.37,1776906668000
1776906670.54,70.54,0.3,0.31,0.69,0.7,0.01,0.01,78341.61,1776906669000
1776906670.978,70.978,0.3,0.31,0.69,0.7,0.01,0.01,78341.61,1776906669000
1776906671.403,71.403,0.3,0.31,0.69,0.7,0.01,0.01,78338.79,1776906670000
1776906671.807,71.807,0.28,0.31,0.68,0.7,0.03,0.02,78338.79,1776906670000
1776906672.185,72.185,0.28,0.31,0.69,0.72,0.03,0.03,78335.16,1776906671000
1776906672.702,72.702,0.28,0.31,0.69,0.71,0.03,0.02,78335.16,1776906671000
1776906673.072,73.072,0.26,0.27,0.73,0.74,0.01,0.01,78335.16,1776906671000
1776906673.433,73.433,0.24,0.27,0.73,0.76,0.03,0.03,78323.66,1776906672000
1776906673.771,73.771,0.22,0.27,0.73,0.78,0.05,0.05,78323.66,1776906672000
1776906674.113,74.113,0.25,0.27,0.74,0.75,0.02,0.01,78323.66,1776906672000
1776906674.474,74.474,0.25,0.26,0.74,0.75,0.01,0.01,78319.53,1776906673000
1776906674.81,74.81,0.25,0.26,0.74,0.75,0.01,0.01,78319.53,1776906673000
1776906675.154,75.154,0.25,0.26,0.74,0.75,0.01,0.01,78319.53,1776906673000
1776906675.521,75.521,0.24,0.26,0.74,0.75,0.02,0.01,78319.53,1776906673000
1776906675.898,75.898,0.24,0.25,0.75,0.76,0.01,0.01,78322.86,1776906674000
1776906676.232,76.232,0.23,0.24,0.76,0.77,0.01,0.01,78322.86,1776906674000
1776906676.752,76.752,0.21,0.22,0.78,0.79,0.01,0.01,78321.73,1776906675000
1776906677.091,77.091,0.21,0.22,0.78,0.79,0.01,0.01,78321.73,1776906675000
1776906677.603,77.603,0.21,0.22,0.78,0.79,0.01,0.01,78319.36,1776906676000
1776906677.963,77.963,0.21,0.22,0.78,0.79,0.01,0.01,78319.36,1776906676000
1776906678.322,78.322,0.21,0.22,0.78,0.79,0.01,0.01,78318.25,1776906677000
1776906678.754,78.754,0.21,0.22,0.78,0.79,0.01,0.01,78318.25,1776906677000
1776906679.236,79.236,0.25,0.26,0.78,0.79,0.01,0.01,78318.25,1776906677000
1776906679.685,79.685,0.25,0.26,0.74,0.75,0.01,0.01,78315.13,1776906678000
1776906680.019,80.019,0.25,0.26,0.74,0.75,0.01,0.01,78315.13,1776906678000
1776906680.634,80.634,0.25,0.26,0.74,0.75,0.01,0.01,78311.28,1776906679000
1776906680.993,80.993,0.25,0.26,0.74,0.75,0.01,0.01,78311.28,1776906679000
1776906681.433,81.433,0.25,0.26,0.74,0.75,0.01,0.01,78311.28,1776906680000
1776906682.184,82.184,0.25,0.26,0.74,0.75,0.01,0.01,78311.28,1776906680000
1776906682.637,82.637,0.24,0.25,0.75,0.76,0.01,0.01,78314.99,1776906681000
1776906682.998,82.998,0.24,0.25,0.75,0.76,0.01,0.01,78314.99,1776906681000
1776906683.444,83.444,0.24,0.25,0.75,0.76,0.01,0.01,78314.99,1776906681000
1776906683.801,83.801,0.24,0.25,0.75,0.76,0.01,0.01,78315.18,1776906682000
1776906684.476,84.476,0.24,0.25,0.75,0.76,0.01,0.01,78315.18,1776906682000
1776906684.877,84.877,0.24,0.26,0.74,0.76,0.02,0.02,78315.76,1776906683000
1776906685.216,85.216,0.22,0.23,0.77,0.78,0.01,0.01,78315.76,1776906683000
1776906685.616,85.616,0.22,0.23,0.77,0.78,0.01,0.01,78315.73,1776906684000
1776906685.95,85.95,0.22,0.23,0.77,0.78,0.01,0.01,78315.73,1776906684000
1776906686.509,86.509,0.22,0.23,0.77,0.78,0.01,0.01,78315.79,1776906685000
1776906686.947,86.947,0.22,0.23,0.77,0.78,0.01,0.01,78315.79,1776906685000
1776906687.297,87.297,0.22,0.23,0.77,0.78,0.01,0.01,78315.79,1776906685000
1776906688.247,88.247,0.22,0.23,0.77,0.78,0.01,0.01,78314.43,1776906687000
1776906689.189,89.189,0.22,0.23,0.77,0.78,0.01,0.01,78314.43,1776906687000
1776906689.625,89.625,0.22,0.23,0.77,0.78,0.01,0.01,78313.81,1776906688000
1776906689.975,89.975,0.19,0.2,0.8,0.81,0.01,0.01,78313.81,1776906688000
1776906690.318,90.318,0.16,0.17,0.83,0.84,0.01,0.01,78313.81,1776906688000
1776906690.671,90.671,0.16,0.17,0.83,0.84,0.01,0.01,78309.17,1776906689000
1776906691.098,91.098,0.16,0.17,0.83,0.84,0.01,0.01,78306.44,1776906690000
1776906691.492,91.492,0.15,0.16,0.84,0.85,0.01,0.01,78306.44,1776906690000
1776906691.876,91.876,0.13,0.14,0.85,0.88,0.01,0.03,78306.44,1776906690000
1776906692.219,92.219,0.13,0.14,0.86,0.87,0.01,0.01,78306.44,1776906690000
1776906692.575,92.575,0.13,0.14,0.86,0.87,0.01,0.01,78297.25,1776906691000
1776906692.971,92.971,0.13,0.14,0.86,0.87,0.01,0.01,78297.25,1776906691000
1776906693.311,93.311,0.13,0.14,0.86,0.87,0.01,0.01,78297.25,1776906691000
1776906693.654,93.654,0.13,0.14,0.86,0.87,0.01,0.01,78297.25,1776906691000
1776906694.041,94.041,0.13,0.14,0.86,0.87,0.01,0.01,78279.82,1776906692000
1776906694.41,94.41,0.13,0.14,0.86,0.87,0.01,0.01,78276.54,1776906693000
1776906694.874,94.874,0.12,0.13,0.86,0.87,0.01,0.01,78276.54,1776906693000
1776906695.209,95.209,0.12,0.13,0.87,0.88,0.01,0.01,78276.54,1776906693000
1776906695.553,95.553,0.12,0.13,0.87,0.88,0.01,0.01,78277.01,1776906694000
1776906695.931,95.931,0.15,0.16,0.84,0.85,0.01,0.01,78277.01,1776906694000
1776906696.289,96.289,0.14,0.15,0.85,0.86,0.01,0.01,78277.01,1776906694000
1776906696.636,96.636,0.13,0.14,0.85,0.86,0.01,0.01,78277.01,1776906694000
1776906696.981,96.981,0.13,0.14,0.86,0.87,0.01,0.01,78277.25,1776906695000
1776906697.417,97.417,0.12,0.13,0.86,0.87,0.01,0.01,78277.25,1776906695000
1776906697.798,97.798,0.12,0.13,0.87,0.88,0.01,0.01,78279.78,1776906696000
1776906698.244,98.244,0.12,0.13,0.87,0.88,0.01,0.01,78279.78,1776906696000
1776906698.89,98.89,0.12,0.13,0.87,0.88,0.01,0.01,78279.78,1776906697000
1776906699.441,99.441,0.12,0.13,0.87,0.88,0.01,0.01,78278.99,1776906698000
1776906699.835,99.835,0.12,0.13,0.87,0.88,0.01,0.01,78278.99,1776906698000
1776906700.187,100.187,0.12,0.13,0.87,0.88,0.01,0.01,78278.99,1776906698000
1776906700.597,100.597,0.13,0.14,0.86,0.87,0.01,0.01,78278.99,1776906698000
1776906701.052,101.052,0.13,0.14,0.86,0.87,0.01,0.01,78273.45,1776906699000
1776906701.406,101.406,0.11,0.13,0.87,0.89,0.02,0.02,78273.45,1776906699000
1776906702.014,102.014,0.11,0.12,0.88,0.89,0.01,0.01,78272.95,1776906700000
1776906702.504,102.504,0.11,0.12,0.88,0.89,0.01,0.01,78272.95,1776906700000
1776906703.291,103.291,0.11,0.12,0.88,0.89,0.01,0.01,78269.63,1776906702000
1776906703.659,103.659,0.11,0.13,0.87,0.89,0.02,0.02,78269.63,1776906702000
1776906704.075,104.075,0.11,0.12,0.88,0.89,0.01,0.01,78269.63,1776906702000
1776906705.087,105.087,0.11,0.12,0.88,0.89,0.01,0.01,78270.34,1776906703000
1776906705.495,105.495,0.11,0.12,0.88,0.89,0.01,0.01,78270.34,1776906703000
1776906706.496,106.496,0.11,0.12,0.88,0.89,0.01,0.01,78272.08,1776906704000
1776906706.837,106.837,0.11,0.13,0.87,0.89,0.02,0.02,78273.25,1776906705000
1776906707.465,107.465,0.11,0.12,0.88,0.89,0.01,0.01,78273.52,1776906706000
1776906707.8,107.8,0.11,0.12,0.88,0.89,0.01,0.01,78273.52,1776906706000
1776906708.15,108.15,0.1,0.12,0.88,0.9,0.02,0.02,78273.7,1776906707000
1776906708.708,108.708,0.1,0.11,0.88,0.9,0.01,0.02,78273.7,1776906707000
1776906709.05,109.05,0.1,0.11,0.89,0.9,0.01,0.01,78273.7,1776906707000
1776906709.513,109.513,0.1,0.11,0.89,0.9,0.01,0.01,78273.7,1776906707000
1776906709.978,109.978,0.1,0.11,0.89,0.9,0.01,0.01,78273.18,1776906708000
1776906710.345,110.345,0.1,0.11,0.89,0.9,0.01,0.01,78273.18,1776906708000
1776906710.732,110.732,0.1,0.11,0.89,0.9,0.01,0.01,78269.86,1776906709000
1776906711.115,111.115,0.1,0.11,0.89,0.9,0.01,0.01,78269.86,1776906710000
1776906711.476,111.476,0.1,0.11,0.89,0.9,0.01,0.01,78269.86,1776906710000
1776906711.817,111.817,0.1,0.11,0.89,0.9,0.01,0.01,78269.86,1776906710000
1776906712.326,112.326,0.1,0.11,0.89,0.9,0.01,0.01,78269.86,1776906710000
1776906712.723,112.723,0.1,0.11,0.89,0.9,0.01,0.01,78269.86,1776906710000
1776906713.067,113.067,0.1,0.11,0.89,0.9,0.01,0.01,78268.25,1776906711000
1776906713.597,113.597,0.1,0.11,0.89,0.9,0.01,0.01,78269.99,1776906712000
1776906714.242,114.242,0.1,0.11,0.89,0.9,0.01,0.01,78269.99,1776906712000
1776906714.986,114.986,0.1,0.11,0.89,0.9,0.01,0.01,78268.18,1776906713000
1776906715.401,115.401,0.1,0.11,0.89,0.9,0.01,0.01,78268.18,1776906713000
1776906715.844,115.844,0.1,0.11,0.89,0.9,0.01,0.01,78270.93,1776906714000
1776906716.256,116.256,0.1,0.11,0.89,0.9,0.01,0.01,78270.93,1776906714000
1776906716.721,116.721,0.09,0.1,0.89,0.9,0.01,0.01,78270.93,1776906714000
1776906717.067,117.067,0.09,0.1,0.9,0.91,0.01,0.01,78275.0,1776906715000
1776906717.444,117.444,0.09,0.1,0.9,0.91,0.01,0.01,78275.0,1776906715000
1776906717.975,117.975,0.09,0.1,0.9,0.91,0.01,0.01,78271.23,1776906716000
1776906718.323,118.323,0.09,0.1,0.9,0.91,0.01,0.01,78271.44,1776906717000
1776906718.72,118.72,0.09,0.1,0.9,0.91,0.01,0.01,78271.44,1776906717000
1776906719.064,119.064,0.11,0.12,0.88,0.91,0.01,0.03,78271.44,1776906717000
1776906719.412,119.412,0.11,0.12,0.88,0.89,0.01,0.01,78272.03,1776906718000
1776906719.785,119.785,0.11,0.12,0.88,0.89,0.01,0.01,78272.03,1776906718000
1776906720.125,120.125,0.11,0.12,0.88,0.89,0.01,0.01,78272.03,1776906718000
1776906720.705,120.705,0.11,0.12,0.88,0.89,0.01,0.01,78274.28,1776906719000
1776906721.038,121.038,0.11,0.12,0.88,0.89,0.01,0.01,78274.28,1776906719000
1776906721.414,121.414,0.14,0.18,0.82,0.86,0.04,0.04,78274.85,1776906720000
1776906721.8,121.8,0.17,0.18,0.82,0.83,0.01,0.01,78274.85,1776906720000
1776906722.268,122.268,0.17,0.18,0.82,0.83,0.01,0.01,78276.34,1776906721000
1776906722.613,122.613,0.17,0.18,0.82,0.83,0.01,0.01,78276.34,1776906721000
1776906723.027,123.027,0.17,0.18,0.82,0.83,0.01,0.01,78276.34,1776906721000
1776906723.422,123.422,0.17,0.18,0.82,0.83,0.01,0.01,78276.34,1776906721000
1776906723.986,123.986,0.17,0.18,0.82,0.83,0.01,0.01,78301.46,1776906722000
1776906724.563,124.563,0.17,0.18,0.82,0.83,0.01,0.01,78301.46,1776906722000
1776906724.897,124.897,0.17,0.18,0.82,0.83,0.01,0.01,78297.11,1776906723000
1776906725.248,125.248,0.13,0.17,0.83,0.87,0.04,0.04,78291.18,1776906724000
1776906725.59,125.59,0.16,0.17,0.83,0.84,0.01,0.01,78291.18,1776906724000
1776906726.392,126.392,0.16,0.17,0.83,0.84,0.01,0.01,78290.85,1776906725000
1776906726.726,126.726,0.17,0.18,0.82,0.83,0.01,0.01,78290.85,1776906725000
1776906727.136,127.136,0.17,0.19,0.82,0.83,0.02,0.01,78290.85,1776906725000
1776906727.533,127.533,0.18,0.19,0.81,0.83,0.01,0.02,78290.85,1776906725000
1776906727.9,127.9,0.18,0.19,0.81,0.82,0.01,0.01,78291.4,1776906726000
1776906728.293,128.293,0.18,0.19,0.81,0.82,0.01,0.01,78291.4,1776906726000
1776906728.734,128.734,0.18,0.19,0.81,0.82,0.01,0.01,78295.26,1776906727000
1776906729.164,129.164,0.18,0.19,0.81,0.82,0.01,0.01,78295.26,1776906727000
1776906729.826,129.826,0.18,0.19,0.81,0.82,0.01,0.01,78295.26,1776906727000
1776906730.175,130.175,0.21,0.22,0.78,0.82,0.01,0.04,78300.34,1776906728000
1776906730.513,130.513,0.21,0.22,0.78,0.79,0.01,0.01,78300.34,1776906728000
1776906730.861,130.861,0.21,0.22,0.78,0.79,0.01,0.01,78301.62,1776906729000
1776906731.221,131.221,0.21,0.22,0.78,0.79,0.01,0.01,78301.62,1776906729000
1776906731.67,131.67,0.21,0.22,0.78,0.79,0.01,0.01,78301.62,1776906729000
1776906732.287,132.287,0.21,0.22,0.78,0.79,0.01,0.01,78309.85,1776906730000
1776906732.856,132.856,0.21,0.22,0.78,0.79,0.01,0.01,78313.12,1776906731000
1776906733.394,133.394,0.21,0.22,0.78,0.79,0.01,0.01,78313.12,1776906731000
1776906733.939,133.939,0.21,0.22,0.78,0.79,0.01,0.01,78313.12,1776906731000
1776906734.678,134.678,0.21,0.22,0.78,0.79,0.01,0.01,78316.54,1776906732000
1776906735.086,135.086,0.21,0.22,0.78,0.79,0.01,0.01,78316.61,1776906733000
1776906735.449,135.449,0.2,0.21,0.79,0.8,0.01,0.01,78316.61,1776906734000
1776906735.977,135.977,0.2,0.21,0.79,0.8,0.01,0.01,78316.61,1776906734000
1776906736.508,136.508,0.2,0.21,0.79,0.8,0.01,0.01,78316.31,1776906735000
1776906737.448,137.448,0.19,0.2,0.79,0.8,0.01,0.01,78316.31,1776906735000
1776906737.823,137.823,0.19,0.2,0.8,0.81,0.01,0.01,78315.27,1776906736000
1776906738.393,138.393,0.19,0.2,0.8,0.81,0.01,0.01,78314.22,1776906737000
1776906738.785,138.785,0.19,0.2,0.8,0.81,0.01,0.01,78314.22,1776906737000
1776906739.139,139.139,0.16,0.18,0.82,0.84,0.02,0.02,78313.67,1776906738000
1776906739.588,139.588,0.16,0.17,0.83,0.84,0.01,0.01,78313.67,1776906738000
1776906739.963,139.963,0.16,0.17,0.83,0.84,0.01,0.01,78313.67,1776906738000
1776906740.552,140.552,0.16,0.17,0.83,0.84,0.01,0.01,78313.14,1776906739000
1776906741.214,141.214,0.16,0.17,0.83,0.84,0.01,0.01,78307.94,1776906740000
1776906742.542,142.542,0.16,0.17,0.83,0.84,0.01,0.01,78303.08,1776906741000
1776906743.13,143.13,0.16,0.17,0.83,0.84,0.01,0.01,78292.65,1776906742000
1776906743.67,143.67,0.15,0.17,0.83,0.84,0.02,0.01,78292.65,1776906742000
1776906744.038,144.038,0.13,0.17,0.83,0.85,0.04,0.02,78292.65,1776906742000
1776906744.638,144.638,0.12,0.14,0.86,0.88,0.02,0.02,78293.47,1776906743000
1776906744.971,144.971,0.12,0.14,0.86,0.88,0.02,0.02,78293.47,1776906743000
1776906745.425,145.425,0.13,0.14,0.86,0.87,0.01,0.01,78293.89,1776906744000
1776906745.761,145.761,0.13,0.14,0.86,0.87,0.01,0.01,78293.89,1776906744000
1776906746.135,146.135,0.13,0.14,0.86,0.87,0.01,0.01,78293.89,1776906744000
1776906746.528,146.528,0.13,0.14,0.86,0.87,0.01,0.01,78297.35,1776906745000
1776906747.212,147.212,0.13,0.14,0.86,0.87,0.01,0.01,78297.35,1776906746000
1776906747.919,147.919,0.13,0.14,0.86,0.87,0.01,0.01,78297.35,1776906746000
1776906748.417,148.417,0.13,0.16,0.84,0.87,0.03,0.03,78297.36,1776906747000
1776906749.006,149.006,0.13,0.16,0.84,0.87,0.03,0.03,78296.53,1776906748000
1776906749.872,149.872,0.15,0.16,0.84,0.87,0.01,0.03,78296.53,1776906748000
1776906750.268,150.268,0.15,0.16,0.84,0.85,0.01,0.01,78296.53,1776906749000
1776906751.311,151.311,0.15,0.16,0.84,0.85,0.01,0.01,78298.54,1776906750000
1776906751.733,151.733,0.14,0.16,0.84,0.85,0.02,0.01,78298.54,1776906750000
1776906752.068,152.068,0.15,0.16,0.84,0.85,0.01,0.01,78298.54,1776906750000
1776906752.495,152.495,0.15,0.17,0.83,0.85,0.02,0.02,78299.72,1776906751000
1776906752.884,152.884,0.15,0.17,0.83,0.85,0.02,0.02,78299.72,1776906751000
1776906753.285,153.285,0.15,0.16,0.84,0.85,0.01,0.01,78299.72,1776906751000
1776906753.755,153.755,0.15,0.16,0.84,0.86,0.01,0.02,78300.04,1776906752000
1776906754.238,154.238,0.14,0.15,0.85,0.86,0.01,0.01,78300.04,1776906752000
1776906754.605,154.605,0.12,0.13,0.87,0.88,0.01,0.01,78300.02,1776906753000
1776906755.132,155.132,0.12,0.13,0.87,0.88,0.01,0.01,78300.02,1776906753000
1776906755.876,155.876,0.12,0.13,0.87,0.88,0.01,0.01,78295.34,1776906754000
1776906756.215,156.215,0.11,0.13,0.87,0.88,0.02,0.01,78295.34,1776906754000
1776906756.569,156.569,0.11,0.12,0.87,0.89,0.01,0.02,78295.34,1776906754000
1776906757.047,157.047,0.11,0.12,0.88,0.89,0.01,0.01,78290.71,1776906756000
1776906758.042,158.042,0.11,0.12,0.88,0.89,0.01,0.01,78290.71,1776906756000
1776906759.277,159.277,0.11,0.12,0.88,0.89,0.01,0.01,78288.39,1776906758000
1776906759.907,159.907,0.11,0.12,0.88,0.89,0.01,0.01,78288.39,1776906758000
1776906760.351,160.351,0.11,0.12,0.88,0.89,0.01,0.01,78288.39,1776906758000
1776906760.868,160.868,0.11,0.12,0.88,0.89,0.01,0.01,78288.18,1776906759000
1776906761.272,161.272,0.11,0.12,0.88,0.89,0.01,0.01,78286.73,1776906760000
1776906762.064,162.064,0.11,0.12,0.88,0.89,0.01,0.01,78286.73,1776906760000
1776906762.77,162.77,0.11,0.12,0.88,0.89,0.01,0.01,78286.45,1776906761000
1776906763.208,163.208,0.11,0.12,0.88,0.89,0.01,0.01,78285.97,1776906762000
1776906763.561,163.561,0.11,0.12,0.88,0.89,0.01,0.01,78285.97,1776906762000
1776906763.97,163.97,0.11,0.12,0.88,0.89,0.01,0.01,78285.97,1776906762000
1776906764.318,164.318,0.11,0.12,0.88,0.89,0.01,0.01,78288.23,1776906763000
1776906764.928,164.928,0.11,0.12,0.88,0.89,0.01,0.01,78288.23,1776906763000
1776906765.316,165.316,0.11,0.12,0.88,0.89,0.01,0.01,78288.23,1776906763000
1776906765.663,165.663,0.11,0.12,0.88,0.89,0.01,0.01,78288.23,1776906763000
1776906766.118,166.118,0.11,0.12,0.88,0.89,0.01,0.01,78285.95,1776906764000
1776906766.454,166.454,0.1,0.11,0.89,0.9,0.01,0.01,78285.95,1776906764000
1776906767.156,167.156,0.1,0.11,0.89,0.9,0.01,0.01,78285.91,1776906766000
1776906767.59,167.59,0.1,0.11,0.89,0.9,0.01,0.01,78285.91,1776906766000
1776906768.185,168.185,0.1,0.11,0.89,0.9,0.01,0.01,78285.87,1776906767000
1776906769.168,169.168,0.1,0.11,0.89,0.9,0.01,0.01,78285.93,1776906768000
1776906769.531,169.531,0.1,0.11,0.89,0.9,0.01,0.01,78285.93,1776906768000
1776906770.078,170.078,0.1,0.11,0.89,0.9,0.01,0.01,78287.41,1776906769000
1776906770.498,170.498,0.07,0.08,0.9,0.93,0.01,0.03,78287.41,1776906769000
1776906771.047,171.047,0.07,0.08,0.92,0.93,0.01,0.01,78285.01,1776906770000
1776906771.477,171.477,0.07,0.08,0.92,0.93,0.01,0.01,78285.01,1776906770000
1776906772.069,172.069,0.07,0.08,0.92,0.93,0.01,0.01,78285.01,1776906770000
1776906772.409,172.409,0.07,0.08,0.92,0.93,0.01,0.01,78281.99,1776906771000
1776906772.788,172.788,0.07,0.08,0.92,0.93,0.01,0.01,78281.99,1776906771000
1776906773.32,173.32,0.07,0.08,0.92,0.93,0.01,0.01,78280.38,1776906772000
1776906773.933,173.933,0.07,0.08,0.92,0.93,0.01,0.01,78280.38,1776906772000
1776906774.333,174.333,0.07,0.08,0.92,0.93,0.01,0.01,78279.95,1776906773000
1776906774.932,174.932,0.07,0.08,0.92,0.93,0.01,0.01,78279.06,1776906774000
1776906775.36,175.36,0.07,0.08,0.92,0.93,0.01,0.01,78279.06,1776906774000
1776906775.936,175.936,0.07,0.08,0.92,0.93,0.01,0.01,78279.12,1776906775000
1776906776.389,176.389,0.07,0.08,0.92,0.93,0.01,0.01,78279.12,1776906775000
1776906776.736,176.736,0.07,0.08,0.92,0.93,0.01,0.01,78279.12,1776906775000
1776906777.946,177.946,0.07,0.08,0.92,0.93,0.01,0.01,78278.96,1776906777000
1776906778.373,178.373,0.06,0.07,0.93,0.94,0.01,0.01,78278.96,1776906777000
1776906778.993,178.993,0.06,0.08,0.92,0.94,0.02,0.02,78278.96,1776906777000
1776906779.401,179.401,0.06,0.07,0.93,0.94,0.01,0.01,78278.31,1776906778000
1776906779.818,179.818,0.06,0.07,0.93,0.94,0.01,0.01,78278.31,1776906778000
1776906780.317,180.317,0.06,0.07,0.93,0.94,0.01,0.01,78276.9,1776906779000
1776906780.657,180.657,0.06,0.07,0.93,0.94,0.01,0.01,78276.9,1776906779000
1776906781.224,181.224,0.05,0.06,0.93,0.94,0.01,0.01,78276.9,1776906779000
1776906781.65,181.65,0.05,0.06,0.94,0.95,0.01,0.01,78276.2,1776906780000
1776906781.992,181.992,0.05,0.06,0.94,0.95,0.01,0.01,78276.2,1776906780000
1776906782.512,182.512,0.05,0.06,0.94,0.95,0.01,0.01,78275.51,1776906781000
1776906782.855,182.855,0.05,0.06,0.94,0.95,0.01,0.01,78275.51,1776906781000
1776906783.238,183.238,0.05,0.06,0.94,0.95,0.01,0.01,78273.17,1776906782000
1776906783.672,183.672,0.05,0.06,0.94,0.95,0.01,0.01,78273.17,1776906782000
1776906784.205,184.205,0.05,0.06,0.94,0.95,0.01,0.01,78271.63,1776906783000
1776906784.68,184.68,0.05,0.06,0.94,0.95,0.01,0.01,78271.63,1776906783000
1776906785.527,185.527,0.05,0.06,0.94,0.95,0.01,0.01,78266.03,1776906784000
1776906786.028,186.028,0.05,0.06,0.94,0.95,0.01,0.01,78266.03,1776906785000
1776906786.526,186.526,0.04,0.05,0.94,0.95,0.01,0.01,78266.03,1776906785000
1776906787.033,187.033,0.04,0.05,0.95,0.96,0.01,0.01,78266.03,1776906785000
1776906787.423,187.423,0.04,0.05,0.95,0.96,0.01,0.01,78265.68,1776906786000
1776906787.762,187.762,0.04,0.05,0.95,0.96,0.01,0.01,78265.68,1776906786000
1776906788.153,188.153,0.04,0.05,0.95,0.96,0.01,0.01,78265.68,1776906786000
1776906788.512,188.512,0.04,0.05,0.95,0.96,0.01,0.01,78270.97,1776906787000
1776906788.907,188.907,0.04,0.05,0.95,0.96,0.01,0.01,78270.97,1776906787000
1776906789.429,189.429,0.04,0.05,0.95,0.96,0.01,0.01,78274.19,1776906788000
1776906789.805,189.805,0.04,0.05,0.95,0.96,0.01,0.01,78274.19,1776906788000
1776906790.138,190.138,0.06,0.07,0.93,0.94,0.01,0.01,78274.19,1776906788000
1776906790.664,190.664,0.06,0.07,0.93,0.94,0.01,0.01,78275.16,1776906789000
1776906791.092,191.092,0.06,0.07,0.93,0.94,0.01,0.01,78277.97,1776906790000
1776906791.619,191.619,0.06,0.07,0.93,0.94,0.01,0.01,78277.97,1776906790000
1776906791.994,191.994,0.06,0.07,0.93,0.94,0.01,0.01,78285.9,1776906791000
1776906792.422,192.422,0.06,0.07,0.93,0.94,0.01,0.01,78285.9,1776906791000
1776906792.835,192.835,0.06,0.07,0.93,0.94,0.01,0.01,78285.9,1776906791000
1776906793.714,193.714,0.06,0.07,0.93,0.94,0.01,0.01,78288.0,1776906792000
1776906794.849,194.849,0.06,0.07,0.93,0.94,0.01,0.01,78288.29,1776906794000
1776906795.631,195.631,0.06,0.07,0.93,0.94,0.01,0.01,78288.29,1776906794000
1776906796.246,196.246,0.06,0.07,0.93,0.94,0.01,0.01,78288.29,1776906795000
1776906796.595,196.595,0.06,0.07,0.93,0.94,0.01,0.01,78288.29,1776906795000
1776906796.996,196.996,0.06,0.07,0.93,0.94,0.01,0.01,78288.6,1776906796000
1776906797.43,197.43,0.06,0.07,0.93,0.94,0.01,0.01,78288.6,1776906796000
1776906797.784,197.784,0.06,0.07,0.93,0.94,0.01,0.01,78288.6,1776906796000
1776906798.153,198.153,0.06,0.07,0.93,0.94,0.01,0.01,78289.75,1776906797000
1776906798.995,198.995,0.06,0.07,0.93,0.94,0.01,0.01,78289.4,1776906798000
1776906799.542,199.542,0.06,0.07,0.93,0.94,0.01,0.01,78289.4,1776906798000
1776906799.883,199.883,0.06,0.07,0.93,0.94,0.01,0.01,78289.78,1776906799000
1776906800.414,200.414,0.06,0.07,0.93,0.94,0.01,0.01,78289.78,1776906799000
1776906800.755,200.755,0.06,0.07,0.93,0.94,0.01,0.01,78289.78,1776906799000
1776906801.529,201.529,0.06,0.07,0.93,0.94,0.01,0.01,78289.78,1776906800000
1776906801.876,201.876,0.06,0.07,0.93,0.94,0.01,0.01,78289.78,1776906801000
1776906802.428,202.428,0.06,0.07,0.93,0.94,0.01,0.01,78289.78,1776906801000
1776906802.957,202.957,0.06,0.07,0.93,0.94,0.01,0.01,78289.72,1776906802000
1776906803.352,203.352,0.06,0.07,0.93,0.94,0.01,0.01,78289.72,1776906802000
1776906803.732,203.732,0.06,0.07,0.93,0.94,0.01,0.01,78289.72,1776906802000
1776906804.14,204.14,0.06,0.07,0.93,0.94,0.01,0.01,78289.73,1776906803000
1776906804.691,204.691,0.07,0.08,0.92,0.93,0.01,0.01,78289.73,1776906803000
1776906805.066,205.066,0.07,0.08,0.92,0.93,0.01,0.01,78289.73,1776906804000
1776906805.404,205.404,0.07,0.08,0.92,0.93,0.01,0.01,78289.73,1776906804000
1776906805.83,205.83,0.05,0.06,0.94,0.95,0.01,0.01,78289.73,1776906804000
1776906806.404,206.404,0.05,0.06,0.94,0.95,0.01,0.01,78291.57,1776906805000
1776906807.163,207.163,0.05,0.06,0.94,0.95,0.01,0.01,78291.57,1776906805000
1776906807.949,207.949,0.05,0.06,0.94,0.95,0.01,0.01,78286.04,1776906807000
1776906808.351,208.351,0.05,0.06,0.94,0.95,0.01,0.01,78286.04,1776906807000
1776906808.75,208.75,0.05,0.06,0.94,0.95,0.01,0.01,78286.04,1776906807000
1776906809.216,209.216,0.05,0.06,0.94,0.95,0.01,0.01,78283.65,1776906808000
1776906809.934,209.934,0.05,0.06,0.94,0.95,0.01,0.01,78283.01,1776906809000
1776906810.328,210.328,0.05,0.06,0.94,0.95,0.01,0.01,78283.01,1776906809000
1776906810.691,210.691,0.05,0.06,0.94,0.95,0.01,0.01,78283.01,1776906809000
1776906811.594,211.594,0.05,0.06,0.94,0.95,0.01,0.01,78281.48,1776906810000
1776906811.935,211.935,0.05,0.06,0.94,0.95,0.01,0.01,78283.03,1776906811000
1776906812.474,212.474,0.05,0.06,0.94,0.95,0.01,0.01,78283.03,1776906811000
1776906812.863,212.863,0.05,0.06,0.94,0.95,0.01,0.01,78283.03,1776906811000
1776906813.258,213.258,0.04,0.05,0.94,0.96,0.01,0.02,78283.01,1776906812000
1776906813.956,213.956,0.04,0.05,0.95,0.96,0.01,0.01,78283.01,1776906813000
1776906814.573,214.573,0.04,0.05,0.95,0.96,0.01,0.01,78283.01,1776906813000
1776906814.944,214.944,0.03,0.04,0.95,0.97,0.01,0.02,78283.01,1776906813000
1776906815.509,215.509,0.03,0.04,0.96,0.97,0.01,0.01,78277.6,1776906814000
1776906816.035,216.035,0.03,0.04,0.96,0.97,0.01,0.01,78275.98,1776906815000
1776906816.5,216.5,0.03,0.04,0.96,0.97,0.01,0.01,78275.98,1776906815000
1776906816.977,216.977,0.03,0.04,0.96,0.97,0.01,0.01,78275.98,1776906815000
1776906817.363,217.363,0.03,0.04,0.96,0.97,0.01,0.01,78275.99,1776906816000
1776906817.874,217.874,0.02,0.03,0.96,0.98,0.01,0.02,78275.99,1776906816000
1776906818.242,218.242,0.02,0.03,0.97,0.98,0.01,0.01,78275.99,1776906817000
1776906818.606,218.606,0.02,0.03,0.97,0.98,0.01,0.01,78275.99,1776906817000
1776906819.153,219.153,0.02,0.03,0.97,0.98,0.01,0.01,78275.99,1776906817000
1776906819.659,219.659,0.02,0.03,0.97,0.98,0.01,0.01,78272.47,1776906818000
1776906820.025,220.025,0.02,0.03,0.97,0.98,0.01,0.01,78272.47,1776906818000
1776906820.44,220.44,0.02,0.03,0.97,0.98,0.01,0.01,78272.47,1776906819000
1776906820.908,220.908,0.02,0.03,0.97,0.98,0.01,0.01,78272.47,1776906819000
1776906821.248,221.248,0.02,0.03,0.97,0.98,0.01,0.01,78272.47,1776906819000
1776906821.645,221.645,0.03,0.04,0.96,0.98,0.01,0.02,78271.47,1776906820000
1776906822.004,222.004,0.02,0.03,0.97,0.98,0.01,0.01,78271.47,1776906820000
1776906822.912,222.912,0.02,0.03,0.96,0.98,0.01,0.02,78275.35,1776906821000
1776906823.443,223.443,0.02,0.03,0.97,0.98,0.01,0.01,78278.77,1776906822000
1776906823.777,223.777,0.02,0.03,0.97,0.98,0.01,0.01,78278.77,1776906822000
1776906824.142,224.142,0.02,0.03,0.97,0.98,0.01,0.01,78278.77,1776906822000
1776906824.573,224.573,0.02,0.03,0.97,0.98,0.01,0.01,78278.75,1776906823000
1776906824.96,224.96,0.02,0.03,0.97,0.98,0.01,0.01,78278.75,1776906823000
1776906825.685,225.685,0.02,0.03,0.97,0.98,0.01,0.01,78274.33,1776906824000
1776906826.161,226.161,0.01,0.02,0.97,0.99,0.01,0.02,78274.33,1776906824000
1776906826.514,226.514,0.01,0.02,0.98,0.99,0.01,0.01,78272.98,1776906825000
1776906826.991,226.991,0.01,0.02,0.98,0.99,0.01,0.01,78270.7,1776906826000
1776906827.353,227.353,0.01,0.02,0.98,0.99,0.01,0.01,78270.7,1776906826000
1776906827.72,227.72,0.01,0.02,0.98,0.99,0.01,0.01,78270.7,1776906826000
1776906828.208,228.208,0.01,0.02,0.98,0.99,0.01,0.01,78270.32,1776906827000
1776906828.982,228.982,0.01,0.02,0.98,0.99,0.01,0.01,78270.73,1776906828000
1776906829.47,229.47,0.01,0.02,0.98,0.99,0.01,0.01,78270.73,1776906828000
1776906829.903,229.903,0.01,0.02,0.98,0.99,0.01,0.01,78270.73,1776906828000
1776906830.413,230.413,0.01,0.02,0.98,0.99,0.01,0.01,78270.23,1776906829000
1776906831.181,231.181,0.01,0.02,0.98,0.99,0.01,0.01,78270.18,1776906830000
1776906831.693,231.693,0.01,0.02,0.98,0.99,0.01,0.01,78270.18,1776906830000
1776906832.265,232.265,0.01,0.02,0.98,0.99,0.01,0.01,78270.52,1776906831000
1776906832.821,232.821,0.01,0.02,0.98,0.99,0.01,0.01,78270.52,1776906831000
1776906833.59,233.59,0.01,0.02,0.98,0.99,0.01,0.01,78270.72,1776906832000
1776906834.221,234.221,0.01,0.02,0.98,0.99,0.01,0.01,78272.94,1776906833000
1776906834.704,234.704,0.01,0.02,0.98,0.99,0.01,0.01,78272.94,1776906833000
1776906835.4,235.4,0.01,0.02,0.98,0.99,0.01,0.01,78273.19,1776906834000
1776906835.996,235.996,0.01,0.02,0.98,0.99,0.01,0.01,78273.19,1776906834000
1776906836.978,236.978,0.01,0.02,0.98,0.99,0.01,0.01,78275.25,1776906835000
1776906837.378,237.378,0.01,0.02,0.98,0.99,0.01,0.01,78274.18,1776906836000
1776906837.72,237.72,0.01,0.02,0.98,0.99,0.01,0.01,78274.18,1776906836000
1776906838.264,238.264,0.01,0.02,0.98,0.99,0.01,0.01,78274.18,1776906836000
1776906839.375,239.375,0.01,0.02,0.98,0.99,0.01,0.01,78270.26,1776906837000
1776906839.764,239.764,0.01,0.02,0.98,0.99,0.01,0.01,78269.16,1776906838000
1776906840.266,240.266,0.01,0.02,0.98,0.99,0.01,0.01,78268.16,1776906839000
1776906840.684,240.684,0.01,0.02,0.98,0.99,0.01,0.01,78268.16,1776906839000
1776906841.132,241.132,0.01,0.02,0.98,0.99,0.01,0.01,78268.16,1776906839000
1776906841.751,241.751,0.01,0.02,0.98,0.99,0.01,0.01,78267.99,1776906840000
1776906842.092,242.092,0.01,0.02,0.98,0.99,0.01,0.01,78268.8,1776906841000
1776906842.516,242.516,0.01,0.02,0.98,0.99,0.01,0.01,78268.8,1776906841000
1776906842.906,242.906,0.01,0.02,0.98,0.99,0.01,0.01,78268.8,1776906841000
1776906843.38,243.38,0.01,0.02,0.98,0.99,0.01,0.01,78269.91,1776906842000
1776906843.805,243.805,0.01,0.02,0.98,0.99,0.01,0.01,78269.91,1776906842000
1776906844.156,244.156,0.01,0.02,0.98,0.99,0.01,0.01,78270.61,1776906843000
1776906844.575,244.575,0.01,0.02,0.98,0.99,0.01,0.01,78270.61,1776906843000
1776906845.138,245.138,0.01,0.02,0.98,0.99,0.01,0.01,78270.61,1776906843000
1776906846.144,246.144,0.01,0.02,0.98,0.99,0.01,0.01,78271.07,1776906844000
1776906846.486,246.486,0.01,0.02,0.98,0.99,0.01,0.01,78270.89,1776906845000
1776906847.012,247.012,0.01,0.02,0.98,0.99,0.01,0.01,78270.89,1776906845000
1776906847.513,247.513,0.01,0.02,0.98,0.99,0.01,0.01,78270.89,1776906846000
1776906848.13,248.13,0.01,0.02,0.98,0.99,0.01,0.01,78270.89,1776906846000
1776906848.467,248.467,0.01,0.02,0.98,0.99,0.01,0.01,78270.89,1776906846000
1776906848.808,248.808,0.01,0.02,0.98,0.99,0.01,0.01,78271.1,1776906847000
1776906849.309,249.309,0.01,0.02,0.98,0.99,0.01,0.01,78271.1,1776906847000
1776906849.654,249.654,0.01,0.02,0.98,0.99,0.01,0.01,78271.06,1776906848000
1776906850.078,250.078,0.01,0.02,0.98,0.99,0.01,0.01,78270.96,1776906849000
1776906850.511,250.511,0.01,0.02,0.98,0.99,0.01,0.01,78270.96,1776906849000
1776906851.063,251.063,0.01,0.02,0.98,0.99,0.01,0.01,78270.96,1776906849000
1776906851.691,251.691,0.01,0.02,0.98,0.99,0.01,0.01,78270.98,1776906850000
1776906852.024,252.024,0.01,0.02,0.98,0.99,0.01,0.01,78270.98,1776906850000
1776906852.426,252.426,0.01,0.01,0.99,0.99,0.0,0.0,78270.98,1776906850000
1776906852.773,252.773,0.01,0.01,0.99,0.99,0.0,0.0,78271.12,1776906851000
1776906853.246,253.246,0.01,0.01,0.99,0.99,0.0,0.0,78271.12,1776906851000
1776906853.611,253.611,0.01,0.01,0.99,0.99,0.0,0.0,78271.12,1776906852000
1776906854.081,254.081,0.01,0.01,0.99,0.99,0.0,0.0,78271.12,1776906852000
1776906856.07,256.07,0.01,0.01,0.99,0.99,0.0,0.0,78271.08,1776906853000
1776906856.527,256.527,0.01,0.01,0.99,0.99,0.0,0.0,78270.28,1776906855000
1776906856.908,256.908,0.01,0.01,0.99,0.99,0.0,0.0,78270.28,1776906855000
1776906857.243,257.243,0.01,0.01,0.99,0.99,0.0,0.0,78270.09,1776906856000
1776906857.766,257.766,0.01,0.01,0.99,0.99,0.0,0.0,78270.09,1776906856000
1776906858.269,258.269,0.01,0.01,0.99,0.99,0.0,0.0,78270.09,1776906856000
1776906858.802,258.802,0.01,0.01,0.99,0.99,0.0,0.0,78270.09,1776906856000
1776906859.508,259.508,0.01,0.01,0.99,0.99,0.0,0.0,78269.65,1776906858000
1776906860.143,260.143,0.01,0.01,0.99,0.99,0.0,0.0,78269.93,1776906859000
1776906861.477,261.477,0.01,0.01,0.99,0.99,0.0,0.0,78272.66,1776906860000
1776906862.145,262.145,0.01,0.01,0.99,0.99,0.0,0.0,78272.66,1776906860000
1776906863.549,263.549,0.01,0.01,0.99,0.99,0.0,0.0,78272.87,1776906862000
1776906864.19,264.19,0.01,0.01,0.99,0.99,0.0,0.0,78272.95,1776906863000
1776906864.66,264.66,0.01,0.01,0.99,0.99,0.0,0.0,78272.95,1776906863000
1776906865.798,265.798,0.01,0.01,0.99,0.99,0.0,0.0,78270.99,1776906864000
1776906866.465,266.465,0.01,0.01,0.99,0.99,0.0,0.0,78271.36,1776906865000
1776906866.908,266.908,0.01,0.01,0.99,0.99,0.0,0.0,78271.36,1776906866000
1776906868.193,268.193,0.01,0.01,0.99,0.99,0.0,0.0,78271.98,1776906867000
1776906869.381,269.381,0.01,0.01,0.99,0.99,0.0,0.0,78271.0,1776906868000
1776906870.075,270.075,0.01,0.01,0.99,0.99,0.0,0.0,78271.0,1776906868000
1776906870.783,270.783,0.01,0.01,0.99,0.99,0.0,0.0,78271.0,1776906868000
1776906871.264,271.264,0.01,0.01,0.99,0.99,0.0,0.0,78270.94,1776906870000
1776906871.73,271.73,0.01,0.01,0.99,0.99,0.0,0.0,78270.94,1776906870000
1776906872.483,272.483,0.01,0.01,0.99,0.99,0.0,0.0,78271.96,1776906871000
1776906873.011,273.011,0.01,0.01,0.99,0.99,0.0,0.0,78271.96,1776906872000
1776906873.942,273.942,0.01,0.01,0.99,0.99,0.0,0.0,78271.96,1776906872000
1776906874.858,274.858,0.01,0.01,0.99,0.99,0.0,0.0,78284.14,1776906873000
1776906875.921,275.921,0.01,0.01,0.99,0.99,0.0,0.0,78291.54,1776906875000
1776906876.404,276.404,0.01,0.01,0.99,0.99,0.0,0.0,78291.54,1776906875000
1776906877.006,277.006,0.01,0.01,0.99,0.99,0.0,0.0,78291.97,1776906876000
1776906878.113,278.113,0.01,0.01,0.99,0.99,0.0,0.0,78293.07,1776906877000
1776906878.748,278.748,0.01,0.01,0.99,0.99,0.0,0.0,78293.07,1776906877000
1776906879.307,279.307,0.01,0.01,0.99,0.99,0.0,0.0,78293.08,1776906878000
1776906880.7,280.7,0.01,0.01,0.99,0.99,0.0,0.0,78293.08,1776906878000
1776906881.541,281.541,0.01,0.01,0.99,0.99,0.0,0.0,78289.87,1776906880000
1776906881.904,281.904,0.01,0.01,0.99,0.99,0.0,0.0,78289.87,1776906881000
1776906882.932,282.932,0.01,0.01,0.99,0.99,0.0,0.0,78291.45,1776906882000
1776906883.938,283.938,0.01,0.01,0.99,0.99,0.0,0.0,78291.56,1776906883000
1776906884.302,284.302,0.01,0.01,0.99,0.99,0.0,0.0,78291.56,1776906883000
1776906884.881,284.881,0.01,0.01,0.99,0.99,0.0,0.0,78291.55,1776906884000
1776906885.97,285.97,0.01,0.01,0.99,0.99,0.0,0.0,78291.59,1776906885000
1776906886.927,286.927,0.01,0.01,0.99,0.99,0.0,0.0,78291.59,1776906886000
1776906887.88,287.88,0.01,0.01,0.99,0.99,0.0,0.0,78290.8,1776906887000
1776906888.91,288.91,0.01,0.01,0.99,0.99,0.0,0.0,78290.8,1776906888000
1776906889.931,289.931,0.01,0.01,0.99,0.99,0.0,0.0,78290.75,1776906889000
1776906890.886,290.886,0.01,0.01,0.99,0.99,0.0,0.0,78290.72,1776906890000
1776906891.985,291.985,0.01,0.01,0.99,0.99,0.0,0.0,78287.24,1776906891000
1776906892.91,292.91,0.01,0.01,0.99,0.99,0.0,0.0,78283.86,1776906892000
1776906894.306,294.306,0.01,0.01,0.99,0.99,0.0,0.0,78283.86,1776906892000
1776906895.484,295.484,0.01,0.01,0.99,0.99,0.0,0.0,78283.86,1776906892000
1776906896.212,296.212,0.01,0.01,0.99,0.99,0.0,0.0,78290.32,1776906895000
1776906898.142,298.142,0.01,0.01,0.99,0.99,0.0,0.0,78290.32,1776906895000
1776906899.092,299.092,0.01,0.01,0.99,0.99,0.0,0.0,78289.9,1776906897000
1776906899.61,299.61,0.01,0.01,0.99,0.99,0.0,0.0,78289.9,1776906898000
1776906900.379,300.379,0.01,0.01,0.99,0.99,0.0,0.0,78289.9,1776906898000
1776906900.811,300.811,0.01,0.01,0.99,0.99,0.0,0.0,78289.95,1776906899000
1776906901.306,301.306,0.01,0.01,0.99,0.99,0.0,0.0,78294.61,1776906900000
1776906902.888,302.888,0.01,0.01,0.99,0.99,0.0,0.0,78296.35,1776906901000

# RESULT,winner=Down,slug=btc-updown-5m-1776906600,ticks=586
