timestamp,elapsed_sec,up_bid,up_ask,down_bid,down_ask,up_spread,down_spread,btc_price,btc_oracle_ts
1776721500.69,0.69,0.52,0.53,0.47,0.48,0.01,0.01,75916.31,1776721499000
1776721501.147,1.147,0.52,0.53,0.47,0.48,0.01,0.01,75916.31,1776721499000
1776721501.686,1.686,0.52,0.53,0.47,0.48,0.01,0.01,75916.27,1776721500000
1776721502.281,2.281,0.52,0.53,0.47,0.48,0.01,0.01,75915.73,1776721501000
1776721502.637,2.637,0.52,0.53,0.47,0.48,0.01,0.01,75915.73,1776721501000
1776721502.983,2.983,0.52,0.53,0.47,0.48,0.01,0.01,75915.73,1776721501000
1776721503.414,3.414,0.51,0.52,0.48,0.49,0.01,0.01,75915.23,1776721502000
1776721503.82,3.82,0.51,0.52,0.48,0.49,0.01,0.01,75915.23,1776721502000
1776721504.318,4.318,0.51,0.53,0.48,0.49,0.02,0.01,75915.23,1776721502000
1776721504.736,4.736,0.52,0.53,0.47,0.49,0.01,0.02,75916.44,1776721503000
1776721505.216,5.216,0.52,0.53,0.47,0.48,0.01,0.01,75916.44,1776721503000
1776721505.789,5.789,0.52,0.53,0.47,0.48,0.01,0.01,75916.53,1776721504000
1776721506.372,6.372,0.52,0.53,0.47,0.48,0.01,0.01,75916.5,1776721505000
1776721506.764,6.764,0.51,0.53,0.47,0.49,0.02,0.02,75916.5,1776721505000
1776721507.244,7.244,0.51,0.52,0.48,0.49,0.01,0.01,75916.5,1776721505000
1776721507.597,7.597,0.51,0.52,0.48,0.49,0.01,0.01,75916.5,1776721505000
1776721507.948,7.948,0.51,0.52,0.48,0.49,0.01,0.01,75916.38,1776721506000
1776721508.364,8.364,0.51,0.52,0.48,0.49,0.01,0.01,75916.38,1776721506000
1776721508.851,8.851,0.51,0.52,0.48,0.49,0.01,0.01,75916.85,1776721507000
1776721509.184,9.184,0.51,0.52,0.48,0.49,0.01,0.01,75916.85,1776721507000
1776721509.529,9.529,0.58,0.61,0.39,0.42,0.03,0.03,75916.85,1776721507000
1776721509.899,9.899,0.6,0.61,0.39,0.4,0.01,0.01,75916.85,1776721507000
1776721510.279,10.279,0.6,0.61,0.39,0.4,0.01,0.01,75917.08,1776721508000
1776721510.653,10.653,0.6,0.61,0.39,0.4,0.01,0.01,75917.08,1776721508000
1776721510.988,10.988,0.6,0.61,0.39,0.4,0.01,0.01,75917.15,1776721509000
1776721511.376,11.376,0.6,0.61,0.39,0.4,0.01,0.01,75917.15,1776721509000
1776721511.715,11.715,0.6,0.61,0.39,0.4,0.01,0.01,75917.35,1776721510000
1776721512.135,12.135,0.6,0.62,0.39,0.4,0.02,0.01,75917.35,1776721510000
1776721512.471,12.471,0.62,0.64,0.36,0.38,0.02,0.02,75917.35,1776721510000
1776721512.811,12.811,0.64,0.65,0.35,0.36,0.01,0.01,75924.36,1776721511000
1776721513.207,13.207,0.64,0.65,0.35,0.36,0.01,0.01,75924.36,1776721511000
1776721513.58,13.58,0.65,0.66,0.34,0.36,0.01,0.02,75924.36,1776721511000
1776721513.917,13.917,0.65,0.66,0.34,0.35,0.01,0.01,75927.6,1776721512000
1776721514.26,14.26,0.65,0.66,0.34,0.35,0.01,0.01,75927.6,1776721512000
1776721514.731,14.731,0.65,0.66,0.34,0.35,0.01,0.01,75927.6,1776721512000
1776721515.133,15.133,0.65,0.66,0.34,0.35,0.01,0.01,75927.6,1776721512000
1776721515.575,15.575,0.65,0.66,0.34,0.35,0.01,0.01,75932.88,1776721513000
1776721516.217,16.217,0.65,0.66,0.34,0.35,0.01,0.01,75932.88,1776721513000
1776721516.686,16.686,0.65,0.66,0.34,0.35,0.01,0.01,75932.94,1776721514000
1776721517.294,17.294,0.65,0.66,0.34,0.35,0.01,0.01,75933.58,1776721515000
1776721517.937,17.937,0.65,0.66,0.34,0.35,0.01,0.01,75933.58,1776721515000
1776721518.341,18.341,0.65,0.66,0.34,0.35,0.01,0.01,75933.79,1776721516000
1776721518.698,18.698,0.65,0.66,0.34,0.35,0.01,0.01,75933.78,1776721517000
1776721519.063,19.063,0.65,0.66,0.34,0.35,0.01,0.01,75933.78,1776721517000
1776721519.451,19.451,0.65,0.66,0.34,0.35,0.01,0.01,75933.78,1776721517000
1776721519.96,19.96,0.65,0.66,0.34,0.35,0.01,0.01,75933.85,1776721518000
1776721520.414,20.414,0.65,0.66,0.34,0.35,0.01,0.01,75933.85,1776721518000
1776721520.888,20.888,0.65,0.66,0.34,0.35,0.01,0.01,75933.94,1776721519000
1776721521.28,21.28,0.65,0.66,0.34,0.35,0.01,0.01,75933.94,1776721519000
1776721521.96,21.96,0.65,0.66,0.34,0.35,0.01,0.01,75933.95,1776721520000
1776721522.38,22.38,0.65,0.66,0.34,0.35,0.01,0.01,75933.94,1776721521000
1776721522.896,22.896,0.65,0.66,0.34,0.35,0.01,0.01,75933.94,1776721521000
1776721523.229,23.229,0.68,0.72,0.3,0.32,0.04,0.02,75933.94,1776721521000
1776721523.571,23.571,0.71,0.72,0.28,0.29,0.01,0.01,75933.94,1776721521000
1776721523.919,23.919,0.71,0.72,0.28,0.29,0.01,0.01,75933.94,1776721522000
1776721524.594,24.594,0.71,0.72,0.28,0.29,0.01,0.01,75936.26,1776721523000
1776721525.103,25.103,0.72,0.73,0.28,0.29,0.01,0.01,75936.26,1776721523000
1776721525.537,25.537,0.72,0.73,0.27,0.28,0.01,0.01,75945.34,1776721524000
1776721525.999,25.999,0.72,0.73,0.27,0.28,0.01,0.01,75945.34,1776721524000
1776721526.497,26.497,0.72,0.73,0.27,0.28,0.01,0.01,75947.78,1776721525000
1776721527.095,27.095,0.72,0.73,0.27,0.28,0.01,0.01,75947.78,1776721525000
1776721527.44,27.44,0.71,0.72,0.28,0.29,0.01,0.01,75948.57,1776721526000
1776721527.832,27.832,0.71,0.72,0.28,0.29,0.01,0.01,75948.57,1776721526000
1776721528.185,28.185,0.71,0.72,0.28,0.29,0.01,0.01,75948.91,1776721527000
1776721528.52,28.52,0.71,0.72,0.28,0.29,0.01,0.01,75948.91,1776721527000
1776721528.998,28.998,0.71,0.72,0.28,0.29,0.01,0.01,75948.91,1776721527000
1776721529.425,29.425,0.71,0.72,0.28,0.29,0.01,0.01,75948.59,1776721528000
1776721529.78,29.78,0.71,0.72,0.28,0.29,0.01,0.01,75948.59,1776721528000
1776721530.193,30.193,0.71,0.72,0.28,0.29,0.01,0.01,75948.59,1776721528000
1776721530.695,30.695,0.71,0.72,0.28,0.29,0.01,0.01,75948.59,1776721529000
1776721531.033,31.033,0.71,0.72,0.28,0.29,0.01,0.01,75948.89,1776721530000
1776721531.385,31.385,0.71,0.72,0.28,0.29,0.01,0.01,75948.89,1776721530000
1776721531.873,31.873,0.71,0.72,0.28,0.29,0.01,0.01,75948.89,1776721530000
1776721532.224,32.224,0.71,0.72,0.28,0.29,0.01,0.01,75948.92,1776721531000
1776721532.606,32.606,0.7,0.73,0.27,0.28,0.03,0.01,75948.92,1776721531000
1776721533.207,33.207,0.71,0.72,0.28,0.3,0.01,0.02,75948.92,1776721531000
1776721533.638,33.638,0.71,0.72,0.28,0.29,0.01,0.01,75949.02,1776721532000
1776721534.015,34.015,0.71,0.72,0.28,0.29,0.01,0.01,75949.02,1776721532000
1776721534.42,34.42,0.72,0.73,0.27,0.28,0.01,0.01,75949.02,1776721532000
1776721534.78,34.78,0.72,0.73,0.27,0.28,0.01,0.01,75949.55,1776721533000
1776721535.242,35.242,0.73,0.75,0.26,0.28,0.02,0.02,75949.6,1776721534000
1776721536.14,36.14,0.74,0.75,0.25,0.26,0.01,0.01,75949.6,1776721534000
1776721536.669,36.669,0.74,0.75,0.25,0.26,0.01,0.01,75949.9,1776721535000
1776721537.014,37.014,0.74,0.75,0.25,0.26,0.01,0.01,75949.9,1776721535000
1776721537.456,37.456,0.74,0.75,0.25,0.26,0.01,0.01,75952.31,1776721536000
1776721537.987,37.987,0.74,0.75,0.25,0.26,0.01,0.01,75952.31,1776721536000
1776721538.469,38.469,0.74,0.75,0.25,0.26,0.01,0.01,75952.31,1776721536000
1776721538.823,38.823,0.74,0.75,0.25,0.26,0.01,0.01,75952.45,1776721537000
1776721539.186,39.186,0.74,0.76,0.25,0.26,0.02,0.01,75952.45,1776721537000
1776721539.576,39.576,0.75,0.76,0.24,0.25,0.01,0.01,75952.55,1776721538000
1776721540.033,40.033,0.75,0.76,0.24,0.25,0.01,0.01,75952.55,1776721538000
1776721540.382,40.382,0.75,0.76,0.24,0.25,0.01,0.01,75952.4,1776721539000
1776721540.973,40.973,0.75,0.76,0.24,0.25,0.01,0.01,75952.61,1776721540000
1776721541.399,41.399,0.75,0.76,0.24,0.25,0.01,0.01,75952.61,1776721540000
1776721542.123,42.123,0.75,0.76,0.24,0.25,0.01,0.01,75952.61,1776721540000
1776721542.457,42.457,0.75,0.76,0.24,0.25,0.01,0.01,75951.62,1776721541000
1776721542.804,42.804,0.75,0.76,0.24,0.25,0.01,0.01,75951.62,1776721541000
1776721543.286,43.286,0.75,0.76,0.24,0.25,0.01,0.01,75954.07,1776721542000
1776721543.621,43.621,0.75,0.76,0.24,0.25,0.01,0.01,75954.07,1776721542000
1776721544.081,44.081,0.75,0.78,0.24,0.25,0.03,0.01,75954.07,1776721542000
1776721544.511,44.511,0.77,0.78,0.22,0.23,0.01,0.01,75954.04,1776721543000
1776721544.889,44.889,0.77,0.78,0.22,0.23,0.01,0.01,75954.04,1776721543000
1776721545.259,45.259,0.77,0.78,0.22,0.23,0.01,0.01,75955.38,1776721544000
1776721545.83,45.83,0.77,0.78,0.22,0.23,0.01,0.01,75955.38,1776721544000
1776721546.305,46.305,0.77,0.78,0.22,0.23,0.01,0.01,75955.34,1776721545000
1776721546.716,46.716,0.77,0.78,0.22,0.23,0.01,0.01,75955.34,1776721545000
1776721547.052,47.052,0.77,0.78,0.22,0.23,0.01,0.01,75955.34,1776721545000
1776721547.481,47.481,0.77,0.78,0.22,0.23,0.01,0.01,75954.75,1776721546000
1776721547.837,47.837,0.77,0.78,0.22,0.23,0.01,0.01,75954.75,1776721546000
1776721548.349,48.349,0.77,0.78,0.22,0.23,0.01,0.01,75957.43,1776721547000
1776721548.831,48.831,0.78,0.79,0.21,0.23,0.01,0.02,75957.43,1776721547000
1776721549.18,49.18,0.78,0.8,0.2,0.22,0.02,0.02,75958.06,1776721548000
1776721549.546,49.546,0.79,0.8,0.2,0.21,0.01,0.01,75958.06,1776721548000
1776721549.898,49.898,0.8,0.81,0.19,0.2,0.01,0.01,75958.06,1776721548000
1776721550.452,50.452,0.81,0.82,0.18,0.2,0.01,0.02,75958.6,1776721549000
1776721550.789,50.789,0.77,0.82,0.18,0.22,0.05,0.04,75958.6,1776721549000
1776721551.211,51.211,0.78,0.79,0.21,0.22,0.01,0.01,75959.53,1776721550000
1776721551.651,51.651,0.77,0.78,0.21,0.23,0.01,0.02,75959.53,1776721550000
1776721552.126,52.126,0.77,0.78,0.22,0.23,0.01,0.01,75966.45,1776721551000
1776721552.464,52.464,0.77,0.78,0.22,0.23,0.01,0.01,75966.45,1776721551000
1776721552.863,52.863,0.77,0.78,0.22,0.23,0.01,0.01,75963.28,1776721552000
1776721553.254,53.254,0.77,0.78,0.22,0.23,0.01,0.01,75963.28,1776721552000
1776721553.65,53.65,0.77,0.78,0.22,0.23,0.01,0.01,75963.28,1776721552000
1776721554.128,54.128,0.77,0.78,0.22,0.23,0.01,0.01,75963.21,1776721553000
1776721554.689,54.689,0.77,0.78,0.22,0.23,0.01,0.01,75963.21,1776721553000
1776721555.216,55.216,0.77,0.78,0.22,0.23,0.01,0.01,75963.2,1776721554000
1776721555.591,55.591,0.77,0.78,0.22,0.23,0.01,0.01,75963.2,1776721554000
1776721555.987,55.987,0.77,0.78,0.22,0.23,0.01,0.01,75963.2,1776721554000
1776721556.391,56.391,0.77,0.78,0.22,0.23,0.01,0.01,75963.2,1776721554000
1776721556.736,56.736,0.77,0.78,0.22,0.23,0.01,0.01,75963.2,1776721554000
1776721557.25,57.25,0.77,0.78,0.22,0.23,0.01,0.01,75963.26,1776721555000
1776721557.697,57.697,0.77,0.78,0.22,0.23,0.01,0.01,75963.22,1776721556000
1776721558.061,58.061,0.77,0.78,0.22,0.23,0.01,0.01,75962.95,1776721557000
1776721558.531,58.531,0.77,0.78,0.22,0.23,0.01,0.01,75962.95,1776721557000
1776721558.933,58.933,0.77,0.78,0.22,0.23,0.01,0.01,75962.95,1776721557000
1776721559.56,59.56,0.77,0.78,0.22,0.23,0.01,0.01,75962.11,1776721558000
1776721559.933,59.933,0.77,0.78,0.22,0.23,0.01,0.01,75962.11,1776721558000
1776721560.3,60.3,0.77,0.78,0.22,0.23,0.01,0.01,75962.11,1776721558000
1776721560.725,60.725,0.78,0.79,0.21,0.22,0.01,0.01,75963.25,1776721559000
1776721561.1,61.1,0.79,0.8,0.2,0.21,0.01,0.01,75963.18,1776721560000
1776721561.622,61.622,0.79,0.8,0.2,0.21,0.01,0.01,75963.18,1776721560000
1776721562.045,62.045,0.79,0.8,0.2,0.21,0.01,0.01,75963.22,1776721561000
1776721562.465,62.465,0.79,0.8,0.2,0.21,0.01,0.01,75963.22,1776721561000
1776721562.863,62.863,0.79,0.8,0.2,0.21,0.01,0.01,75963.22,1776721561000
1776721563.313,63.313,0.79,0.8,0.2,0.21,0.01,0.01,75963.23,1776721562000
1776721563.667,63.667,0.79,0.8,0.2,0.21,0.01,0.01,75963.23,1776721562000
1776721564.134,64.134,0.79,0.8,0.2,0.21,0.01,0.01,75963.23,1776721562000
1776721564.878,64.878,0.79,0.8,0.2,0.21,0.01,0.01,75963.29,1776721563000
1776721565.482,65.482,0.79,0.8,0.2,0.21,0.01,0.01,75963.26,1776721564000
1776721565.931,65.931,0.79,0.8,0.2,0.21,0.01,0.01,75963.26,1776721564000
1776721566.337,66.337,0.78,0.79,0.21,0.22,0.01,0.01,75961.42,1776721565000
1776721566.834,66.834,0.78,0.79,0.21,0.22,0.01,0.01,75961.42,1776721565000
1776721567.248,67.248,0.78,0.79,0.21,0.22,0.01,0.01,75961.42,1776721565000
1776721567.758,67.758,0.71,0.72,0.28,0.29,0.01,0.01,75963.24,1776721566000
1776721568.13,68.13,0.67,0.72,0.28,0.33,0.05,0.05,75963.24,1776721567000
1776721568.465,68.465,0.68,0.69,0.31,0.32,0.01,0.01,75963.24,1776721567000
1776721568.937,68.937,0.68,0.69,0.31,0.32,0.01,0.01,75963.24,1776721567000
1776721569.296,69.296,0.68,0.69,0.31,0.32,0.01,0.01,75959.67,1776721568000
1776721569.667,69.667,0.68,0.69,0.31,0.32,0.01,0.01,75959.67,1776721568000
1776721570.065,70.065,0.68,0.69,0.31,0.32,0.01,0.01,75959.67,1776721568000
1776721570.472,70.472,0.68,0.69,0.31,0.32,0.01,0.01,75950.48,1776721569000
1776721570.916,70.916,0.68,0.69,0.31,0.32,0.01,0.01,75950.48,1776721569000
1776721571.307,71.307,0.68,0.69,0.31,0.32,0.01,0.01,75949.15,1776721570000
1776721571.786,71.786,0.68,0.69,0.31,0.32,0.01,0.01,75949.15,1776721570000
1776721572.185,72.185,0.68,0.69,0.31,0.32,0.01,0.01,75949.15,1776721570000
1776721572.801,72.801,0.68,0.69,0.31,0.32,0.01,0.01,75948.26,1776721571000
1776721573.14,73.14,0.68,0.69,0.31,0.32,0.01,0.01,75947.41,1776721572000
1776721573.474,73.474,0.68,0.69,0.31,0.32,0.01,0.01,75947.41,1776721572000
1776721573.87,73.87,0.68,0.69,0.31,0.32,0.01,0.01,75947.41,1776721572000
1776721574.42,74.42,0.68,0.69,0.31,0.32,0.01,0.01,75947.41,1776721572000
1776721575.035,75.035,0.68,0.69,0.31,0.32,0.01,0.01,75948.01,1776721573000
1776721575.455,75.455,0.68,0.69,0.31,0.32,0.01,0.01,75948.01,1776721574000
1776721575.819,75.819,0.68,0.69,0.31,0.32,0.01,0.01,75948.01,1776721574000
1776721576.43,76.43,0.68,0.69,0.31,0.32,0.01,0.01,75948.14,1776721575000
1776721576.994,76.994,0.68,0.69,0.31,0.32,0.01,0.01,75948.14,1776721575000
1776721577.419,77.419,0.68,0.69,0.31,0.32,0.01,0.01,75948.14,1776721575000
1776721577.757,77.757,0.68,0.69,0.31,0.32,0.01,0.01,75948.26,1776721576000
1776721578.22,78.22,0.68,0.69,0.31,0.32,0.01,0.01,75947.88,1776721577000
1776721578.651,78.651,0.68,0.69,0.31,0.32,0.01,0.01,75947.88,1776721577000
1776721579.069,79.069,0.68,0.69,0.31,0.32,0.01,0.01,75947.88,1776721577000
1776721579.477,79.477,0.68,0.69,0.31,0.32,0.01,0.01,75947.88,1776721577000
1776721579.837,79.837,0.68,0.69,0.31,0.32,0.01,0.01,75947.88,1776721578000
1776721580.286,80.286,0.68,0.69,0.31,0.32,0.01,0.01,75947.12,1776721579000
1776721581.165,81.165,0.68,0.69,0.31,0.32,0.01,0.01,75947.12,1776721579000
1776721581.554,81.554,0.68,0.69,0.31,0.32,0.01,0.01,75947.12,1776721579000
1776721582.007,82.007,0.68,0.69,0.31,0.32,0.01,0.01,75946.51,1776721580000
1776721582.343,82.343,0.68,0.69,0.31,0.32,0.01,0.01,75946.51,1776721581000
1776721583.187,83.187,0.68,0.69,0.31,0.32,0.01,0.01,75946.51,1776721581000
1776721583.734,83.734,0.68,0.69,0.31,0.32,0.01,0.01,75946.03,1776721582000
1776721584.478,84.478,0.68,0.69,0.31,0.32,0.01,0.01,75945.78,1776721583000
1776721584.883,84.883,0.68,0.69,0.31,0.32,0.01,0.01,75945.78,1776721583000
1776721585.624,85.624,0.67,0.68,0.31,0.33,0.01,0.02,75945.64,1776721584000
1776721586.406,86.406,0.67,0.68,0.32,0.33,0.01,0.01,75945.64,1776721584000
1776721586.914,86.914,0.67,0.68,0.32,0.33,0.01,0.01,75945.9,1776721585000
1776721587.326,87.326,0.67,0.68,0.32,0.33,0.01,0.01,75946.12,1776721586000
1776721587.841,87.841,0.67,0.68,0.32,0.33,0.01,0.01,75946.12,1776721586000
1776721588.202,88.202,0.67,0.68,0.32,0.33,0.01,0.01,75946.12,1776721586000
1776721588.676,88.676,0.67,0.68,0.32,0.33,0.01,0.01,75946.12,1776721586000
1776721589.063,89.063,0.67,0.68,0.32,0.33,0.01,0.01,75946.12,1776721587000
1776721589.477,89.477,0.67,0.69,0.32,0.33,0.02,0.01,75946.12,1776721587000
1776721590.162,90.162,0.67,0.68,0.31,0.33,0.01,0.02,75946.24,1776721588000
1776721590.831,90.831,0.67,0.68,0.31,0.33,0.01,0.02,75946.08,1776721589000
1776721591.23,91.23,0.67,0.68,0.32,0.33,0.01,0.01,75945.97,1776721590000
1776721591.587,91.587,0.67,0.68,0.32,0.33,0.01,0.01,75945.97,1776721590000
1776721591.967,91.967,0.67,0.68,0.32,0.33,0.01,0.01,75945.97,1776721590000
1776721592.39,92.39,0.67,0.68,0.32,0.33,0.01,0.01,75946.06,1776721591000
1776721592.824,92.824,0.67,0.68,0.32,0.33,0.01,0.01,75946.06,1776721591000
1776721593.234,93.234,0.67,0.68,0.32,0.33,0.01,0.01,75946.96,1776721592000
1776721593.641,93.641,0.68,0.69,0.32,0.33,0.01,0.01,75946.96,1776721592000
1776721594.036,94.036,0.68,0.69,0.31,0.32,0.01,0.01,75946.96,1776721592000
1776721594.503,94.503,0.68,0.69,0.31,0.32,0.01,0.01,75946.72,1776721593000
1776721595.339,95.339,0.68,0.69,0.31,0.32,0.01,0.01,75946.72,1776721593000
1776721595.735,95.735,0.68,0.69,0.31,0.32,0.01,0.01,75946.23,1776721594000
1776721596.117,96.117,0.68,0.69,0.31,0.32,0.01,0.01,75946.08,1776721595000
1776721597.068,97.068,0.68,0.69,0.31,0.32,0.01,0.01,75946.08,1776721596000
1776721597.494,97.494,0.68,0.69,0.31,0.32,0.01,0.01,75946.08,1776721596000
1776721597.839,97.839,0.68,0.69,0.31,0.32,0.01,0.01,75946.08,1776721596000
1776721598.222,98.222,0.68,0.69,0.31,0.32,0.01,0.01,75946.04,1776721597000
1776721598.577,98.577,0.68,0.69,0.31,0.32,0.01,0.01,75946.04,1776721597000
1776721598.915,98.915,0.68,0.69,0.31,0.32,0.01,0.01,75946.04,1776721597000
1776721599.596,99.596,0.68,0.69,0.31,0.32,0.01,0.01,75945.65,1776721598000
1776721600.24,100.24,0.68,0.69,0.31,0.32,0.01,0.01,75944.56,1776721599000
1776721600.589,100.589,0.68,0.69,0.31,0.32,0.01,0.01,75944.56,1776721599000
1776721601.424,101.424,0.68,0.69,0.31,0.32,0.01,0.01,75944.56,1776721600000
1776721601.769,101.769,0.68,0.69,0.31,0.32,0.01,0.01,75944.56,1776721600000
1776721602.329,102.329,0.68,0.69,0.31,0.32,0.01,0.01,75944.53,1776721601000
1776721603.021,103.021,0.68,0.69,0.31,0.32,0.01,0.01,75945.8,1776721602000
1776721603.618,103.618,0.68,0.69,0.31,0.32,0.01,0.01,75945.8,1776721602000
1776721604.133,104.133,0.68,0.69,0.31,0.32,0.01,0.01,75945.48,1776721603000
1776721605.028,105.028,0.68,0.69,0.31,0.32,0.01,0.01,75943.61,1776721604000
1776721605.393,105.393,0.68,0.69,0.31,0.32,0.01,0.01,75943.61,1776721604000
1776721606.073,106.073,0.68,0.69,0.31,0.32,0.01,0.01,75943.48,1776721605000
1776721606.448,106.448,0.68,0.69,0.31,0.32,0.01,0.01,75943.48,1776721605000
1776721607.249,107.249,0.68,0.69,0.31,0.32,0.01,0.01,75944.9,1776721606000
1776721607.602,107.602,0.68,0.69,0.31,0.32,0.01,0.01,75944.9,1776721606000
1776721607.938,107.938,0.68,0.69,0.31,0.32,0.01,0.01,75944.9,1776721606000
1776721608.322,108.322,0.68,0.69,0.31,0.32,0.01,0.01,75943.92,1776721607000
1776721608.687,108.687,0.68,0.69,0.31,0.32,0.01,0.01,75943.92,1776721607000
1776721609.037,109.037,0.68,0.69,0.31,0.32,0.01,0.01,75943.92,1776721607000
1776721609.383,109.383,0.67,0.69,0.31,0.32,0.02,0.01,75943.92,1776721607000
1776721609.868,109.868,0.62,0.64,0.36,0.38,0.02,0.02,75943.92,1776721608000
1776721610.281,110.281,0.62,0.63,0.37,0.38,0.01,0.01,75943.82,1776721609000
1776721610.765,110.765,0.62,0.63,0.37,0.38,0.01,0.01,75943.82,1776721609000
1776721611.139,111.139,0.62,0.63,0.37,0.38,0.01,0.01,75942.22,1776721610000
1776721611.634,111.634,0.62,0.63,0.37,0.38,0.01,0.01,75942.22,1776721610000
1776721612.024,112.024,0.62,0.63,0.37,0.38,0.01,0.01,75940.63,1776721611000
1776721612.387,112.387,0.62,0.63,0.37,0.38,0.01,0.01,75940.63,1776721611000
1776721613.002,113.002,0.61,0.62,0.36,0.39,0.01,0.03,75940.63,1776721611000
1776721613.35,113.35,0.61,0.62,0.38,0.39,0.01,0.01,75937.48,1776721612000
1776721613.83,113.83,0.61,0.62,0.38,0.39,0.01,0.01,75937.48,1776721612000
1776721614.203,114.203,0.6,0.61,0.38,0.4,0.01,0.02,75936.71,1776721613000
1776721614.564,114.564,0.55,0.56,0.44,0.45,0.01,0.01,75936.71,1776721613000
1776721614.9,114.9,0.54,0.56,0.44,0.46,0.02,0.02,75936.71,1776721613000
1776721615.267,115.267,0.54,0.55,0.45,0.46,0.01,0.01,75936.71,1776721614000
1776721615.678,115.678,0.54,0.55,0.45,0.46,0.01,0.01,75936.71,1776721614000
1776721616.032,116.032,0.55,0.56,0.44,0.45,0.01,0.01,75936.71,1776721614000
1776721616.398,116.398,0.55,0.56,0.44,0.45,0.01,0.01,75936.71,1776721614000
1776721616.89,116.89,0.55,0.56,0.44,0.45,0.01,0.01,75933.31,1776721615000
1776721617.302,117.302,0.55,0.56,0.44,0.45,0.01,0.01,75933.31,1776721615000
1776721618.133,118.133,0.55,0.56,0.44,0.45,0.01,0.01,75929.44,1776721616000
1776721618.69,118.69,0.55,0.56,0.44,0.45,0.01,0.01,75929.44,1776721616000
1776721619.12,119.12,0.55,0.56,0.44,0.45,0.01,0.01,75929.32,1776721618000
1776721619.666,119.666,0.55,0.59,0.44,0.45,0.04,0.01,75929.32,1776721618000
1776721620.122,120.122,0.55,0.59,0.41,0.45,0.04,0.04,75928.28,1776721619000
1776721620.592,120.592,0.56,0.57,0.43,0.44,0.01,0.01,75928.28,1776721619000
1776721620.946,120.946,0.56,0.57,0.43,0.44,0.01,0.01,75928.28,1776721619000
1776721621.329,121.329,0.56,0.57,0.43,0.44,0.01,0.01,75928.5,1776721620000
1776721621.672,121.672,0.56,0.57,0.43,0.44,0.01,0.01,75928.5,1776721620000
1776721622.007,122.007,0.56,0.57,0.43,0.44,0.01,0.01,75928.5,1776721620000
1776721622.39,122.39,0.56,0.57,0.43,0.44,0.01,0.01,75928.5,1776721621000
1776721622.797,122.797,0.56,0.57,0.43,0.44,0.01,0.01,75928.5,1776721621000
1776721623.15,123.15,0.56,0.57,0.43,0.44,0.01,0.01,75928.88,1776721622000
1776721623.648,123.648,0.56,0.57,0.43,0.44,0.01,0.01,75928.88,1776721622000
1776721624.063,124.063,0.56,0.57,0.43,0.44,0.01,0.01,75926.41,1776721623000
1776721624.519,124.519,0.56,0.57,0.43,0.44,0.01,0.01,75926.41,1776721623000
1776721624.992,124.992,0.56,0.57,0.43,0.44,0.01,0.01,75926.41,1776721623000
1776721625.368,125.368,0.56,0.57,0.43,0.44,0.01,0.01,75926.34,1776721624000
1776721626.056,126.056,0.55,0.56,0.44,0.45,0.01,0.01,75926.61,1776721625000
1776721626.66,126.66,0.55,0.56,0.44,0.45,0.01,0.01,75926.61,1776721625000
1776721627.061,127.061,0.55,0.56,0.44,0.45,0.01,0.01,75926.61,1776721626000
1776721627.406,127.406,0.55,0.56,0.44,0.45,0.01,0.01,75926.61,1776721626000
1776721627.93,127.93,0.55,0.56,0.44,0.45,0.01,0.01,75926,1776721627000
1776721628.377,128.377,0.55,0.56,0.44,0.45,0.01,0.01,75926,1776721627000
1776721628.831,128.831,0.55,0.56,0.44,0.45,0.01,0.01,75926,1776721627000
1776721629.396,129.396,0.55,0.56,0.44,0.45,0.01,0.01,75925.85,1776721628000
1776721629.892,129.892,0.55,0.56,0.44,0.45,0.01,0.01,75925.85,1776721628000
1776721630.49,130.49,0.55,0.56,0.44,0.45,0.01,0.01,75925.55,1776721629000
1776721630.846,130.846,0.55,0.56,0.44,0.45,0.01,0.01,75925.55,1776721629000
1776721631.235,131.235,0.55,0.56,0.44,0.45,0.01,0.01,75925.55,1776721629000
1776721631.693,131.693,0.55,0.56,0.44,0.45,0.01,0.01,75925.53,1776721630000
1776721632.061,132.061,0.52,0.53,0.47,0.5,0.01,0.03,75925.64,1776721631000
1776721632.451,132.451,0.5,0.51,0.49,0.5,0.01,0.01,75925.64,1776721631000
1776721632.888,132.888,0.5,0.51,0.49,0.5,0.01,0.01,75925.64,1776721631000
1776721633.449,133.449,0.5,0.51,0.49,0.5,0.01,0.01,75925.64,1776721632000
1776721633.947,133.947,0.5,0.51,0.49,0.5,0.01,0.01,75922.28,1776721633000
1776721634.332,134.332,0.49,0.5,0.49,0.51,0.01,0.02,75922.28,1776721633000
1776721634.853,134.853,0.49,0.5,0.5,0.51,0.01,0.01,75919.17,1776721634000
1776721635.248,135.248,0.49,0.5,0.5,0.51,0.01,0.01,75919.17,1776721634000
1776721635.782,135.782,0.49,0.5,0.5,0.51,0.01,0.01,75919.17,1776721634000
1776721636.257,136.257,0.47,0.49,0.51,0.53,0.02,0.02,75917.92,1776721635000
1776721636.664,136.664,0.46,0.47,0.53,0.54,0.01,0.01,75917.92,1776721635000
1776721637.059,137.059,0.46,0.47,0.53,0.54,0.01,0.01,75917.73,1776721636000
1776721637.439,137.439,0.46,0.47,0.53,0.54,0.01,0.01,75917.73,1776721636000
1776721637.774,137.774,0.44,0.45,0.55,0.56,0.01,0.01,75917.73,1776721636000
1776721638.143,138.143,0.44,0.45,0.55,0.56,0.01,0.01,75917.73,1776721636000
1776721638.543,138.543,0.42,0.43,0.55,0.59,0.01,0.04,75916.97,1776721637000
1776721638.895,138.895,0.42,0.43,0.57,0.58,0.01,0.01,75916.97,1776721637000
1776721639.237,139.237,0.41,0.42,0.58,0.59,0.01,0.01,75915.86,1776721638000
1776721639.599,139.599,0.39,0.4,0.59,0.61,0.01,0.02,75915.86,1776721638000
1776721639.936,139.936,0.39,0.4,0.6,0.61,0.01,0.01,75915.86,1776721638000
1776721640.303,140.303,0.39,0.4,0.6,0.61,0.01,0.01,75913.28,1776721639000
1776721640.638,140.638,0.39,0.4,0.6,0.61,0.01,0.01,75913.28,1776721639000
1776721640.992,140.992,0.39,0.4,0.6,0.61,0.01,0.01,75913.28,1776721639000
1776721641.354,141.354,0.39,0.4,0.6,0.61,0.01,0.01,75910.33,1776721640000
1776721641.691,141.691,0.39,0.4,0.6,0.61,0.01,0.01,75910.33,1776721640000
1776721642.041,142.041,0.39,0.4,0.6,0.61,0.01,0.01,75910.33,1776721640000
1776721642.506,142.506,0.38,0.39,0.61,0.62,0.01,0.01,75909.95,1776721641000
1776721642.904,142.904,0.38,0.39,0.61,0.62,0.01,0.01,75909.95,1776721641000
1776721643.495,143.495,0.38,0.39,0.61,0.62,0.01,0.01,75909.46,1776721642000
1776721643.893,143.893,0.38,0.39,0.61,0.62,0.01,0.01,75909.46,1776721642000
1776721644.262,144.262,0.38,0.39,0.61,0.62,0.01,0.01,75909.46,1776721642000
1776721644.656,144.656,0.37,0.38,0.62,0.63,0.01,0.01,75909.46,1776721642000
1776721644.992,144.992,0.36,0.37,0.63,0.64,0.01,0.01,75909.46,1776721642000
1776721645.474,145.474,0.36,0.37,0.63,0.64,0.01,0.01,75909.34,1776721644000
1776721646.072,146.072,0.36,0.37,0.63,0.64,0.01,0.01,75908.06,1776721645000
1776721646.408,146.408,0.36,0.43,0.61,0.64,0.07,0.03,75908.06,1776721645000
1776721646.803,146.803,0.45,0.48,0.52,0.55,0.03,0.03,75908.06,1776721645000
1776721647.144,147.144,0.48,0.54,0.48,0.52,0.06,0.04,75907.57,1776721646000
1776721647.511,147.511,0.53,0.55,0.42,0.47,0.02,0.05,75907.57,1776721646000
1776721647.914,147.914,0.55,0.56,0.44,0.45,0.01,0.01,75907.57,1776721646000
1776721648.254,148.254,0.55,0.57,0.43,0.45,0.02,0.02,75910.15,1776721647000
1776721648.594,148.594,0.6,0.61,0.39,0.4,0.01,0.01,75910.15,1776721647000
1776721648.932,148.932,0.6,0.61,0.39,0.4,0.01,0.01,75910.15,1776721647000
1776721649.271,149.271,0.61,0.62,0.38,0.39,0.01,0.01,75917.36,1776721648000
1776721649.63,149.63,0.61,0.62,0.38,0.39,0.01,0.01,75917.36,1776721648000
1776721649.966,149.966,0.61,0.62,0.38,0.39,0.01,0.01,75917.36,1776721648000
1776721650.342,150.342,0.62,0.65,0.37,0.39,0.03,0.02,75921.73,1776721649000
1776721650.686,150.686,0.67,0.68,0.32,0.33,0.01,0.01,75921.73,1776721649000
1776721651.125,151.125,0.67,0.68,0.32,0.33,0.01,0.01,75930.48,1776721650000
1776721651.518,151.518,0.67,0.68,0.32,0.33,0.01,0.01,75930.48,1776721650000
1776721651.877,151.877,0.67,0.68,0.32,0.33,0.01,0.01,75930.48,1776721650000
1776721652.213,152.213,0.67,0.68,0.32,0.33,0.01,0.01,75928.8,1776721651000
1776721652.552,152.552,0.67,0.68,0.32,0.33,0.01,0.01,75928.8,1776721651000
1776721653.005,153.005,0.67,0.68,0.32,0.33,0.01,0.01,75930.44,1776721652000
1776721653.341,153.341,0.53,0.56,0.44,0.47,0.03,0.03,75930.44,1776721652000
1776721653.737,153.737,0.51,0.53,0.44,0.49,0.02,0.05,75930.44,1776721652000
1776721654.082,154.082,0.5,0.51,0.49,0.5,0.01,0.01,75931.1,1776721653000
1776721654.419,154.419,0.4,0.42,0.58,0.6,0.02,0.02,75931.1,1776721653000
1776721654.759,154.759,0.41,0.45,0.55,0.59,0.04,0.04,75931.1,1776721653000
1776721655.241,155.241,0.39,0.4,0.6,0.61,0.01,0.01,75925.86,1776721654000
1776721655.576,155.576,0.35,0.36,0.64,0.65,0.01,0.01,75925.86,1776721654000
1776721655.909,155.909,0.35,0.36,0.64,0.65,0.01,0.01,75925.86,1776721654000
1776721656.248,156.248,0.34,0.36,0.64,0.66,0.02,0.02,75912.32,1776721655000
1776721656.613,156.613,0.34,0.35,0.65,0.66,0.01,0.01,75912.32,1776721655000
1776721656.955,156.955,0.33,0.34,0.66,0.67,0.01,0.01,75912.32,1776721655000
1776721657.302,157.302,0.31,0.32,0.68,0.69,0.01,0.01,75906.21,1776721656000
1776721657.744,157.744,0.3,0.31,0.69,0.7,0.01,0.01,75906.21,1776721656000
1776721658.116,158.116,0.29,0.31,0.69,0.7,0.02,0.01,75906.21,1776721656000
1776721658.499,158.499,0.29,0.3,0.7,0.71,0.01,0.01,75901.35,1776721657000
1776721658.845,158.845,0.28,0.29,0.71,0.72,0.01,0.01,75901.35,1776721657000
1776721659.213,159.213,0.28,0.29,0.71,0.72,0.01,0.01,75901.35,1776721657000
1776721659.585,159.585,0.26,0.27,0.73,0.74,0.01,0.01,75901.35,1776721657000
1776721659.944,159.944,0.26,0.27,0.73,0.74,0.01,0.01,75901.35,1776721657000
1776721660.383,160.383,0.26,0.27,0.73,0.74,0.01,0.01,75899.15,1776721658000
1776721660.724,160.724,0.26,0.27,0.73,0.74,0.01,0.01,75897.96,1776721659000
1776721661.218,161.218,0.26,0.27,0.73,0.74,0.01,0.01,75896.86,1776721660000
1776721661.633,161.633,0.38,0.39,0.61,0.63,0.01,0.02,75896.86,1776721660000
1776721662.095,162.095,0.38,0.39,0.61,0.62,0.01,0.01,75896.86,1776721660000
1776721662.431,162.431,0.47,0.49,0.51,0.53,0.02,0.02,75896.86,1776721660000
1776721662.912,162.912,0.47,0.49,0.51,0.53,0.02,0.02,75893.96,1776721661000
1776721663.269,163.269,0.5,0.54,0.46,0.5,0.04,0.04,75894.38,1776721662000
1776721663.609,163.609,0.5,0.52,0.48,0.5,0.02,0.02,75894.38,1776721662000
1776721663.947,163.947,0.51,0.52,0.48,0.49,0.01,0.01,75894.38,1776721662000
1776721664.433,164.433,0.51,0.52,0.48,0.49,0.01,0.01,75910.64,1776721663000
1776721664.771,164.771,0.53,0.54,0.46,0.47,0.01,0.01,75910.64,1776721663000
1776721665.116,165.116,0.53,0.54,0.46,0.47,0.01,0.01,75910.64,1776721663000
1776721665.548,165.548,0.53,0.54,0.46,0.47,0.01,0.01,75910.64,1776721663000
1776721665.956,165.956,0.53,0.54,0.46,0.47,0.01,0.01,75912.9,1776721664000
1776721666.304,166.304,0.53,0.54,0.46,0.47,0.01,0.01,75915.44,1776721665000
1776721666.731,166.731,0.53,0.54,0.46,0.47,0.01,0.01,75915.44,1776721665000
1776721667.176,167.176,0.53,0.54,0.46,0.47,0.01,0.01,75915.44,1776721665000
1776721667.633,167.633,0.53,0.54,0.46,0.47,0.01,0.01,75913.12,1776721666000
1776721668.091,168.091,0.53,0.54,0.46,0.47,0.01,0.01,75913.12,1776721666000
1776721668.552,168.552,0.53,0.54,0.46,0.47,0.01,0.01,75912.52,1776721667000
1776721668.923,168.923,0.53,0.54,0.46,0.47,0.01,0.01,75912.52,1776721667000
1776721669.342,169.342,0.53,0.54,0.46,0.47,0.01,0.01,75912.52,1776721667000
1776721669.686,169.686,0.53,0.54,0.46,0.47,0.01,0.01,75912.53,1776721668000
1776721670.157,170.157,0.53,0.54,0.46,0.47,0.01,0.01,75912.53,1776721669000
1776721670.548,170.548,0.53,0.54,0.46,0.47,0.01,0.01,75912.53,1776721669000
1776721670.888,170.888,0.53,0.54,0.46,0.47,0.01,0.01,75912.53,1776721669000
1776721671.271,171.271,0.53,0.54,0.46,0.47,0.01,0.01,75912.53,1776721669000
1776721671.614,171.614,0.53,0.54,0.46,0.47,0.01,0.01,75912.8,1776721670000
1776721671.956,171.956,0.53,0.54,0.46,0.47,0.01,0.01,75912.8,1776721670000
1776721672.494,172.494,0.53,0.54,0.46,0.47,0.01,0.01,75912.8,1776721670000
1776721672.835,172.835,0.53,0.54,0.46,0.47,0.01,0.01,75912.47,1776721671000
1776721673.242,173.242,0.53,0.54,0.46,0.47,0.01,0.01,75912.47,1776721671000
1776721673.655,173.655,0.53,0.54,0.46,0.47,0.01,0.01,75912.47,1776721672000
1776721674.085,174.085,0.53,0.54,0.46,0.47,0.01,0.01,75912.47,1776721672000
1776721674.714,174.714,0.53,0.54,0.46,0.47,0.01,0.01,75912.47,1776721673000
1776721675.431,175.431,0.53,0.54,0.46,0.47,0.01,0.01,75917.37,1776721674000
1776721675.952,175.952,0.53,0.54,0.46,0.47,0.01,0.01,75917.36,1776721675000
1776721676.528,176.528,0.53,0.54,0.46,0.47,0.01,0.01,75917.36,1776721675000
1776721676.987,176.987,0.53,0.54,0.46,0.47,0.01,0.01,75917.36,1776721675000
1776721677.471,177.471,0.53,0.54,0.46,0.47,0.01,0.01,75917.16,1776721676000
1776721677.837,177.837,0.53,0.54,0.46,0.47,0.01,0.01,75917.16,1776721676000
1776721678.407,178.407,0.53,0.54,0.46,0.47,0.01,0.01,75917.16,1776721676000
1776721678.766,178.766,0.53,0.54,0.46,0.47,0.01,0.01,75917.27,1776721677000
1776721679.142,179.142,0.53,0.54,0.46,0.47,0.01,0.01,75917.27,1776721677000
1776721679.495,179.495,0.53,0.54,0.46,0.47,0.01,0.01,75917.27,1776721678000
1776721680.096,180.096,0.53,0.54,0.46,0.47,0.01,0.01,75917.27,1776721678000
1776721680.558,180.558,0.53,0.54,0.46,0.47,0.01,0.01,75917.28,1776721679000
1776721680.96,180.96,0.53,0.54,0.46,0.47,0.01,0.01,75917.28,1776721679000
1776721681.372,181.372,0.53,0.54,0.46,0.47,0.01,0.01,75917.27,1776721680000
1776721681.718,181.718,0.53,0.54,0.46,0.47,0.01,0.01,75917.27,1776721680000
1776721682.123,182.123,0.53,0.54,0.46,0.47,0.01,0.01,75917.27,1776721680000
1776721682.719,182.719,0.53,0.54,0.46,0.47,0.01,0.01,75917.27,1776721680000
1776721683.23,183.23,0.53,0.54,0.46,0.47,0.01,0.01,75917.26,1776721681000
1776721683.566,183.566,0.53,0.54,0.46,0.47,0.01,0.01,75917.31,1776721682000
1776721684.069,184.069,0.53,0.54,0.46,0.47,0.01,0.01,75917.6,1776721683000
1776721684.533,184.533,0.53,0.54,0.46,0.47,0.01,0.01,75917.6,1776721683000
1776721684.951,184.951,0.53,0.54,0.46,0.47,0.01,0.01,75917.6,1776721683000
1776721685.375,185.375,0.53,0.54,0.46,0.47,0.01,0.01,75917.6,1776721683000
1776721685.767,185.767,0.53,0.54,0.46,0.47,0.01,0.01,75917.6,1776721684000
1776721686.188,186.188,0.53,0.54,0.46,0.47,0.01,0.01,75917.6,1776721684000
1776721686.572,186.572,0.53,0.54,0.46,0.47,0.01,0.01,75917.67,1776721685000
1776721687.049,187.049,0.53,0.54,0.46,0.47,0.01,0.01,75917.67,1776721685000
1776721687.392,187.392,0.53,0.54,0.46,0.47,0.01,0.01,75917.67,1776721685000
1776721687.828,187.828,0.53,0.54,0.46,0.47,0.01,0.01,75918.04,1776721686000
1776721688.183,188.183,0.53,0.54,0.46,0.47,0.01,0.01,75918.04,1776721686000
1776721688.538,188.538,0.53,0.55,0.46,0.47,0.02,0.01,75918.26,1776721687000
1776721688.994,188.994,0.59,0.61,0.39,0.41,0.02,0.02,75918.26,1776721687000
1776721689.435,189.435,0.6,0.62,0.39,0.41,0.02,0.02,75918.26,1776721687000
1776721689.833,189.833,0.6,0.61,0.38,0.4,0.01,0.02,75918.28,1776721688000
1776721690.275,190.275,0.61,0.62,0.38,0.39,0.01,0.01,75918.28,1776721688000
1776721690.75,190.75,0.61,0.62,0.38,0.39,0.01,0.01,75918.66,1776721689000
1776721691.124,191.124,0.61,0.62,0.38,0.39,0.01,0.01,75923.98,1776721690000
1776721691.771,191.771,0.58,0.59,0.41,0.43,0.01,0.02,75923.98,1776721690000
1776721692.229,192.229,0.58,0.59,0.41,0.42,0.01,0.01,75926.88,1776721691000
1776721692.587,192.587,0.5,0.51,0.49,0.5,0.01,0.01,75926.88,1776721691000
1776721692.931,192.931,0.46,0.47,0.53,0.54,0.01,0.01,75926.88,1776721691000
1776721693.325,193.325,0.46,0.47,0.53,0.54,0.01,0.01,75925.3,1776721692000
1776721693.659,193.659,0.46,0.47,0.53,0.54,0.01,0.01,75925.3,1776721692000
1776721693.997,193.997,0.4,0.41,0.59,0.6,0.01,0.01,75923.41,1776721693000
1776721694.478,194.478,0.4,0.42,0.58,0.6,0.02,0.02,75923.41,1776721693000
1776721694.826,194.826,0.34,0.36,0.63,0.66,0.02,0.03,75923.41,1776721693000
1776721695.164,195.164,0.35,0.36,0.64,0.65,0.01,0.01,75917.6,1776721694000
1776721695.74,195.74,0.34,0.35,0.65,0.66,0.01,0.01,75917.6,1776721694000
1776721696.125,196.125,0.26,0.29,0.69,0.75,0.03,0.06,75913.98,1776721695000
1776721696.826,196.826,0.29,0.3,0.7,0.71,0.01,0.01,75913.98,1776721695000
1776721697.17,197.17,0.4,0.46,0.55,0.6,0.06,0.05,75912.56,1776721696000
1776721697.515,197.515,0.48,0.5,0.49,0.53,0.02,0.04,75912.56,1776721696000
1776721697.854,197.854,0.51,0.53,0.47,0.49,0.02,0.02,75912.56,1776721696000
1776721698.197,198.197,0.53,0.54,0.47,0.48,0.01,0.01,75908.83,1776721697000
1776721698.579,198.579,0.53,0.54,0.46,0.47,0.01,0.01,75908.83,1776721697000
1776721698.967,198.967,0.53,0.54,0.46,0.47,0.01,0.01,75913.32,1776721698000
1776721699.347,199.347,0.53,0.54,0.46,0.47,0.01,0.01,75913.32,1776721698000
1776721699.716,199.716,0.53,0.54,0.46,0.47,0.01,0.01,75913.32,1776721698000
1776721700.067,200.067,0.54,0.55,0.45,0.47,0.01,0.02,75913.32,1776721698000
1776721700.517,200.517,0.54,0.55,0.45,0.46,0.01,0.01,75917.03,1776721699000
1776721701.059,201.059,0.54,0.55,0.45,0.46,0.01,0.01,75917.54,1776721700000
1776721701.513,201.513,0.54,0.55,0.45,0.46,0.01,0.01,75917.54,1776721700000
1776721702.095,202.095,0.54,0.55,0.45,0.46,0.01,0.01,75917.54,1776721700000
1776721702.515,202.515,0.54,0.55,0.45,0.46,0.01,0.01,75918.56,1776721701000
1776721702.9,202.9,0.54,0.55,0.45,0.46,0.01,0.01,75918.56,1776721701000
1776721703.338,203.338,0.54,0.55,0.45,0.46,0.01,0.01,75918.56,1776721701000
1776721703.733,203.733,0.54,0.55,0.45,0.46,0.01,0.01,75918.17,1776721702000
1776721704.104,204.104,0.54,0.55,0.45,0.46,0.01,0.01,75918.47,1776721703000
1776721704.462,204.462,0.54,0.55,0.45,0.46,0.01,0.01,75918.47,1776721703000
1776721704.803,204.803,0.54,0.55,0.45,0.46,0.01,0.01,75918.47,1776721703000
1776721705.287,205.287,0.54,0.55,0.45,0.46,0.01,0.01,75918.2,1776721704000
1776721705.805,205.805,0.54,0.55,0.45,0.46,0.01,0.01,75918.2,1776721704000
1776721706.337,206.337,0.54,0.55,0.45,0.46,0.01,0.01,75919.1,1776721705000
1776721706.897,206.897,0.54,0.55,0.45,0.46,0.01,0.01,75919.1,1776721705000
1776721707.355,207.355,0.54,0.55,0.45,0.46,0.01,0.01,75919.1,1776721706000
1776721707.962,207.962,0.54,0.55,0.45,0.46,0.01,0.01,75919.1,1776721707000
1776721708.319,208.319,0.54,0.55,0.45,0.46,0.01,0.01,75919.1,1776721707000
1776721708.806,208.806,0.54,0.55,0.44,0.46,0.01,0.02,75919.1,1776721707000
1776721709.175,209.175,0.56,0.57,0.43,0.44,0.01,0.01,75919.24,1776721708000
1776721709.851,209.851,0.56,0.57,0.43,0.44,0.01,0.01,75919.25,1776721709000
1776721710.353,210.353,0.56,0.57,0.43,0.44,0.01,0.01,75919.25,1776721709000
1776721710.719,210.719,0.56,0.57,0.43,0.44,0.01,0.01,75919.25,1776721709000
1776721711.58,211.58,0.56,0.57,0.43,0.44,0.01,0.01,75920.53,1776721710000
1776721711.917,211.917,0.56,0.57,0.43,0.44,0.01,0.01,75919.52,1776721711000
1776721712.587,212.587,0.56,0.57,0.43,0.44,0.01,0.01,75919.52,1776721711000
1776721713.074,213.074,0.56,0.57,0.43,0.44,0.01,0.01,75920.62,1776721712000
1776721713.481,213.481,0.56,0.57,0.43,0.44,0.01,0.01,75920.62,1776721712000
1776721714.109,214.109,0.56,0.57,0.43,0.44,0.01,0.01,75920.62,1776721712000
1776721714.61,214.61,0.57,0.58,0.42,0.43,0.01,0.01,75920.63,1776721713000
1776721714.982,214.982,0.57,0.6,0.4,0.43,0.03,0.03,75920.35,1776721714000
1776721715.348,215.348,0.59,0.6,0.4,0.41,0.01,0.01,75920.35,1776721714000
1776721715.792,215.792,0.59,0.6,0.4,0.41,0.01,0.01,75920.35,1776721714000
1776721716.824,216.824,0.59,0.6,0.4,0.41,0.01,0.01,75920.36,1776721715000
1776721717.243,217.243,0.6,0.62,0.39,0.4,0.02,0.01,75921.21,1776721716000
1776721717.59,217.59,0.63,0.65,0.34,0.38,0.02,0.04,75921.21,1776721716000
1776721717.977,217.977,0.64,0.65,0.35,0.36,0.01,0.01,75921.73,1776721717000
1776721718.399,218.399,0.64,0.65,0.35,0.36,0.01,0.01,75921.73,1776721717000
1776721718.755,218.755,0.64,0.65,0.35,0.36,0.01,0.01,75921.73,1776721717000
1776721719.135,219.135,0.64,0.65,0.35,0.36,0.01,0.01,75921.74,1776721718000
1776721719.677,219.677,0.64,0.65,0.35,0.36,0.01,0.01,75921.74,1776721718000
1776721720.121,220.121,0.64,0.65,0.35,0.36,0.01,0.01,75921.74,1776721718000
1776721720.478,220.478,0.64,0.65,0.35,0.36,0.01,0.01,75925.26,1776721719000
1776721721.138,221.138,0.64,0.65,0.35,0.36,0.01,0.01,75925.07,1776721720000
1776721722.114,222.114,0.64,0.65,0.35,0.36,0.01,0.01,75925.07,1776721720000
1776721722.472,222.472,0.64,0.65,0.35,0.36,0.01,0.01,75924.62,1776721721000
1776721722.893,222.893,0.64,0.66,0.34,0.36,0.02,0.02,75924.62,1776721721000
1776721723.24,223.24,0.67,0.68,0.32,0.33,0.01,0.01,75924.62,1776721721000
1776721723.672,223.672,0.67,0.68,0.32,0.33,0.01,0.01,75924.62,1776721722000
1776721724.07,224.07,0.67,0.68,0.32,0.33,0.01,0.01,75924.62,1776721722000
1776721724.715,224.715,0.67,0.68,0.32,0.33,0.01,0.01,75925.19,1776721723000
1776721725.315,225.315,0.67,0.68,0.32,0.33,0.01,0.01,75925.23,1776721724000
1776721725.742,225.742,0.67,0.68,0.32,0.33,0.01,0.01,75925.23,1776721724000
1776721726.159,226.159,0.67,0.68,0.32,0.33,0.01,0.01,75925.23,1776721724000
1776721726.629,226.629,0.67,0.68,0.32,0.33,0.01,0.01,75925.85,1776721725000
1776721727.211,227.211,0.67,0.68,0.32,0.33,0.01,0.01,75925.85,1776721726000
1776721727.6,227.6,0.67,0.68,0.32,0.33,0.01,0.01,75925.85,1776721726000
1776721727.991,227.991,0.67,0.68,0.32,0.33,0.01,0.01,75926.23,1776721727000
1776721728.327,228.327,0.67,0.68,0.32,0.33,0.01,0.01,75926.23,1776721727000
1776721728.73,228.73,0.67,0.68,0.32,0.33,0.01,0.01,75926.23,1776721727000
1776721729.108,229.108,0.67,0.68,0.32,0.33,0.01,0.01,75926.22,1776721728000
1776721729.47,229.47,0.67,0.68,0.32,0.33,0.01,0.01,75926.22,1776721728000
1776721729.85,229.85,0.66,0.67,0.33,0.34,0.01,0.01,75926.22,1776721728000
1776721730.383,230.383,0.66,0.67,0.33,0.34,0.01,0.01,75926.22,1776721728000
1776721730.717,230.717,0.55,0.56,0.44,0.45,0.01,0.01,75926.22,1776721728000
1776721731.108,231.108,0.55,0.56,0.44,0.45,0.01,0.01,75926.22,1776721729000
1776721731.482,231.482,0.55,0.56,0.44,0.45,0.01,0.01,75926.22,1776721729000
1776721732.065,232.065,0.55,0.56,0.44,0.45,0.01,0.01,75926.23,1776721730000
1776721732.404,232.404,0.55,0.56,0.44,0.45,0.01,0.01,75924.75,1776721731000
1776721732.769,232.769,0.54,0.56,0.44,0.45,0.02,0.01,75924.75,1776721731000
1776721733.112,233.112,0.54,0.55,0.45,0.46,0.01,0.01,75924.25,1776721732000
1776721733.5,233.5,0.54,0.55,0.45,0.46,0.01,0.01,75924.25,1776721732000
1776721733.917,233.917,0.54,0.55,0.45,0.46,0.01,0.01,75924.25,1776721732000
1776721734.265,234.265,0.5,0.52,0.48,0.5,0.02,0.02,75924.25,1776721732000
1776721734.614,234.614,0.51,0.52,0.48,0.49,0.01,0.01,75923.93,1776721733000
1776721735.116,235.116,0.51,0.52,0.48,0.49,0.01,0.01,75923.93,1776721733000
1776721735.505,235.505,0.51,0.52,0.48,0.49,0.01,0.01,75922.9,1776721734000
1776721735.968,235.968,0.51,0.52,0.48,0.49,0.01,0.01,75921.68,1776721735000
1776721736.355,236.355,0.5,0.51,0.49,0.5,0.01,0.01,75921.68,1776721735000
1776721736.729,236.729,0.5,0.51,0.49,0.5,0.01,0.01,75921.68,1776721735000
1776721737.131,237.131,0.5,0.51,0.49,0.5,0.01,0.01,75921.03,1776721736000
1776721737.47,237.47,0.46,0.47,0.53,0.54,0.01,0.01,75921.03,1776721736000
1776721738.012,238.012,0.46,0.47,0.53,0.54,0.01,0.01,75921.03,1776721736000
1776721738.462,238.462,0.45,0.46,0.53,0.55,0.01,0.02,75919.49,1776721737000
1776721738.795,238.795,0.45,0.46,0.54,0.55,0.01,0.01,75919.49,1776721737000
1776721739.264,239.264,0.45,0.46,0.54,0.55,0.01,0.01,75918.56,1776721738000
1776721739.975,239.975,0.45,0.46,0.54,0.55,0.01,0.01,75918.56,1776721738000
1776721740.387,240.387,0.45,0.46,0.54,0.55,0.01,0.01,75918.56,1776721738000
1776721740.766,240.766,0.45,0.46,0.54,0.55,0.01,0.01,75917.63,1776721739000
1776721741.282,241.282,0.45,0.46,0.54,0.55,0.01,0.01,75917.63,1776721740000
1776721741.653,241.653,0.45,0.46,0.54,0.55,0.01,0.01,75917.63,1776721740000
1776721742.046,242.046,0.45,0.46,0.54,0.55,0.01,0.01,75917.63,1776721740000
1776721742.711,242.711,0.45,0.46,0.54,0.55,0.01,0.01,75917.46,1776721741000
1776721743.256,243.256,0.45,0.46,0.54,0.55,0.01,0.01,75917.46,1776721741000
1776721743.693,243.693,0.45,0.48,0.54,0.55,0.03,0.01,75917.52,1776721742000
1776721744.381,244.381,0.48,0.5,0.51,0.53,0.02,0.02,75917.55,1776721743000
1776721744.877,244.877,0.49,0.5,0.5,0.51,0.01,0.01,75917.55,1776721743000
1776721745.257,245.257,0.5,0.51,0.49,0.5,0.01,0.01,75917.55,1776721743000
1776721745.733,245.733,0.5,0.51,0.49,0.5,0.01,0.01,75917.87,1776721744000
1776721746.072,246.072,0.5,0.51,0.49,0.5,0.01,0.01,75918.38,1776721745000
1776721746.463,246.463,0.5,0.51,0.49,0.5,0.01,0.01,75918.38,1776721745000
1776721746.81,246.81,0.5,0.51,0.49,0.5,0.01,0.01,75918.38,1776721745000
1776721747.148,247.148,0.5,0.51,0.49,0.5,0.01,0.01,75918.27,1776721746000
1776721747.501,247.501,0.5,0.51,0.49,0.5,0.01,0.01,75918.27,1776721746000
1776721747.998,247.998,0.5,0.52,0.49,0.5,0.02,0.01,75918.27,1776721746000
1776721748.374,248.374,0.51,0.52,0.48,0.49,0.01,0.01,75918.25,1776721747000
1776721748.722,248.722,0.52,0.53,0.47,0.49,0.01,0.02,75918.25,1776721747000
1776721749.069,249.069,0.52,0.53,0.47,0.48,0.01,0.01,75918.45,1776721748000
1776721749.44,249.44,0.52,0.53,0.47,0.48,0.01,0.01,75918.45,1776721748000
1776721749.78,249.78,0.63,0.64,0.36,0.37,0.01,0.01,75918.45,1776721748000
1776721750.171,250.171,0.63,0.64,0.36,0.37,0.01,0.01,75918.45,1776721748000
1776721750.612,250.612,0.63,0.64,0.36,0.37,0.01,0.01,75916.6,1776721749000
1776721751.29,251.29,0.63,0.64,0.36,0.37,0.01,0.01,75917.68,1776721750000
1776721751.674,251.674,0.63,0.64,0.36,0.37,0.01,0.01,75917.68,1776721750000
1776721752.379,252.379,0.63,0.64,0.36,0.37,0.01,0.01,75919.7,1776721751000
1776721753.014,253.014,0.62,0.63,0.37,0.38,0.01,0.01,75919.7,1776721751000
1776721753.564,253.564,0.62,0.63,0.37,0.38,0.01,0.01,75920.96,1776721752000
1776721753.997,253.997,0.62,0.63,0.37,0.38,0.01,0.01,75920.98,1776721753000
1776721754.543,254.543,0.62,0.63,0.37,0.38,0.01,0.01,75920.98,1776721753000
1776721754.899,254.899,0.69,0.7,0.3,0.33,0.01,0.03,75920.98,1776721753000
1776721755.298,255.298,0.69,0.7,0.3,0.31,0.01,0.01,75921.11,1776721754000
1776721755.789,255.789,0.69,0.7,0.3,0.31,0.01,0.01,75921.11,1776721754000
1776721756.244,256.244,0.69,0.7,0.3,0.31,0.01,0.01,75921.12,1776721755000
1776721756.66,256.66,0.69,0.7,0.3,0.31,0.01,0.01,75921.12,1776721755000
1776721757.061,257.061,0.69,0.7,0.3,0.31,0.01,0.01,75921.12,1776721755000
1776721757.475,257.475,0.69,0.7,0.3,0.31,0.01,0.01,75922.17,1776721756000
1776721757.946,257.946,0.7,0.71,0.29,0.31,0.01,0.02,75922.17,1776721756000
1776721758.508,258.508,0.7,0.71,0.29,0.3,0.01,0.01,75923.18,1776721757000
1776721759.015,259.015,0.7,0.71,0.29,0.3,0.01,0.01,75923.18,1776721757000
1776721759.399,259.399,0.7,0.71,0.29,0.3,0.01,0.01,75923.71,1776721758000
1776721759.813,259.813,0.62,0.63,0.37,0.38,0.01,0.01,75923.71,1776721758000
1776721760.179,260.179,0.62,0.63,0.37,0.38,0.01,0.01,75923.71,1776721758000
1776721760.591,260.591,0.62,0.63,0.37,0.38,0.01,0.01,75923.71,1776721758000
1776721760.944,260.944,0.62,0.63,0.37,0.38,0.01,0.01,75923.4,1776721759000
1776721761.407,261.407,0.62,0.66,0.37,0.38,0.04,0.01,75923.4,1776721759000
1776721761.91,261.91,0.62,0.66,0.34,0.38,0.04,0.04,75923.01,1776721760000
1776721762.508,262.508,0.65,0.66,0.34,0.35,0.01,0.01,75922.75,1776721761000
1776721762.889,262.889,0.66,0.67,0.33,0.35,0.01,0.02,75922.75,1776721761000
1776721763.406,263.406,0.66,0.67,0.33,0.34,0.01,0.01,75922.66,1776721762000
1776721763.779,263.779,0.65,0.67,0.33,0.34,0.02,0.01,75922.66,1776721762000
1776721764.22,264.22,0.65,0.66,0.34,0.35,0.01,0.01,75922.66,1776721762000
1776721764.578,264.578,0.65,0.66,0.34,0.35,0.01,0.01,75922.66,1776721762000
1776721765.23,265.23,0.65,0.66,0.34,0.35,0.01,0.01,75922.65,1776721763000
1776721765.685,265.685,0.65,0.66,0.34,0.35,0.01,0.01,75922.66,1776721764000
1776721766.085,266.085,0.65,0.66,0.34,0.35,0.01,0.01,75922.66,1776721764000
1776721766.495,266.495,0.65,0.66,0.34,0.35,0.01,0.01,75922.66,1776721764000
1776721767.031,267.031,0.65,0.66,0.34,0.35,0.01,0.01,75922.66,1776721765000
1776721767.375,267.375,0.65,0.66,0.34,0.35,0.01,0.01,75922.66,1776721765000
1776721767.792,267.792,0.65,0.66,0.34,0.35,0.01,0.01,75921.21,1776721766000
1776721768.14,268.14,0.65,0.66,0.34,0.35,0.01,0.01,75921.21,1776721766000
1776721768.585,268.585,0.65,0.66,0.34,0.35,0.01,0.01,75922.66,1776721767000
1776721768.93,268.93,0.65,0.66,0.34,0.35,0.01,0.01,75922.66,1776721767000
1776721769.408,269.408,0.65,0.68,0.34,0.35,0.03,0.01,75922.66,1776721767000
1776721770.03,270.03,0.67,0.68,0.32,0.35,0.01,0.03,75922.66,1776721768000
1776721770.373,270.373,0.67,0.69,0.32,0.33,0.02,0.01,75922.66,1776721768000
1776721770.711,270.711,0.69,0.7,0.31,0.32,0.01,0.01,75922.76,1776721769000
1776721771.111,271.111,0.69,0.7,0.3,0.31,0.01,0.01,75922.76,1776721769000
1776721771.512,271.512,0.7,0.71,0.29,0.31,0.01,0.02,75922.91,1776721770000
1776721771.956,271.956,0.7,0.71,0.29,0.3,0.01,0.01,75922.91,1776721770000
1776721772.332,272.332,0.7,0.71,0.29,0.3,0.01,0.01,75922.91,1776721770000
1776721772.746,272.746,0.7,0.71,0.29,0.3,0.01,0.01,75922.91,1776721770000
1776721773.116,273.116,0.7,0.71,0.29,0.3,0.01,0.01,75922.99,1776721771000
1776721773.585,273.585,0.72,0.73,0.27,0.28,0.01,0.01,75922.99,1776721772000
1776721774.114,274.114,0.72,0.73,0.27,0.28,0.01,0.01,75922.99,1776721772000
1776721774.508,274.508,0.72,0.73,0.27,0.28,0.01,0.01,75923.1,1776721773000
1776721774.864,274.864,0.73,0.74,0.26,0.28,0.01,0.02,75923.1,1776721773000
1776721775.211,275.211,0.73,0.74,0.26,0.27,0.01,0.01,75923.1,1776721773000
1776721775.651,275.651,0.73,0.79,0.26,0.27,0.06,0.01,75923.1,1776721773000
1776721776.072,276.072,0.78,0.79,0.21,0.24,0.01,0.03,75923.3,1776721774000
1776721776.517,276.517,0.78,0.79,0.21,0.22,0.01,0.01,75928.08,1776721775000
1776721776.875,276.875,0.78,0.79,0.21,0.22,0.01,0.01,75928.08,1776721775000
1776721777.294,277.294,0.78,0.79,0.21,0.22,0.01,0.01,75928.08,1776721775000
1776721777.627,277.627,0.78,0.79,0.21,0.22,0.01,0.01,75924.24,1776721776000
1776721778.011,278.011,0.79,0.8,0.21,0.22,0.01,0.01,75924.24,1776721776000
1776721778.365,278.365,0.8,0.81,0.19,0.2,0.01,0.01,75924.24,1776721776000
1776721778.752,278.752,0.8,0.81,0.19,0.2,0.01,0.01,75924.25,1776721777000
1776721779.095,279.095,0.8,0.81,0.19,0.2,0.01,0.01,75924.15,1776721778000
1776721779.452,279.452,0.8,0.81,0.19,0.2,0.01,0.01,75924.15,1776721778000
1776721779.933,279.933,0.8,0.81,0.19,0.2,0.01,0.01,75924.15,1776721778000
1776721780.305,280.305,0.81,0.82,0.18,0.2,0.01,0.02,75924.15,1776721779000
1776721780.671,280.671,0.81,0.82,0.18,0.19,0.01,0.01,75924.15,1776721779000
1776721781.02,281.02,0.83,0.84,0.16,0.17,0.01,0.01,75924.15,1776721779000
1776721781.371,281.371,0.84,0.85,0.15,0.16,0.01,0.01,75924.15,1776721779000
1776721781.921,281.921,0.84,0.85,0.15,0.16,0.01,0.01,75924.15,1776721779000
1776721782.273,282.273,0.84,0.85,0.15,0.16,0.01,0.01,75924.4,1776721780000
1776721782.627,282.627,0.84,0.85,0.15,0.16,0.01,0.01,75924.42,1776721781000
1776721783.235,283.235,0.86,0.87,0.13,0.14,0.01,0.01,75924.42,1776721781000
1776721783.597,283.597,0.86,0.87,0.13,0.14,0.01,0.01,75924.44,1776721782000
1776721784.017,284.017,0.86,0.87,0.13,0.14,0.01,0.01,75924.44,1776721782000
1776721784.411,284.411,0.91,0.93,0.07,0.1,0.02,0.03,75924.44,1776721783000
1776721784.759,284.759,0.92,0.93,0.07,0.08,0.01,0.01,75924.44,1776721783000
1776721785.095,285.095,0.92,0.93,0.07,0.08,0.01,0.01,75924.44,1776721783000
1776721785.465,285.465,0.92,0.93,0.07,0.08,0.01,0.01,75924.58,1776721784000
1776721785.803,285.803,0.93,0.94,0.06,0.07,0.01,0.01,75924.58,1776721784000
1776721786.265,286.265,0.94,0.95,0.05,0.06,0.01,0.01,75924.58,1776721784000
1776721786.599,286.599,0.94,0.95,0.05,0.06,0.01,0.01,75924.7,1776721785000
1776721786.954,286.954,0.94,0.95,0.05,0.06,0.01,0.01,75926.47,1776721786000
1776721787.289,287.289,0.94,0.95,0.05,0.06,0.01,0.01,75926.47,1776721786000
1776721787.725,287.725,0.94,0.95,0.05,0.06,0.01,0.01,75926.47,1776721786000
1776721788.081,288.081,0.94,0.95,0.05,0.06,0.01,0.01,75926.47,1776721786000
1776721788.532,288.532,0.94,0.95,0.05,0.06,0.01,0.01,75926.47,1776721787000
1776721788.874,288.874,0.95,0.96,0.04,0.05,0.01,0.01,75926.47,1776721787000
1776721789.224,289.224,0.94,0.95,0.05,0.06,0.01,0.01,75926.47,1776721788000
1776721789.714,289.714,0.94,0.95,0.05,0.06,0.01,0.01,75926.47,1776721788000
1776721790.351,290.351,0.94,0.95,0.05,0.06,0.01,0.01,75926.55,1776721789000
1776721790.695,290.695,0.93,0.95,0.05,0.06,0.02,0.01,75926.55,1776721789000
1776721791.062,291.062,0.93,0.94,0.06,0.07,0.01,0.01,75926.55,1776721789000
1776721791.469,291.469,0.94,0.95,0.06,0.07,0.01,0.01,75926.55,1776721789000
1776721791.928,291.928,0.94,0.95,0.05,0.06,0.01,0.01,75926.72,1776721790000
1776721792.381,292.381,0.94,0.95,0.05,0.06,0.01,0.01,75926.66,1776721791000
1776721792.83,292.83,0.94,0.95,0.05,0.06,0.01,0.01,75926.66,1776721791000
1776721793.257,293.257,0.91,0.92,0.04,0.11,0.01,0.07,75926.66,1776721791000
1776721793.615,293.615,0.91,0.93,0.07,0.09,0.02,0.02,75926.79,1776721792000
1776721793.97,293.97,0.96,0.97,0.03,0.04,0.01,0.01,75926.79,1776721792000
1776721794.31,294.31,0.96,0.97,0.03,0.04,0.01,0.01,75927.37,1776721793000
1776721794.649,294.649,0.96,0.97,0.03,0.04,0.01,0.01,75927.37,1776721793000
1776721795.052,295.052,0.96,0.97,0.03,0.04,0.01,0.01,75927.37,1776721793000
1776721795.399,295.399,0.96,0.97,0.03,0.04,0.01,0.01,75927.68,1776721794000
1776721795.751,295.751,0.97,0.98,0.02,0.03,0.01,0.01,75927.68,1776721794000
1776721796.153,296.153,0.97,0.98,0.02,0.03,0.01,0.01,75928.0,1776721795000
1776721796.49,296.49,0.97,0.99,0.01,0.03,0.02,0.02,75928.0,1776721795000
1776721796.829,296.829,0.98,0.99,0.01,0.02,0.01,0.01,75928.0,1776721795000
1776721797.162,297.162,0.98,0.99,0.01,0.02,0.01,0.01,75931.23,1776721796000
1776721797.495,297.495,0.98,0.99,0.01,0.02,0.01,0.01,75931.23,1776721796000
1776721797.845,297.845,0.98,0.99,0.01,0.02,0.01,0.01,75931.23,1776721796000
1776721798.218,298.218,0.98,0.99,0.01,0.02,0.01,0.01,75931.34,1776721797000
1776721798.629,298.629,0.99,0.99,0.01,0.01,0.0,0.0,75931.34,1776721797000
1776721798.979,298.979,0.99,0.99,0.01,0.01,0.0,0.0,75931.34,1776721797000
1776721799.383,299.383,0.99,0.99,0.01,0.01,0.0,0.0,75933.04,1776721798000
1776721799.75,299.75,0.99,0.99,0.01,0.01,0.0,0.0,75933.04,1776721798000
1776721800.099,300.099,0.99,0.99,0.01,0.01,0.0,0.0,75934.49,1776721799000
1776721800.679,300.679,0.99,0.99,0.01,0.01,0.0,0.0,75934.49,1776721799000
1776721802.235,302.235,0.99,0.99,0.01,0.01,0.0,0.0,75941.05,1776721801000

# RESULT,winner=Up,slug=btc-updown-5m-1776721500,ticks=691
