timestamp,elapsed_sec,up_bid,up_ask,down_bid,down_ask,up_spread,down_spread,btc_price,btc_oracle_ts
1776187500.674,0.674,0.45,0.46,0.54,0.55,0.01,0.01,74887.1,1776187499000
1776187501.007,1.007,0.45,0.46,0.54,0.55,0.01,0.01,74887.1,1776187499000
1776187501.485,1.485,0.45,0.46,0.54,0.55,0.01,0.01,74885.75,1776187500000
1776187501.976,1.976,0.45,0.46,0.54,0.55,0.01,0.01,74885.75,1776187500000
1776187502.395,2.395,0.46,0.47,0.53,0.55,0.01,0.02,74885.69,1776187501000
1776187502.801,2.801,0.46,0.47,0.53,0.54,0.01,0.01,74885.69,1776187501000
1776187503.169,3.169,0.46,0.47,0.53,0.54,0.01,0.01,74885.69,1776187501000
1776187503.851,3.851,0.47,0.48,0.52,0.53,0.01,0.01,74886.13,1776187502000
1776187504.266,4.266,0.47,0.48,0.52,0.53,0.01,0.01,74886.13,1776187502000
1776187504.719,4.719,0.47,0.48,0.52,0.53,0.01,0.01,74886.22,1776187503000
1776187505.157,5.157,0.47,0.48,0.52,0.53,0.01,0.01,74886.22,1776187503000
1776187505.577,5.577,0.48,0.49,0.51,0.52,0.01,0.01,74886.23,1776187504000
1776187506.118,6.118,0.48,0.49,0.51,0.52,0.01,0.01,74886.23,1776187504000
1776187506.929,6.929,0.48,0.49,0.51,0.52,0.01,0.01,74886.63,1776187505000
1776187507.349,7.349,0.48,0.49,0.51,0.52,0.01,0.01,74886.63,1776187505000
1776187507.712,7.712,0.48,0.49,0.51,0.52,0.01,0.01,74887.71,1776187506000
1776187508.158,8.158,0.48,0.49,0.51,0.52,0.01,0.01,74887.71,1776187506000
1776187508.568,8.568,0.48,0.49,0.51,0.52,0.01,0.01,74887.71,1776187506000
1776187509.156,9.156,0.48,0.49,0.51,0.52,0.01,0.01,74887.56,1776187508000
1776187509.494,9.494,0.48,0.49,0.51,0.52,0.01,0.01,74887.56,1776187508000
1776187509.855,9.855,0.48,0.49,0.5,0.52,0.01,0.02,74887.56,1776187508000
1776187510.236,10.236,0.49,0.5,0.5,0.51,0.01,0.01,74887.56,1776187508000
1776187510.718,10.718,0.49,0.5,0.5,0.51,0.01,0.01,74887.55,1776187509000
1776187511.139,11.139,0.49,0.5,0.5,0.51,0.01,0.01,74887.55,1776187509000
1776187511.48,11.48,0.49,0.5,0.5,0.51,0.01,0.01,74886.72,1776187510000
1776187511.846,11.846,0.49,0.51,0.5,0.51,0.02,0.01,74886.72,1776187510000
1776187512.382,12.382,0.5,0.51,0.5,0.51,0.01,0.01,74886.72,1776187511000
1776187513.017,13.017,0.5,0.51,0.49,0.5,0.01,0.01,74886.72,1776187511000
1776187513.466,13.466,0.5,0.51,0.49,0.5,0.01,0.01,74887.62,1776187512000
1776187513.971,13.971,0.5,0.51,0.49,0.5,0.01,0.01,74888.04,1776187513000
1776187514.764,14.764,0.5,0.51,0.49,0.5,0.01,0.01,74888.04,1776187513000
1776187515.144,15.144,0.5,0.51,0.49,0.5,0.01,0.01,74887.59,1776187514000
1776187515.584,15.584,0.5,0.51,0.49,0.5,0.01,0.01,74887.59,1776187514000
1776187516.036,16.036,0.5,0.51,0.49,0.5,0.01,0.01,74887.59,1776187514000
1776187516.397,16.397,0.47,0.49,0.5,0.53,0.02,0.03,74887.69,1776187515000
1776187516.734,16.734,0.48,0.49,0.51,0.52,0.01,0.01,74887.69,1776187515000
1776187517.116,17.116,0.47,0.49,0.51,0.52,0.02,0.01,74887.69,1776187515000
1776187517.449,17.449,0.44,0.45,0.55,0.56,0.01,0.01,74887.67,1776187516000
1776187518.29,18.29,0.43,0.44,0.56,0.57,0.01,0.01,74887.67,1776187516000
1776187518.837,18.837,0.43,0.44,0.56,0.57,0.01,0.01,74883.32,1776187517000
1776187519.171,19.171,0.42,0.44,0.56,0.57,0.02,0.01,74879.14,1776187518000
1776187519.57,19.57,0.42,0.43,0.57,0.58,0.01,0.01,74879.14,1776187518000
1776187519.937,19.937,0.42,0.43,0.57,0.58,0.01,0.01,74879.14,1776187518000
1776187520.337,20.337,0.42,0.43,0.57,0.58,0.01,0.01,74879.14,1776187518000
1776187520.68,20.68,0.42,0.43,0.57,0.58,0.01,0.01,74869.82,1776187519000
1776187521.08,21.08,0.42,0.43,0.56,0.58,0.01,0.02,74869.82,1776187519000
1776187521.414,21.414,0.43,0.44,0.56,0.57,0.01,0.01,74868.26,1776187520000
1776187521.772,21.772,0.43,0.45,0.53,0.57,0.02,0.04,74868.26,1776187520000
1776187522.109,22.109,0.45,0.46,0.53,0.56,0.01,0.03,74868.26,1776187520000
1776187522.605,22.605,0.45,0.46,0.54,0.55,0.01,0.01,74873.12,1776187521000
1776187522.961,22.961,0.45,0.46,0.54,0.55,0.01,0.01,74873.12,1776187521000
1776187523.358,23.358,0.45,0.46,0.54,0.55,0.01,0.01,74876.19,1776187522000
1776187523.714,23.714,0.45,0.46,0.54,0.55,0.01,0.01,74876.19,1776187522000
1776187524.158,24.158,0.44,0.45,0.55,0.56,0.01,0.01,74876.19,1776187522000
1776187524.499,24.499,0.44,0.45,0.55,0.56,0.01,0.01,74876.8,1776187523000
1776187524.887,24.887,0.44,0.45,0.55,0.56,0.01,0.01,74876.8,1776187523000
1776187525.287,25.287,0.44,0.45,0.55,0.56,0.01,0.01,74876.8,1776187523000
1776187526.25,26.25,0.44,0.45,0.55,0.56,0.01,0.01,74876.04,1776187525000
1776187526.752,26.752,0.44,0.45,0.55,0.56,0.01,0.01,74876.04,1776187525000
1776187527.577,27.577,0.44,0.45,0.55,0.56,0.01,0.01,74876.04,1776187525000
1776187527.999,27.999,0.44,0.45,0.55,0.56,0.01,0.01,74875.41,1776187526000
1776187528.339,28.339,0.47,0.5,0.5,0.53,0.03,0.03,74875.26,1776187527000
1776187528.674,28.674,0.48,0.5,0.5,0.53,0.02,0.03,74875.26,1776187527000
1776187529.132,29.132,0.49,0.51,0.5,0.51,0.02,0.01,74875.26,1776187527000
1776187529.628,29.628,0.49,0.51,0.49,0.51,0.02,0.02,74879.69,1776187528000
1776187530.026,30.026,0.49,0.5,0.5,0.51,0.01,0.01,74879.69,1776187528000
1776187530.372,30.372,0.5,0.51,0.49,0.5,0.01,0.01,74886.39,1776187529000
1776187531.087,31.087,0.5,0.51,0.49,0.5,0.01,0.01,74886.39,1776187529000
1776187531.427,31.427,0.5,0.53,0.47,0.5,0.03,0.03,74887.56,1776187530000
1776187531.799,31.799,0.52,0.55,0.45,0.48,0.03,0.03,74887.56,1776187530000
1776187532.405,32.405,0.54,0.55,0.45,0.46,0.01,0.01,74887.56,1776187530000
1776187532.748,32.748,0.54,0.55,0.45,0.46,0.01,0.01,74890.12,1776187531000
1776187533.116,33.116,0.62,0.63,0.37,0.38,0.01,0.01,74897.57,1776187532000
1776187533.613,33.613,0.62,0.63,0.37,0.38,0.01,0.01,74897.57,1776187532000
1776187533.983,33.983,0.62,0.63,0.37,0.38,0.01,0.01,74897.57,1776187532000
1776187534.326,34.326,0.62,0.63,0.37,0.38,0.01,0.01,74897.57,1776187532000
1776187534.678,34.678,0.62,0.63,0.37,0.38,0.01,0.01,74904.15,1776187533000
1776187535.038,35.038,0.62,0.63,0.37,0.38,0.01,0.01,74904.15,1776187533000
1776187535.392,35.392,0.62,0.63,0.37,0.38,0.01,0.01,74905.8,1776187534000
1776187535.767,35.767,0.62,0.63,0.37,0.38,0.01,0.01,74905.8,1776187534000
1776187536.186,36.186,0.62,0.63,0.37,0.38,0.01,0.01,74905.8,1776187534000
1776187536.563,36.563,0.57,0.61,0.39,0.41,0.04,0.02,74905.8,1776187534000
1776187536.916,36.916,0.55,0.56,0.44,0.45,0.01,0.01,74905.8,1776187534000
1776187537.274,37.274,0.55,0.56,0.44,0.45,0.01,0.01,74907.1,1776187536000
1776187537.686,37.686,0.55,0.56,0.44,0.45,0.01,0.01,74907.1,1776187536000
1776187538.026,38.026,0.55,0.56,0.44,0.45,0.01,0.01,74903.22,1776187537000
1776187538.439,38.439,0.55,0.56,0.44,0.45,0.01,0.01,74903.22,1776187537000
1776187538.818,38.818,0.55,0.56,0.44,0.45,0.01,0.01,74903.22,1776187537000
1776187539.365,39.365,0.55,0.56,0.44,0.45,0.01,0.01,74896.32,1776187538000
1776187539.708,39.708,0.55,0.56,0.44,0.45,0.01,0.01,74896.32,1776187538000
1776187540.185,40.185,0.54,0.55,0.45,0.46,0.01,0.01,74893.88,1776187539000
1776187540.525,40.525,0.54,0.55,0.45,0.46,0.01,0.01,74893.88,1776187539000
1776187540.879,40.879,0.53,0.55,0.46,0.47,0.02,0.01,74893.88,1776187539000
1776187541.595,41.595,0.53,0.54,0.46,0.47,0.01,0.01,74893.88,1776187540000
1776187542.088,42.088,0.53,0.54,0.46,0.47,0.01,0.01,74894.46,1776187541000
1776187542.554,42.554,0.53,0.54,0.46,0.47,0.01,0.01,74894.46,1776187541000
1776187542.902,42.902,0.54,0.55,0.45,0.46,0.01,0.01,74894.46,1776187541000
1776187543.239,43.239,0.55,0.56,0.44,0.46,0.01,0.02,74888.03,1776187542000
1776187543.999,43.999,0.55,0.56,0.43,0.45,0.01,0.02,74888.03,1776187542000
1776187544.354,44.354,0.55,0.56,0.44,0.45,0.01,0.01,74891.63,1776187543000
1776187544.768,44.768,0.55,0.56,0.43,0.45,0.01,0.02,74891.63,1776187543000
1776187545.107,45.107,0.55,0.57,0.44,0.45,0.02,0.01,74895.33,1776187544000
1776187545.523,45.523,0.57,0.58,0.42,0.44,0.01,0.02,74895.33,1776187544000
1776187545.867,45.867,0.58,0.59,0.41,0.42,0.01,0.01,74895.33,1776187544000
1776187546.207,46.207,0.59,0.61,0.39,0.41,0.02,0.02,74897.44,1776187545000
1776187546.558,46.558,0.6,0.61,0.39,0.41,0.01,0.02,74897.44,1776187545000
1776187546.898,46.898,0.6,0.61,0.39,0.4,0.01,0.01,74897.44,1776187545000
1776187547.254,47.254,0.6,0.61,0.39,0.4,0.01,0.01,74904.24,1776187546000
1776187547.587,47.587,0.6,0.61,0.39,0.4,0.01,0.01,74904.24,1776187546000
1776187548.017,48.017,0.6,0.61,0.39,0.4,0.01,0.01,74905.02,1776187547000
1776187548.42,48.42,0.61,0.62,0.38,0.39,0.01,0.01,74905.02,1776187547000
1776187548.998,48.998,0.61,0.62,0.38,0.39,0.01,0.01,74906.34,1776187548000
1776187549.335,49.335,0.61,0.62,0.38,0.39,0.01,0.01,74906.34,1776187548000
1776187549.685,49.685,0.61,0.62,0.38,0.39,0.01,0.01,74906.34,1776187548000
1776187550.026,50.026,0.59,0.6,0.4,0.41,0.01,0.01,74906.48,1776187549000
1776187550.374,50.374,0.55,0.57,0.43,0.45,0.02,0.02,74906.48,1776187549000
1776187550.751,50.751,0.53,0.55,0.45,0.47,0.02,0.02,74906.48,1776187549000
1776187551.12,51.12,0.53,0.54,0.46,0.47,0.01,0.01,74903.45,1776187550000
1776187551.61,51.61,0.51,0.52,0.47,0.49,0.01,0.02,74903.45,1776187550000
1776187551.948,51.948,0.51,0.52,0.48,0.49,0.01,0.01,74903.45,1776187550000
1776187552.301,52.301,0.51,0.52,0.48,0.49,0.01,0.01,74888.17,1776187551000
1776187552.656,52.656,0.5,0.51,0.49,0.5,0.01,0.01,74888.17,1776187551000
1776187553.024,53.024,0.5,0.51,0.49,0.5,0.01,0.01,74883.4,1776187552000
1776187553.458,53.458,0.5,0.51,0.49,0.5,0.01,0.01,74883.4,1776187552000
1776187553.867,53.867,0.49,0.5,0.49,0.51,0.01,0.02,74883.4,1776187552000
1776187554.313,54.313,0.49,0.5,0.49,0.51,0.01,0.02,74881.37,1776187553000
1776187554.848,54.848,0.49,0.5,0.5,0.51,0.01,0.01,74881.37,1776187553000
1776187555.2,55.2,0.49,0.5,0.5,0.51,0.01,0.01,74881.37,1776187553000
1776187555.908,55.908,0.49,0.5,0.5,0.51,0.01,0.01,74879.67,1776187554000
1776187556.32,56.32,0.48,0.49,0.51,0.52,0.01,0.01,74879.67,1776187554000
1776187556.677,56.677,0.48,0.49,0.51,0.52,0.01,0.01,74877.54,1776187555000
1776187557.109,57.109,0.47,0.49,0.51,0.52,0.02,0.01,74877.54,1776187555000
1776187557.501,57.501,0.47,0.48,0.52,0.53,0.01,0.01,74877.53,1776187556000
1776187557.909,57.909,0.47,0.48,0.52,0.53,0.01,0.01,74877.53,1776187557000
1776187558.6,58.6,0.47,0.48,0.52,0.53,0.01,0.01,74877.53,1776187557000
1776187558.964,58.964,0.47,0.48,0.52,0.53,0.01,0.01,74877.53,1776187557000
1776187559.323,59.323,0.46,0.47,0.52,0.53,0.01,0.01,74875.56,1776187558000
1776187559.859,59.859,0.46,0.47,0.53,0.54,0.01,0.01,74875.56,1776187558000
1776187560.198,60.198,0.46,0.47,0.53,0.54,0.01,0.01,74875.5,1776187559000
1776187560.581,60.581,0.45,0.47,0.53,0.54,0.02,0.01,74875.5,1776187559000
1776187561.004,61.004,0.45,0.46,0.54,0.55,0.01,0.01,74875.5,1776187559000
1776187561.407,61.407,0.45,0.46,0.54,0.55,0.01,0.01,74874.5,1776187560000
1776187561.776,61.776,0.45,0.46,0.54,0.55,0.01,0.01,74874.5,1776187560000
1776187562.207,62.207,0.45,0.46,0.54,0.55,0.01,0.01,74874.63,1776187561000
1776187562.604,62.604,0.45,0.46,0.54,0.55,0.01,0.01,74874.63,1776187561000
1776187563.01,63.01,0.46,0.47,0.53,0.54,0.01,0.01,74874.63,1776187561000
1776187563.592,63.592,0.46,0.47,0.53,0.54,0.01,0.01,74876.11,1776187562000
1776187564.147,64.147,0.46,0.47,0.53,0.54,0.01,0.01,74876.18,1776187563000
1776187564.661,64.661,0.44,0.46,0.53,0.54,0.02,0.01,74876.18,1776187563000
1776187564.997,64.997,0.42,0.43,0.55,0.58,0.01,0.03,74876.18,1776187563000
1776187565.407,65.407,0.4,0.41,0.57,0.58,0.01,0.01,74874.22,1776187564000
1776187565.759,65.759,0.4,0.41,0.59,0.6,0.01,0.01,74874.22,1776187564000
1776187566.099,66.099,0.35,0.36,0.64,0.65,0.01,0.01,74874.22,1776187564000
1776187566.509,66.509,0.35,0.36,0.64,0.65,0.01,0.01,74870.94,1776187565000
1776187566.845,66.845,0.35,0.36,0.64,0.65,0.01,0.01,74870.94,1776187565000
1776187567.183,67.183,0.35,0.36,0.64,0.65,0.01,0.01,74868.55,1776187566000
1776187567.556,67.556,0.35,0.36,0.64,0.65,0.01,0.01,74868.55,1776187566000
1776187567.912,67.912,0.35,0.36,0.64,0.65,0.01,0.01,74868.55,1776187566000
1776187568.31,68.31,0.35,0.36,0.64,0.65,0.01,0.01,74848.26,1776187567000
1776187568.683,68.683,0.35,0.36,0.64,0.65,0.01,0.01,74848.26,1776187567000
1776187569.023,69.023,0.35,0.36,0.64,0.65,0.01,0.01,74848.26,1776187567000
1776187569.38,69.38,0.35,0.36,0.64,0.65,0.01,0.01,74843.8,1776187568000
1776187569.727,69.727,0.35,0.36,0.64,0.65,0.01,0.01,74843.8,1776187568000
1776187570.095,70.095,0.35,0.36,0.64,0.65,0.01,0.01,74843.8,1776187568000
1776187570.458,70.458,0.35,0.36,0.64,0.65,0.01,0.01,74844.83,1776187569000
1776187570.899,70.899,0.35,0.36,0.64,0.65,0.01,0.01,74844.83,1776187569000
1776187571.267,71.267,0.34,0.35,0.65,0.66,0.01,0.01,74844.83,1776187569000
1776187571.748,71.748,0.34,0.35,0.65,0.66,0.01,0.01,74847.51,1776187570000
1776187572.1,72.1,0.34,0.35,0.65,0.66,0.01,0.01,74847.51,1776187570000
1776187572.468,72.468,0.34,0.35,0.65,0.66,0.01,0.01,74847.51,1776187570000
1776187572.939,72.939,0.33,0.34,0.65,0.67,0.01,0.02,74847.96,1776187571000
1776187573.34,73.34,0.33,0.34,0.66,0.67,0.01,0.01,74847.96,1776187571000
1776187573.71,73.71,0.33,0.34,0.66,0.67,0.01,0.01,74845.64,1776187572000
1776187574.091,74.091,0.3,0.31,0.67,0.69,0.01,0.02,74845.64,1776187572000
1776187574.443,74.443,0.29,0.3,0.7,0.71,0.01,0.01,74845.64,1776187572000
1776187574.793,74.793,0.29,0.3,0.7,0.71,0.01,0.01,74845.46,1776187573000
1776187575.223,75.223,0.29,0.3,0.7,0.71,0.01,0.01,74844.95,1776187574000
1776187575.869,75.869,0.29,0.3,0.7,0.71,0.01,0.01,74844.95,1776187574000
1776187576.213,76.213,0.29,0.3,0.7,0.71,0.01,0.01,74844.95,1776187574000
1776187576.548,76.548,0.3,0.34,0.66,0.7,0.04,0.04,74838.61,1776187575000
1776187576.934,76.934,0.3,0.31,0.69,0.7,0.01,0.01,74838.61,1776187575000
1776187577.353,77.353,0.3,0.32,0.68,0.7,0.02,0.02,74844.92,1776187576000
1776187577.769,77.769,0.3,0.31,0.69,0.7,0.01,0.01,74844.92,1776187576000
1776187578.12,78.12,0.3,0.31,0.69,0.7,0.01,0.01,74844.92,1776187576000
1776187578.588,78.588,0.3,0.31,0.69,0.7,0.01,0.01,74847.29,1776187577000
1776187579.258,79.258,0.3,0.31,0.69,0.7,0.01,0.01,74847.29,1776187577000
1776187579.598,79.598,0.3,0.31,0.69,0.7,0.01,0.01,74847.29,1776187577000
1776187579.991,79.991,0.3,0.31,0.69,0.7,0.01,0.01,74847.32,1776187578000
1776187580.329,80.329,0.3,0.31,0.69,0.7,0.01,0.01,74847.32,1776187578000
1776187580.719,80.719,0.3,0.31,0.69,0.7,0.01,0.01,74847.32,1776187579000
1776187581.308,81.308,0.3,0.31,0.69,0.7,0.01,0.01,74847.32,1776187579000
1776187581.647,81.647,0.28,0.31,0.69,0.72,0.03,0.03,74847.32,1776187579000
1776187582.059,82.059,0.29,0.3,0.7,0.71,0.01,0.01,74845.0,1776187580000
1776187582.719,82.719,0.29,0.3,0.7,0.71,0.01,0.01,74843.42,1776187581000
1776187583.296,83.296,0.29,0.3,0.7,0.71,0.01,0.01,74843.42,1776187581000
1776187583.631,83.631,0.29,0.3,0.7,0.71,0.01,0.01,74840.07,1776187582000
1776187584.157,84.157,0.29,0.3,0.7,0.71,0.01,0.01,74840.07,1776187582000
1776187584.514,84.514,0.28,0.29,0.7,0.71,0.01,0.01,74837.62,1776187583000
1776187585.164,85.164,0.28,0.29,0.71,0.72,0.01,0.01,74837.62,1776187583000
1776187585.663,85.663,0.28,0.29,0.71,0.72,0.01,0.01,74837.48,1776187584000
1776187586.076,86.076,0.28,0.29,0.71,0.72,0.01,0.01,74837.48,1776187584000
1776187586.517,86.517,0.28,0.29,0.71,0.72,0.01,0.01,74837.76,1776187585000
1776187587.117,87.117,0.28,0.29,0.71,0.72,0.01,0.01,74837.76,1776187585000
1776187587.495,87.495,0.28,0.29,0.71,0.72,0.01,0.01,74837.76,1776187585000
1776187587.85,87.85,0.28,0.29,0.71,0.72,0.01,0.01,74836.56,1776187586000
1776187588.256,88.256,0.29,0.3,0.69,0.71,0.01,0.02,74836.56,1776187586000
1776187588.653,88.653,0.29,0.3,0.7,0.71,0.01,0.01,74835.5,1776187587000
1776187589.017,89.017,0.31,0.32,0.68,0.69,0.01,0.01,74836.95,1776187588000
1776187589.393,89.393,0.31,0.32,0.68,0.69,0.01,0.01,74836.95,1776187588000
1776187589.765,89.765,0.31,0.32,0.68,0.69,0.01,0.01,74836.95,1776187588000
1776187590.108,90.108,0.31,0.32,0.68,0.69,0.01,0.01,74836.95,1776187588000
1776187590.456,90.456,0.31,0.32,0.68,0.69,0.01,0.01,74836.95,1776187588000
1776187590.8,90.8,0.31,0.32,0.68,0.69,0.01,0.01,74845.74,1776187589000
1776187591.184,91.184,0.31,0.32,0.68,0.69,0.01,0.01,74848.02,1776187590000
1776187591.55,91.55,0.31,0.32,0.68,0.69,0.01,0.01,74848.02,1776187590000
1776187591.957,91.957,0.31,0.32,0.68,0.69,0.01,0.01,74848.02,1776187590000
1776187592.345,92.345,0.31,0.32,0.68,0.69,0.01,0.01,74848.02,1776187590000
1776187592.841,92.841,0.31,0.32,0.68,0.69,0.01,0.01,74846.26,1776187591000
1776187593.177,93.177,0.31,0.32,0.68,0.69,0.01,0.01,74846.26,1776187591000
1776187593.513,93.513,0.31,0.32,0.68,0.69,0.01,0.01,74846.37,1776187592000
1776187593.868,93.868,0.31,0.32,0.68,0.69,0.01,0.01,74846.37,1776187592000
1776187594.242,94.242,0.31,0.32,0.68,0.69,0.01,0.01,74846.37,1776187592000
1776187594.577,94.577,0.31,0.32,0.68,0.69,0.01,0.01,74846.29,1776187593000
1776187594.921,94.921,0.31,0.32,0.68,0.69,0.01,0.01,74846.29,1776187593000
1776187595.275,95.275,0.31,0.32,0.68,0.69,0.01,0.01,74846.29,1776187593000
1776187595.731,95.731,0.31,0.32,0.68,0.69,0.01,0.01,74848.27,1776187594000
1776187596.287,96.287,0.31,0.32,0.68,0.69,0.01,0.01,74848.71,1776187595000
1776187596.848,96.848,0.32,0.33,0.67,0.68,0.01,0.01,74848.71,1776187595000
1776187597.203,97.203,0.33,0.34,0.67,0.68,0.01,0.01,74848.71,1776187596000
1776187597.69,97.69,0.33,0.34,0.66,0.67,0.01,0.01,74848.71,1776187596000
1776187598.026,98.026,0.33,0.34,0.66,0.67,0.01,0.01,74848.71,1776187596000
1776187598.444,98.444,0.33,0.34,0.66,0.67,0.01,0.01,74849.67,1776187597000
1776187598.786,98.786,0.33,0.34,0.66,0.67,0.01,0.01,74849.67,1776187597000
1776187599.141,99.141,0.33,0.34,0.66,0.67,0.01,0.01,74849.67,1776187597000
1776187599.502,99.502,0.33,0.34,0.66,0.67,0.01,0.01,74850.31,1776187598000
1776187599.896,99.896,0.33,0.34,0.66,0.67,0.01,0.01,74850.31,1776187598000
1776187600.317,100.317,0.33,0.34,0.66,0.67,0.01,0.01,74850.31,1776187598000
1776187600.664,100.664,0.33,0.34,0.66,0.67,0.01,0.01,74850.98,1776187599000
1776187601.02,101.02,0.33,0.34,0.66,0.67,0.01,0.01,74850.98,1776187599000
1776187601.43,101.43,0.33,0.34,0.66,0.67,0.01,0.01,74850.98,1776187600000
1776187601.823,101.823,0.33,0.34,0.66,0.67,0.01,0.01,74850.98,1776187600000
1776187602.167,102.167,0.33,0.34,0.66,0.67,0.01,0.01,74850.98,1776187600000
1776187602.508,102.508,0.33,0.34,0.66,0.67,0.01,0.01,74849.16,1776187601000
1776187602.854,102.854,0.32,0.34,0.66,0.68,0.02,0.02,74847.58,1776187602000
1776187603.188,103.188,0.32,0.33,0.67,0.68,0.01,0.01,74847.58,1776187602000
1776187603.871,103.871,0.32,0.33,0.67,0.68,0.01,0.01,74846.77,1776187603000
1776187604.357,104.357,0.31,0.32,0.68,0.69,0.01,0.01,74846.77,1776187603000
1776187604.992,104.992,0.31,0.32,0.68,0.69,0.01,0.01,74847.12,1776187604000
1776187605.62,105.62,0.3,0.31,0.68,0.69,0.01,0.01,74847.12,1776187604000
1776187606.089,106.089,0.26,0.28,0.72,0.74,0.02,0.02,74846.95,1776187605000
1776187606.541,106.541,0.27,0.28,0.72,0.73,0.01,0.01,74846.95,1776187605000
1776187607.073,107.073,0.27,0.28,0.72,0.73,0.01,0.01,74846.22,1776187606000
1776187607.408,107.408,0.27,0.28,0.72,0.73,0.01,0.01,74846.22,1776187606000
1776187607.955,107.955,0.27,0.28,0.72,0.73,0.01,0.01,74846.22,1776187606000
1776187608.311,108.311,0.27,0.28,0.72,0.73,0.01,0.01,74833.9,1776187607000
1776187608.694,108.694,0.27,0.28,0.72,0.73,0.01,0.01,74833.9,1776187607000
1776187609.047,109.047,0.27,0.28,0.72,0.73,0.01,0.01,74833.9,1776187607000
1776187609.395,109.395,0.27,0.28,0.72,0.73,0.01,0.01,74830.46,1776187608000
1776187609.866,109.866,0.27,0.28,0.72,0.73,0.01,0.01,74830.46,1776187608000
1776187610.365,110.365,0.26,0.27,0.73,0.74,0.01,0.01,74834.29,1776187609000
1776187610.703,110.703,0.26,0.27,0.73,0.74,0.01,0.01,74834.29,1776187609000
1776187611.069,111.069,0.26,0.27,0.73,0.74,0.01,0.01,74834.29,1776187609000
1776187611.411,111.411,0.26,0.27,0.73,0.74,0.01,0.01,74833.8,1776187610000
1776187611.838,111.838,0.26,0.27,0.73,0.74,0.01,0.01,74833.8,1776187610000
1776187612.172,112.172,0.26,0.27,0.73,0.74,0.01,0.01,74833.8,1776187611000
1776187612.545,112.545,0.25,0.26,0.74,0.75,0.01,0.01,74833.8,1776187611000
1776187612.887,112.887,0.24,0.25,0.75,0.76,0.01,0.01,74833.8,1776187611000
1776187613.226,113.226,0.24,0.25,0.75,0.76,0.01,0.01,74833.78,1776187612000
1776187613.564,113.564,0.23,0.24,0.76,0.77,0.01,0.01,74833.78,1776187612000
1776187613.899,113.899,0.23,0.24,0.76,0.77,0.01,0.01,74833.78,1776187612000
1776187614.29,114.29,0.23,0.24,0.76,0.77,0.01,0.01,74833.78,1776187612000
1776187614.703,114.703,0.23,0.24,0.76,0.77,0.01,0.01,74828.7,1776187613000
1776187615.078,115.078,0.23,0.24,0.76,0.77,0.01,0.01,74828.7,1776187613000
1776187615.466,115.466,0.23,0.24,0.76,0.77,0.01,0.01,74823.04,1776187614000
1776187615.846,115.846,0.23,0.24,0.76,0.77,0.01,0.01,74823.04,1776187614000
1776187616.234,116.234,0.23,0.24,0.76,0.77,0.01,0.01,74820.01,1776187615000
1776187616.581,116.581,0.23,0.24,0.76,0.77,0.01,0.01,74820.01,1776187615000
1776187616.922,116.922,0.22,0.23,0.77,0.78,0.01,0.01,74820.01,1776187615000
1776187617.341,117.341,0.22,0.23,0.77,0.78,0.01,0.01,74822.43,1776187616000
1776187617.818,117.818,0.22,0.23,0.77,0.78,0.01,0.01,74822.43,1776187616000
1776187618.211,118.211,0.22,0.23,0.77,0.78,0.01,0.01,74822.33,1776187617000
1776187618.597,118.597,0.21,0.23,0.77,0.78,0.02,0.01,74822.33,1776187617000
1776187619.163,119.163,0.21,0.22,0.78,0.79,0.01,0.01,74822.33,1776187617000
1776187619.737,119.737,0.21,0.22,0.78,0.79,0.01,0.01,74821.82,1776187618000
1776187620.08,120.08,0.21,0.22,0.78,0.79,0.01,0.01,74821.53,1776187619000
1776187620.479,120.479,0.21,0.22,0.78,0.79,0.01,0.01,74821.53,1776187619000
1776187620.873,120.873,0.21,0.22,0.78,0.79,0.01,0.01,74821.53,1776187619000
1776187621.217,121.217,0.21,0.22,0.78,0.79,0.01,0.01,74821.22,1776187620000
1776187621.769,121.769,0.21,0.22,0.78,0.79,0.01,0.01,74821.22,1776187620000
1776187622.129,122.129,0.21,0.22,0.78,0.79,0.01,0.01,74821.22,1776187620000
1776187622.477,122.477,0.21,0.22,0.78,0.79,0.01,0.01,74820.4,1776187621000
1776187622.882,122.882,0.21,0.22,0.78,0.79,0.01,0.01,74820.4,1776187621000
1776187623.231,123.231,0.21,0.22,0.78,0.79,0.01,0.01,74820.4,1776187621000
1776187623.629,123.629,0.2,0.21,0.79,0.8,0.01,0.01,74820.4,1776187621000
1776187623.982,123.982,0.2,0.21,0.79,0.8,0.01,0.01,74822.32,1776187622000
1776187624.341,124.341,0.2,0.21,0.79,0.8,0.01,0.01,74820.35,1776187623000
1776187624.818,124.818,0.2,0.21,0.79,0.8,0.01,0.01,74820.35,1776187623000
1776187625.2,125.2,0.19,0.2,0.79,0.8,0.01,0.01,74820.25,1776187624000
1776187625.561,125.561,0.19,0.2,0.8,0.81,0.01,0.01,74820.25,1776187624000
1776187625.908,125.908,0.18,0.2,0.8,0.81,0.02,0.01,74820.25,1776187624000
1776187626.276,126.276,0.18,0.19,0.81,0.82,0.01,0.01,74820.33,1776187625000
1776187626.639,126.639,0.18,0.19,0.81,0.82,0.01,0.01,74820.33,1776187625000
1776187627.024,127.024,0.18,0.19,0.81,0.82,0.01,0.01,74820.33,1776187625000
1776187627.361,127.361,0.18,0.19,0.81,0.82,0.01,0.01,74820.27,1776187626000
1776187627.926,127.926,0.18,0.19,0.81,0.82,0.01,0.01,74820.27,1776187626000
1776187628.302,128.302,0.18,0.19,0.81,0.82,0.01,0.01,74818.36,1776187627000
1776187628.664,128.664,0.18,0.19,0.81,0.82,0.01,0.01,74818.36,1776187627000
1776187629.023,129.023,0.18,0.19,0.81,0.82,0.01,0.01,74817.76,1776187628000
1776187629.51,129.51,0.18,0.19,0.81,0.82,0.01,0.01,74817.76,1776187628000
1776187629.878,129.878,0.18,0.19,0.81,0.82,0.01,0.01,74817.76,1776187628000
1776187630.226,130.226,0.18,0.19,0.81,0.82,0.01,0.01,74817.79,1776187629000
1776187630.945,130.945,0.18,0.19,0.81,0.82,0.01,0.01,74817.99,1776187630000
1776187631.649,131.649,0.18,0.19,0.81,0.82,0.01,0.01,74817.99,1776187630000
1776187632.05,132.05,0.18,0.19,0.81,0.82,0.01,0.01,74818.0,1776187631000
1776187632.42,132.42,0.18,0.19,0.81,0.82,0.01,0.01,74818.0,1776187631000
1776187632.915,132.915,0.18,0.19,0.81,0.82,0.01,0.01,74818.0,1776187631000
1776187633.66,133.66,0.18,0.19,0.81,0.82,0.01,0.01,74817.99,1776187632000
1776187634.168,134.168,0.18,0.19,0.81,0.82,0.01,0.01,74817.51,1776187633000
1776187634.53,134.53,0.18,0.19,0.81,0.82,0.01,0.01,74817.51,1776187633000
1776187634.892,134.892,0.18,0.19,0.81,0.82,0.01,0.01,74817.51,1776187633000
1776187635.237,135.237,0.18,0.19,0.81,0.82,0.01,0.01,74817.63,1776187634000
1776187635.703,135.703,0.18,0.19,0.81,0.82,0.01,0.01,74817.63,1776187634000
1776187636.41,136.41,0.18,0.19,0.81,0.82,0.01,0.01,74817.72,1776187635000
1776187636.767,136.767,0.18,0.19,0.81,0.82,0.01,0.01,74817.72,1776187635000
1776187637.186,137.186,0.18,0.19,0.81,0.82,0.01,0.01,74817.74,1776187636000
1776187637.634,137.634,0.18,0.19,0.81,0.82,0.01,0.01,74817.74,1776187636000
1776187637.971,137.971,0.18,0.19,0.81,0.82,0.01,0.01,74817.74,1776187636000
1776187638.529,138.529,0.18,0.19,0.81,0.82,0.01,0.01,74819.29,1776187637000
1776187639.041,139.041,0.18,0.19,0.81,0.82,0.01,0.01,74819.29,1776187637000
1776187639.378,139.378,0.19,0.2,0.8,0.81,0.01,0.01,74820.03,1776187638000
1776187639.786,139.786,0.19,0.2,0.8,0.81,0.01,0.01,74820.03,1776187638000
1776187640.16,140.16,0.19,0.2,0.8,0.81,0.01,0.01,74820.03,1776187638000
1776187640.85,140.85,0.19,0.2,0.8,0.81,0.01,0.01,74820.15,1776187639000
1776187641.21,141.21,0.19,0.2,0.8,0.81,0.01,0.01,74825.63,1776187640000
1776187641.687,141.687,0.19,0.2,0.8,0.81,0.01,0.01,74825.63,1776187640000
1776187642.047,142.047,0.19,0.2,0.8,0.81,0.01,0.01,74825.63,1776187640000
1776187642.424,142.424,0.19,0.2,0.8,0.81,0.01,0.01,74827.15,1776187641000
1776187643.218,143.218,0.19,0.2,0.8,0.81,0.01,0.01,74825.05,1776187642000
1776187643.59,143.59,0.19,0.2,0.8,0.81,0.01,0.01,74825.05,1776187642000
1776187643.931,143.931,0.19,0.2,0.8,0.81,0.01,0.01,74825.05,1776187642000
1776187644.408,144.408,0.19,0.2,0.8,0.81,0.01,0.01,74827.08,1776187643000
1776187644.845,144.845,0.19,0.2,0.8,0.81,0.01,0.01,74827.08,1776187643000
1776187645.196,145.196,0.19,0.2,0.8,0.81,0.01,0.01,74825.03,1776187644000
1776187645.811,145.811,0.19,0.2,0.8,0.81,0.01,0.01,74825.03,1776187644000
1776187646.455,146.455,0.19,0.2,0.8,0.81,0.01,0.01,74824.79,1776187645000
1776187646.918,146.918,0.19,0.2,0.8,0.81,0.01,0.01,74824.79,1776187645000
1776187647.258,147.258,0.19,0.2,0.8,0.81,0.01,0.01,74825.74,1776187646000
1776187647.618,147.618,0.19,0.2,0.8,0.81,0.01,0.01,74825.74,1776187646000
1776187648.191,148.191,0.18,0.2,0.8,0.82,0.02,0.02,74825.74,1776187647000
1776187649.03,149.03,0.18,0.2,0.8,0.82,0.02,0.02,74827.6,1776187648000
1776187649.4,149.4,0.18,0.19,0.8,0.82,0.01,0.02,74827.6,1776187648000
1776187649.873,149.873,0.18,0.19,0.81,0.82,0.01,0.01,74827.6,1776187648000
1776187650.842,150.842,0.17,0.19,0.81,0.82,0.02,0.01,74827.32,1776187649000
1776187651.199,151.199,0.11,0.14,0.86,0.89,0.03,0.03,74827.32,1776187649000
1776187651.567,151.567,0.11,0.13,0.86,0.89,0.02,0.03,74825.07,1776187650000
1776187651.922,151.922,0.1,0.12,0.88,0.9,0.02,0.02,74825.07,1776187650000
1776187652.256,152.256,0.1,0.11,0.89,0.9,0.01,0.01,74825.07,1776187650000
1776187652.693,152.693,0.1,0.11,0.89,0.9,0.01,0.01,74809.29,1776187651000
1776187653.132,153.132,0.08,0.09,0.89,0.92,0.01,0.03,74809.29,1776187651000
1776187653.52,153.52,0.08,0.09,0.91,0.92,0.01,0.01,74787.16,1776187652000
1776187653.883,153.883,0.08,0.09,0.91,0.92,0.01,0.01,74787.16,1776187652000
1776187654.237,154.237,0.06,0.08,0.92,0.94,0.02,0.02,74774.66,1776187653000
1776187654.584,154.584,0.06,0.07,0.93,0.94,0.01,0.01,74774.66,1776187653000
1776187654.927,154.927,0.06,0.07,0.92,0.94,0.01,0.02,74774.66,1776187653000
1776187655.336,155.336,0.06,0.07,0.93,0.94,0.01,0.01,74769.27,1776187654000
1776187655.669,155.669,0.06,0.07,0.93,0.94,0.01,0.01,74769.27,1776187654000
1776187656.021,156.021,0.06,0.07,0.93,0.94,0.01,0.01,74769.27,1776187654000
1776187656.376,156.376,0.06,0.07,0.93,0.94,0.01,0.01,74762.37,1776187655000
1776187656.775,156.775,0.06,0.07,0.93,0.94,0.01,0.01,74762.37,1776187655000
1776187657.185,157.185,0.06,0.07,0.93,0.94,0.01,0.01,74758.46,1776187656000
1776187657.523,157.523,0.06,0.07,0.93,0.94,0.01,0.01,74758.46,1776187656000
1776187657.871,157.871,0.06,0.07,0.93,0.94,0.01,0.01,74758.46,1776187656000
1776187658.216,158.216,0.06,0.07,0.93,0.94,0.01,0.01,74758.15,1776187657000
1776187658.561,158.561,0.06,0.07,0.93,0.94,0.01,0.01,74758.15,1776187657000
1776187658.928,158.928,0.06,0.07,0.93,0.94,0.01,0.01,74758.15,1776187657000
1776187659.324,159.324,0.06,0.07,0.93,0.94,0.01,0.01,74760.01,1776187658000
1776187659.667,159.667,0.06,0.07,0.93,0.94,0.01,0.01,74760.01,1776187658000
1776187660.278,160.278,0.06,0.07,0.93,0.94,0.01,0.01,74760.01,1776187658000
1776187660.726,160.726,0.06,0.07,0.93,0.94,0.01,0.01,74760.81,1776187659000
1776187661.135,161.135,0.06,0.07,0.93,0.94,0.01,0.01,74760.98,1776187660000
1776187661.656,161.656,0.06,0.07,0.93,0.94,0.01,0.01,74760.98,1776187660000
1776187662.006,162.006,0.06,0.07,0.93,0.94,0.01,0.01,74766.09,1776187661000
1776187662.712,162.712,0.06,0.07,0.93,0.94,0.01,0.01,74766.09,1776187661000
1776187663.386,163.386,0.06,0.07,0.93,0.94,0.01,0.01,74766.65,1776187662000
1776187663.802,163.802,0.06,0.07,0.93,0.94,0.01,0.01,74766.65,1776187662000
1776187664.168,164.168,0.06,0.07,0.93,0.94,0.01,0.01,74766.65,1776187663000
1776187664.795,164.795,0.06,0.07,0.93,0.94,0.01,0.01,74766.65,1776187663000
1776187665.167,165.167,0.06,0.07,0.93,0.94,0.01,0.01,74766.65,1776187663000
1776187665.504,165.504,0.06,0.07,0.93,0.94,0.01,0.01,74766.58,1776187664000
1776187665.924,165.924,0.06,0.07,0.93,0.94,0.01,0.01,74766.58,1776187664000
1776187666.328,166.328,0.06,0.07,0.93,0.94,0.01,0.01,74770.07,1776187665000
1776187666.69,166.69,0.06,0.07,0.93,0.94,0.01,0.01,74770.07,1776187665000
1776187667.409,167.409,0.06,0.07,0.93,0.94,0.01,0.01,74770.07,1776187665000
1776187667.871,167.871,0.06,0.07,0.93,0.94,0.01,0.01,74777.32,1776187666000
1776187668.221,168.221,0.05,0.06,0.94,0.95,0.01,0.01,74777.32,1776187667000
1776187668.562,168.562,0.05,0.06,0.94,0.95,0.01,0.01,74777.32,1776187667000
1776187669.02,169.02,0.05,0.06,0.94,0.95,0.01,0.01,74777.32,1776187667000
1776187669.36,169.36,0.05,0.06,0.94,0.95,0.01,0.01,74772.74,1776187668000
1776187669.701,169.701,0.05,0.06,0.94,0.95,0.01,0.01,74772.74,1776187668000
1776187670.285,170.285,0.05,0.06,0.94,0.95,0.01,0.01,74768.14,1776187669000
1776187670.911,170.911,0.05,0.06,0.94,0.95,0.01,0.01,74768.14,1776187669000
1776187671.268,171.268,0.05,0.06,0.94,0.95,0.01,0.01,74768.14,1776187669000
1776187671.634,171.634,0.04,0.05,0.95,0.96,0.01,0.01,74768.14,1776187670000
1776187671.982,171.982,0.04,0.05,0.95,0.96,0.01,0.01,74767.86,1776187671000
1776187672.35,172.35,0.04,0.05,0.95,0.96,0.01,0.01,74767.86,1776187671000
1776187672.858,172.858,0.04,0.05,0.95,0.96,0.01,0.01,74767.86,1776187671000
1776187673.239,173.239,0.04,0.05,0.95,0.96,0.01,0.01,74765.49,1776187672000
1776187673.665,173.665,0.04,0.05,0.95,0.96,0.01,0.01,74765.49,1776187672000
1776187674.3,174.3,0.04,0.05,0.95,0.96,0.01,0.01,74763.14,1776187673000
1776187674.901,174.901,0.04,0.05,0.95,0.96,0.01,0.01,74763.14,1776187673000
1776187675.326,175.326,0.04,0.05,0.95,0.96,0.01,0.01,74763.46,1776187674000
1776187675.731,175.731,0.04,0.05,0.95,0.96,0.01,0.01,74763.46,1776187674000
1776187676.27,176.27,0.04,0.05,0.95,0.96,0.01,0.01,74763.46,1776187674000
1776187676.73,176.73,0.04,0.05,0.95,0.96,0.01,0.01,74763.2,1776187675000
1776187677.093,177.093,0.04,0.05,0.95,0.96,0.01,0.01,74763.2,1776187675000
1776187677.519,177.519,0.04,0.05,0.95,0.96,0.01,0.01,74763.2,1776187675000
1776187677.939,177.939,0.04,0.05,0.95,0.96,0.01,0.01,74763.22,1776187676000
1776187678.296,178.296,0.04,0.05,0.95,0.96,0.01,0.01,74763.22,1776187676000
1776187678.707,178.707,0.04,0.05,0.95,0.96,0.01,0.01,74763.22,1776187677000
1776187679.199,179.199,0.04,0.05,0.95,0.96,0.01,0.01,74763.22,1776187678000
1776187679.79,179.79,0.04,0.05,0.95,0.96,0.01,0.01,74763.22,1776187678000
1776187680.167,180.167,0.04,0.05,0.95,0.97,0.01,0.02,74763.37,1776187679000
1776187680.556,180.556,0.03,0.04,0.96,0.97,0.01,0.01,74763.37,1776187679000
1776187680.961,180.961,0.03,0.04,0.96,0.97,0.01,0.01,74763.37,1776187679000
1776187681.436,181.436,0.03,0.04,0.96,0.97,0.01,0.01,74763.51,1776187680000
1776187681.833,181.833,0.03,0.04,0.96,0.97,0.01,0.01,74763.51,1776187680000
1776187682.239,182.239,0.03,0.04,0.96,0.97,0.01,0.01,74763.51,1776187680000
1776187682.581,182.581,0.03,0.04,0.96,0.97,0.01,0.01,74763.51,1776187680000
1776187682.932,182.932,0.03,0.04,0.96,0.97,0.01,0.01,74763.51,1776187680000
1776187683.293,183.293,0.03,0.04,0.96,0.97,0.01,0.01,74763.51,1776187680000
1776187683.684,183.684,0.03,0.04,0.96,0.97,0.01,0.01,74758.82,1776187682000
1776187684.093,184.093,0.03,0.04,0.96,0.97,0.01,0.01,74758.82,1776187682000
1776187684.44,184.44,0.03,0.04,0.96,0.97,0.01,0.01,74758.81,1776187683000
1776187684.858,184.858,0.03,0.04,0.96,0.97,0.01,0.01,74758.81,1776187683000
1776187685.204,185.204,0.03,0.04,0.96,0.97,0.01,0.01,74758.7,1776187684000
1776187685.796,185.796,0.03,0.04,0.96,0.97,0.01,0.01,74758.7,1776187684000
1776187686.227,186.227,0.03,0.04,0.96,0.97,0.01,0.01,74758.76,1776187685000
1776187686.574,186.574,0.03,0.04,0.96,0.97,0.01,0.01,74758.76,1776187685000
1776187687.053,187.053,0.03,0.04,0.96,0.97,0.01,0.01,74757.77,1776187686000
1776187687.428,187.428,0.03,0.04,0.96,0.97,0.01,0.01,74757.77,1776187686000
1776187687.836,187.836,0.03,0.04,0.96,0.97,0.01,0.01,74757.77,1776187686000
1776187688.176,188.176,0.03,0.04,0.96,0.97,0.01,0.01,74757.77,1776187686000
1776187688.569,188.569,0.03,0.04,0.96,0.97,0.01,0.01,74753.48,1776187687000
1776187688.993,188.993,0.03,0.04,0.96,0.97,0.01,0.01,74753.48,1776187687000
1776187689.759,189.759,0.02,0.03,0.97,0.98,0.01,0.01,74750.2,1776187688000
1776187690.098,190.098,0.02,0.03,0.97,0.98,0.01,0.01,74750.2,1776187688000
1776187690.457,190.457,0.02,0.03,0.97,0.98,0.01,0.01,74750.07,1776187689000
1776187690.863,190.863,0.02,0.03,0.97,0.98,0.01,0.01,74750.07,1776187689000
1776187691.293,191.293,0.02,0.03,0.97,0.98,0.01,0.01,74750.07,1776187690000
1776187691.693,191.693,0.02,0.03,0.97,0.98,0.01,0.01,74750.07,1776187690000
1776187692.029,192.029,0.02,0.03,0.97,0.98,0.01,0.01,74750.21,1776187691000
1776187692.497,192.497,0.02,0.03,0.97,0.98,0.01,0.01,74750.21,1776187691000
1776187692.844,192.844,0.02,0.03,0.97,0.98,0.01,0.01,74750.21,1776187691000
1776187693.198,193.198,0.02,0.03,0.97,0.98,0.01,0.01,74750.21,1776187691000
1776187693.751,193.751,0.02,0.03,0.97,0.98,0.01,0.01,74746.09,1776187692000
1776187694.226,194.226,0.02,0.03,0.97,0.98,0.01,0.01,74746.09,1776187692000
1776187694.636,194.636,0.02,0.03,0.97,0.98,0.01,0.01,74745.62,1776187693000
1776187695.074,195.074,0.02,0.03,0.97,0.98,0.01,0.01,74744.74,1776187694000
1776187695.43,195.43,0.02,0.03,0.97,0.98,0.01,0.01,74744.74,1776187694000
1776187695.908,195.908,0.02,0.03,0.97,0.98,0.01,0.01,74744.74,1776187694000
1776187696.323,196.323,0.02,0.03,0.97,0.98,0.01,0.01,74744.44,1776187695000
1776187696.751,196.751,0.02,0.03,0.97,0.98,0.01,0.01,74744.44,1776187695000
1776187697.144,197.144,0.02,0.03,0.97,0.98,0.01,0.01,74744.44,1776187695000
1776187697.646,197.646,0.02,0.03,0.97,0.98,0.01,0.01,74744.44,1776187696000
1776187697.997,197.997,0.02,0.03,0.97,0.98,0.01,0.01,74744.44,1776187696000
1776187698.363,198.363,0.02,0.03,0.97,0.98,0.01,0.01,74744.49,1776187697000
1776187698.893,198.893,0.01,0.02,0.97,0.99,0.01,0.02,74744.49,1776187697000
1776187699.358,199.358,0.01,0.02,0.98,0.99,0.01,0.01,74744.49,1776187697000
1776187699.835,199.835,0.01,0.02,0.98,0.99,0.01,0.01,74744.21,1776187698000
1776187700.224,200.224,0.01,0.02,0.98,0.99,0.01,0.01,74744.21,1776187699000
1776187700.604,200.604,0.01,0.02,0.98,0.99,0.01,0.01,74744.21,1776187699000
1776187701.109,201.109,0.01,0.02,0.98,0.99,0.01,0.01,74744.21,1776187699000
1776187701.532,201.532,0.01,0.02,0.98,0.99,0.01,0.01,74744.46,1776187700000
1776187701.87,201.87,0.01,0.02,0.98,0.99,0.01,0.01,74746.76,1776187701000
1776187702.363,202.363,0.01,0.02,0.98,0.99,0.01,0.01,74746.76,1776187701000
1776187702.717,202.717,0.01,0.02,0.98,0.99,0.01,0.01,74746.76,1776187701000
1776187703.132,203.132,0.01,0.02,0.98,0.99,0.01,0.01,74748.28,1776187702000
1776187703.534,203.534,0.01,0.02,0.98,0.99,0.01,0.01,74748.28,1776187702000
1776187704.005,204.005,0.01,0.02,0.98,0.99,0.01,0.01,74748.28,1776187702000
1776187704.439,204.439,0.01,0.02,0.98,0.99,0.01,0.01,74752.54,1776187703000
1776187704.84,204.84,0.01,0.02,0.98,0.99,0.01,0.01,74752.54,1776187703000
1776187705.298,205.298,0.01,0.02,0.98,0.99,0.01,0.01,74752.54,1776187703000
1776187705.711,205.711,0.01,0.02,0.98,0.99,0.01,0.01,74755.76,1776187704000
1776187706.172,206.172,0.01,0.02,0.98,0.99,0.01,0.01,74757.92,1776187705000
1776187706.586,206.586,0.01,0.02,0.98,0.99,0.01,0.01,74757.92,1776187705000
1776187706.928,206.928,0.01,0.02,0.98,0.99,0.01,0.01,74757.92,1776187705000
1776187707.267,207.267,0.01,0.02,0.98,0.99,0.01,0.01,74763.43,1776187706000
1776187707.612,207.612,0.01,0.02,0.98,0.99,0.01,0.01,74763.43,1776187706000
1776187708.146,208.146,0.01,0.02,0.98,0.99,0.01,0.01,74763.43,1776187706000
1776187708.716,208.716,0.01,0.02,0.98,0.99,0.01,0.01,74763.43,1776187706000
1776187709.27,209.27,0.01,0.02,0.98,0.99,0.01,0.01,74760.16,1776187707000
1776187709.662,209.662,0.01,0.02,0.98,0.99,0.01,0.01,74759.86,1776187708000
1776187710.094,210.094,0.01,0.02,0.98,0.99,0.01,0.01,74759.86,1776187709000
1776187710.47,210.47,0.01,0.02,0.98,0.99,0.01,0.01,74759.86,1776187709000
1776187710.808,210.808,0.01,0.02,0.98,0.99,0.01,0.01,74759.86,1776187709000
1776187711.235,211.235,0.01,0.02,0.98,0.99,0.01,0.01,74759.84,1776187710000
1776187711.895,211.895,0.01,0.02,0.98,0.99,0.01,0.01,74759.84,1776187710000
1776187712.35,212.35,0.01,0.02,0.98,0.99,0.01,0.01,74760.06,1776187711000
1776187713.073,213.073,0.01,0.02,0.98,0.99,0.01,0.01,74760.06,1776187711000
1776187713.5,213.5,0.01,0.02,0.98,0.99,0.01,0.01,74760.06,1776187712000
1776187713.899,213.899,0.01,0.02,0.98,0.99,0.01,0.01,74760.06,1776187712000
1776187714.237,214.237,0.01,0.02,0.98,0.99,0.01,0.01,74759.44,1776187713000
1776187714.967,214.967,0.01,0.02,0.98,0.99,0.01,0.01,74759.44,1776187713000
1776187715.55,215.55,0.01,0.02,0.98,0.99,0.01,0.01,74758.77,1776187714000
1776187715.888,215.888,0.01,0.02,0.98,0.99,0.01,0.01,74758.77,1776187714000
1776187716.321,216.321,0.01,0.02,0.98,0.99,0.01,0.01,74756.27,1776187715000
1776187716.713,216.713,0.01,0.02,0.98,0.99,0.01,0.01,74756.27,1776187715000
1776187717.147,217.147,0.01,0.02,0.98,0.99,0.01,0.01,74756.27,1776187716000
1776187717.679,217.679,0.01,0.02,0.98,0.99,0.01,0.01,74756.27,1776187716000
1776187718.11,218.11,0.01,0.02,0.98,0.99,0.01,0.01,74757.34,1776187717000
1776187718.492,218.492,0.01,0.02,0.98,0.99,0.01,0.01,74757.34,1776187717000
1776187718.936,218.936,0.01,0.02,0.98,0.99,0.01,0.01,74756.22,1776187718000
1776187719.668,219.668,0.01,0.02,0.98,0.99,0.01,0.01,74756.22,1776187718000
1776187720.088,220.088,0.01,0.02,0.98,0.99,0.01,0.01,74756.19,1776187719000
1776187720.64,220.64,0.01,0.02,0.98,0.99,0.01,0.01,74756.19,1776187719000
1776187721.0,221.0,0.01,0.02,0.98,0.99,0.01,0.01,74756.19,1776187719000
1776187721.457,221.457,0.01,0.02,0.98,0.99,0.01,0.01,74755.9,1776187720000
1776187721.837,221.837,0.01,0.02,0.98,0.99,0.01,0.01,74755.9,1776187720000
1776187722.419,222.419,0.01,0.02,0.98,0.99,0.01,0.01,74755.9,1776187720000
1776187722.875,222.875,0.01,0.02,0.98,0.99,0.01,0.01,74755.9,1776187720000
1776187723.537,223.537,0.01,0.02,0.98,0.99,0.01,0.01,74755.55,1776187721000
1776187723.944,223.944,0.01,0.02,0.98,0.99,0.01,0.01,74755.55,1776187721000
1776187724.664,224.664,0.01,0.02,0.98,0.99,0.01,0.01,74757.43,1776187723000
1776187725.114,225.114,0.01,0.02,0.98,0.99,0.01,0.01,74757.43,1776187723000
1776187725.868,225.868,0.01,0.02,0.98,0.99,0.01,0.01,74758.12,1776187724000
1776187726.619,226.619,0.01,0.02,0.98,0.99,0.01,0.01,74759.37,1776187725000
1776187727.389,227.389,0.01,0.02,0.98,0.99,0.01,0.01,74759.37,1776187725000
1776187727.73,227.73,0.01,0.02,0.98,0.99,0.01,0.01,74759.37,1776187725000
1776187728.087,228.087,0.01,0.02,0.98,0.99,0.01,0.01,74760.04,1776187726000
1776187728.461,228.461,0.01,0.02,0.98,0.99,0.01,0.01,74760.27,1776187727000
1776187728.846,228.846,0.01,0.01,0.98,0.99,0.0,0.01,74760.27,1776187727000
1776187729.205,229.205,0.01,0.01,0.99,0.99,0.0,0.0,74758.48,1776187728000
1776187729.549,229.549,0.01,0.01,0.99,0.99,0.0,0.0,74758.48,1776187728000
1776187729.928,229.928,0.01,0.01,0.99,0.99,0.0,0.0,74758.48,1776187728000
1776187730.314,230.314,0.01,0.01,0.99,0.99,0.0,0.0,74758.48,1776187728000
1776187730.773,230.773,0.01,0.01,0.99,0.99,0.0,0.0,74758.25,1776187729000
1776187731.171,231.171,0.01,0.02,0.98,0.99,0.01,0.01,74757.98,1776187730000
1776187731.524,231.524,0.01,0.01,0.99,0.99,0.0,0.0,74757.98,1776187730000
1776187731.89,231.89,0.01,0.01,0.99,0.99,0.0,0.0,74757.98,1776187730000
1776187732.361,232.361,0.01,0.01,0.99,0.99,0.0,0.0,74758.06,1776187731000
1776187732.757,232.757,0.01,0.02,0.98,0.99,0.01,0.01,74758.06,1776187731000
1776187733.113,233.113,0.01,0.01,0.99,0.99,0.0,0.0,74758.06,1776187731000
1776187733.49,233.49,0.01,0.01,0.99,0.99,0.0,0.0,74758.82,1776187732000
1776187734.239,234.239,0.01,0.01,0.99,0.99,0.0,0.0,74758.82,1776187732000
1776187735.057,235.057,0.01,0.01,0.99,0.99,0.0,0.0,74760.16,1776187733000
1776187736.735,236.735,0.01,0.01,0.99,0.99,0.0,0.0,74759.77,1776187735000
1776187737.201,237.201,0.01,0.01,0.99,0.99,0.0,0.0,74759.77,1776187735000
1776187737.629,237.629,0.01,0.01,0.99,0.99,0.0,0.0,74758.68,1776187736000
1776187738.016,238.016,0.01,0.01,0.99,0.99,0.0,0.0,74758.68,1776187736000
1776187738.702,238.702,0.01,0.01,0.99,0.99,0.0,0.0,74758.68,1776187737000
1776187739.307,239.307,0.01,0.01,0.99,0.99,0.0,0.0,74758.68,1776187737000
1776187740.081,240.081,0.01,0.01,0.99,0.99,0.0,0.0,74758.33,1776187738000
1776187740.821,240.821,0.01,0.01,0.99,0.99,0.0,0.0,74758.33,1776187739000
1776187741.26,241.26,0.01,0.01,0.99,0.99,0.0,0.0,74760.11,1776187740000
1776187741.683,241.683,0.01,0.01,0.99,0.99,0.0,0.0,74760.11,1776187740000
1776187742.312,242.312,0.01,0.01,0.99,0.99,0.0,0.0,74760.11,1776187740000
1776187743.18,243.18,0.01,0.01,0.99,0.99,0.0,0.0,74760.11,1776187740000
1776187744.158,244.158,0.01,0.01,0.99,0.99,0.0,0.0,74760.42,1776187742000
1776187744.674,244.674,0.01,0.01,0.99,0.99,0.0,0.0,74760.42,1776187742000
1776187745.319,245.319,0.01,0.01,0.99,0.99,0.0,0.0,74759.51,1776187743000
1776187745.69,245.69,0.01,0.01,0.99,0.99,0.0,0.0,74757.96,1776187744000
1776187746.431,246.431,0.01,0.01,0.99,0.99,0.0,0.0,74755.85,1776187745000
1776187746.972,246.972,0.01,0.01,0.99,0.99,0.0,0.0,74755.85,1776187745000
1776187747.856,247.856,0.01,0.01,0.99,0.99,0.0,0.0,74755.85,1776187746000
1776187748.618,248.618,0.01,0.01,0.99,0.99,0.0,0.0,74755.21,1776187747000
1776187749.214,249.214,0.01,0.01,0.99,0.99,0.0,0.0,74755.21,1776187747000
1776187750.692,250.692,0.01,0.01,0.99,0.99,0.0,0.0,74755.58,1776187749000
1776187751.285,251.285,0.01,0.01,0.99,0.99,0.0,0.0,74756.34,1776187750000
1776187752.11,252.11,0.01,0.01,0.99,0.99,0.0,0.0,74756.9,1776187751000
1776187752.537,252.537,0.01,0.01,0.99,0.99,0.0,0.0,74756.9,1776187751000
1776187753.617,253.617,0.01,0.01,0.99,0.99,0.0,0.0,74756.92,1776187752000
1776187754.374,254.374,0.01,0.01,0.99,0.99,0.0,0.0,74755.65,1776187753000
1776187755.134,255.134,0.01,0.01,0.99,0.99,0.0,0.0,74753.92,1776187754000
1776187756.543,256.543,0.01,0.01,0.99,0.99,0.0,0.0,74752.9,1776187755000
1776187757.362,257.362,0.01,0.01,0.99,0.99,0.0,0.0,74752.85,1776187756000
1776187758.113,258.113,0.01,0.01,0.99,0.99,0.0,0.0,74752.84,1776187757000
1776187759.504,259.504,0.01,0.01,0.99,0.99,0.0,0.0,74752.23,1776187758000
1776187760.692,260.692,0.01,0.01,0.99,0.99,0.0,0.0,74752.59,1776187759000
1776187761.211,261.211,0.01,0.01,0.99,0.99,0.0,0.0,74752.59,1776187760000
1776187761.895,261.895,0.01,0.01,0.99,0.99,0.0,0.0,74752.59,1776187760000
1776187762.42,262.42,0.01,0.01,0.99,0.99,0.0,0.0,74752.59,1776187761000
1776187762.783,262.783,0.01,0.01,0.99,0.99,0.0,0.0,74752.59,1776187761000
1776187763.245,263.245,0.01,0.01,0.99,0.99,0.0,0.0,74753.14,1776187762000
1776187764.11,264.11,0.01,0.01,0.99,0.99,0.0,0.0,74751.88,1776187763000
1776187765.082,265.082,0.01,0.01,0.99,0.99,0.0,0.0,74751.88,1776187763000
1776187766.068,266.068,0.01,0.01,0.99,0.99,0.0,0.0,74748.45,1776187765000
1776187767.013,267.013,0.01,0.01,0.99,0.99,0.0,0.0,74747.42,1776187766000
1776187768.03,268.03,0.01,0.01,0.99,0.99,0.0,0.0,74747.41,1776187767000
1776187769.05,269.05,0.01,0.01,0.99,0.99,0.0,0.0,74745.36,1776187768000
1776187769.981,269.981,0.01,0.01,0.99,0.99,0.0,0.0,74745.36,1776187769000
1776187770.976,270.976,0.01,0.01,0.99,0.99,0.0,0.0,74744.7,1776187770000
1776187771.616,271.616,0.01,0.01,0.99,0.99,0.0,0.0,74744.7,1776187770000
1776187772.769,272.769,0.01,0.01,0.99,0.99,0.0,0.0,74744.49,1776187771000
1776187773.145,273.145,0.01,0.01,0.99,0.99,0.0,0.0,74744.49,1776187771000
1776187773.925,273.925,0.01,0.01,0.99,0.99,0.0,0.0,74744.54,1776187773000
1776187774.947,274.947,0.01,0.01,0.99,0.99,0.0,0.0,74744.48,1776187774000
1776187775.347,275.347,0.01,0.01,0.99,0.99,0.0,0.0,74744.48,1776187774000
1776187776.046,276.046,0.01,0.01,0.99,0.99,0.0,0.0,74744.48,1776187774000
1776187777.019,277.019,0.01,0.01,0.99,0.99,0.0,0.0,74742.63,1776187775000
1776187778.12,278.12,0.01,0.01,0.99,0.99,0.0,0.0,74740.4,1776187777000
1776187779.076,279.076,0.01,0.01,0.99,0.99,0.0,0.0,74740.4,1776187778000
1776187780.039,280.039,0.01,0.01,0.99,0.99,0.0,0.0,74740.27,1776187779000
1776187780.442,280.442,0.01,0.01,0.99,0.99,0.0,0.0,74740.27,1776187779000
1776187781.095,281.095,0.01,0.01,0.99,0.99,0.0,0.0,74740.28,1776187780000
1776187781.742,281.742,0.01,0.01,0.99,0.99,0.0,0.0,74740.28,1776187780000
1776187782.105,282.105,0.01,0.01,0.99,0.99,0.0,0.0,74740.04,1776187781000
1776187783.13,283.13,0.01,0.01,0.99,0.99,0.0,0.0,74739.79,1776187782000
1776187784.19,284.19,0.01,0.01,0.99,0.99,0.0,0.0,74739.8,1776187783000
1776187784.684,284.684,0.001,0.004,0.99,0.99,0.003,0.0,74739.8,1776187783000
1776187785.111,285.111,0.001,0.009,0.991,0.999,0.008,0.008,74739.77,1776187784000
1776187785.476,285.476,0.001,0.009,0.991,0.999,0.008,0.008,74739.77,1776187784000
1776187786.013,286.013,0.001,0.01,0.99,0.999,0.009,0.009,74739.77,1776187784000
1776187786.414,286.414,0.001,0.006,0.994,0.999,0.005,0.005,74739.77,1776187784000
1776187787.546,287.546,0.001,0.006,0.994,0.999,0.005,0.005,74741.03,1776187785000
1776187788.076,288.076,0.001,0.001,0.999,0.999,0.0,0.0,74741.03,1776187785000
1776187789.371,289.371,0.001,0.001,0.999,0.999,0.0,0.0,74692.7,1776187788000
1776187790.375,290.375,0.001,0.001,0.999,0.999,0.0,0.0,74690.45,1776187789000
1776187791.206,291.206,0.001,0.001,0.999,0.999,0.0,0.0,74688.91,1776187790000
1776187793.181,293.181,0.001,0.001,0.999,0.999,0.0,0.0,74687.65,1776187791000
1776187794.135,294.135,0.001,0.001,0.999,0.999,0.0,0.0,74686.01,1776187792000
1776187795.097,295.097,0.001,0.001,0.999,0.999,0.0,0.0,74674.65,1776187793000
1776187795.942,295.942,0.001,0.001,0.999,0.999,0.0,0.0,74669.86,1776187794000
1776187796.418,296.418,0.001,0.001,0.999,0.999,0.0,0.0,74669.86,1776187794000
1776187797.455,297.455,0.001,0.001,0.999,0.999,0.0,0.0,74667.78,1776187796000
1776187798.167,298.167,0.001,0.001,0.999,0.999,0.0,0.0,74666.54,1776187797000
1776187799.549,299.549,0.001,0.001,0.999,0.999,0.0,0.0,74666.61,1776187798000
1776187800.242,300.242,0.001,0.001,0.999,0.999,0.0,0.0,74666.6,1776187799000
1776187800.973,300.973,0.001,0.001,0.999,0.999,0.0,0.0,74666.6,1776187799000
1776187802.603,302.603,0.001,0.001,0.999,0.999,0.0,0.0,74665.68,1776187801000

# RESULT,winner=Down,slug=btc-updown-5m-1776187500,ticks=629
