timestamp,elapsed_sec,up_bid,up_ask,down_bid,down_ask,up_spread,down_spread,btc_price,btc_oracle_ts
1776309000.58,0.58,0.47,0.49,0.51,0.52,0.02,0.01,74963.01,1776308998000
1776309000.956,0.956,0.47,0.49,0.51,0.53,0.02,0.02,74957.35,1776308999000
1776309001.317,1.317,0.38,0.39,0.55,0.61,0.01,0.06,74957.35,1776308999000
1776309001.685,1.685,0.38,0.39,0.61,0.62,0.01,0.01,74957.0,1776309000000
1776309002.056,2.056,0.38,0.39,0.61,0.62,0.01,0.01,74957.0,1776309000000
1776309002.405,2.405,0.38,0.39,0.61,0.62,0.01,0.01,74956.89,1776309001000
1776309002.781,2.781,0.38,0.39,0.61,0.62,0.01,0.01,74956.89,1776309001000
1776309003.326,3.326,0.38,0.39,0.61,0.62,0.01,0.01,74956.89,1776309001000
1776309003.719,3.719,0.38,0.39,0.61,0.62,0.01,0.01,74956.89,1776309001000
1776309004.056,4.056,0.38,0.39,0.61,0.62,0.01,0.01,74944.36,1776309002000
1776309004.433,4.433,0.37,0.39,0.61,0.63,0.02,0.02,74942.92,1776309003000
1776309004.853,4.853,0.37,0.38,0.62,0.63,0.01,0.01,74942.92,1776309003000
1776309005.257,5.257,0.38,0.39,0.61,0.62,0.01,0.01,74934.36,1776309004000
1776309005.821,5.821,0.38,0.39,0.61,0.63,0.01,0.02,74934.36,1776309004000
1776309006.21,6.21,0.38,0.39,0.61,0.62,0.01,0.01,74934.36,1776309004000
1776309006.685,6.685,0.38,0.43,0.6,0.62,0.05,0.02,74934.36,1776309004000
1776309007.039,7.039,0.42,0.43,0.57,0.58,0.01,0.01,74934.36,1776309004000
1776309007.374,7.374,0.44,0.47,0.54,0.56,0.03,0.02,74940.31,1776309005000
1776309007.737,7.737,0.45,0.49,0.51,0.56,0.04,0.05,74940.31,1776309005000
1776309008.077,8.077,0.47,0.52,0.48,0.53,0.05,0.05,74940.31,1776309005000
1776309008.42,8.42,0.5,0.54,0.46,0.5,0.04,0.04,74944.54,1776309006000
1776309008.765,8.765,0.55,0.56,0.44,0.45,0.01,0.01,74944.54,1776309006000
1776309009.128,9.128,0.58,0.59,0.41,0.42,0.01,0.01,74951.65,1776309007000
1776309009.462,9.462,0.55,0.59,0.41,0.48,0.04,0.07,74951.65,1776309007000
1776309009.811,9.811,0.48,0.49,0.51,0.52,0.01,0.01,74967.52,1776309008000
1776309010.174,10.174,0.48,0.49,0.51,0.52,0.01,0.01,74967.52,1776309008000
1776309010.515,10.515,0.48,0.49,0.51,0.52,0.01,0.01,74967.52,1776309008000
1776309010.97,10.97,0.47,0.49,0.51,0.52,0.02,0.01,74973.13,1776309009000
1776309011.48,11.48,0.48,0.49,0.51,0.52,0.01,0.01,74968.63,1776309010000
1776309011.947,11.947,0.48,0.49,0.51,0.52,0.01,0.01,74968.63,1776309010000
1776309012.631,12.631,0.48,0.49,0.51,0.52,0.01,0.01,74965.77,1776309011000
1776309012.998,12.998,0.48,0.49,0.51,0.52,0.01,0.01,74965.77,1776309011000
1776309013.359,13.359,0.48,0.49,0.51,0.52,0.01,0.01,74965.77,1776309011000
1776309013.71,13.71,0.48,0.49,0.51,0.53,0.01,0.02,74965.36,1776309012000
1776309014.124,14.124,0.48,0.49,0.51,0.52,0.01,0.01,74965.06,1776309013000
1776309014.684,14.684,0.48,0.49,0.51,0.52,0.01,0.01,74965.06,1776309013000
1776309015.199,15.199,0.48,0.49,0.51,0.52,0.01,0.01,74965.06,1776309013000
1776309015.536,15.536,0.48,0.49,0.51,0.52,0.01,0.01,74959.11,1776309014000
1776309016.019,16.019,0.48,0.49,0.51,0.52,0.01,0.01,74959.11,1776309014000
1776309016.49,16.49,0.5,0.53,0.49,0.51,0.03,0.02,74958.34,1776309015000
1776309016.868,16.868,0.5,0.52,0.49,0.5,0.02,0.01,74958.34,1776309015000
1776309017.24,17.24,0.5,0.51,0.49,0.5,0.01,0.01,74958.34,1776309015000
1776309017.681,17.681,0.51,0.52,0.49,0.5,0.01,0.01,74958.34,1776309015000
1776309018.026,18.026,0.51,0.53,0.47,0.49,0.02,0.02,74958.4,1776309016000
1776309018.417,18.417,0.52,0.53,0.47,0.48,0.01,0.01,74958.43,1776309017000
1776309018.787,18.787,0.52,0.53,0.47,0.48,0.01,0.01,74958.43,1776309017000
1776309019.36,19.36,0.52,0.53,0.47,0.48,0.01,0.01,74958.47,1776309018000
1776309019.775,19.775,0.52,0.53,0.47,0.48,0.01,0.01,74958.47,1776309018000
1776309020.213,20.213,0.51,0.53,0.47,0.49,0.02,0.02,74958.6,1776309019000
1776309020.672,20.672,0.52,0.53,0.47,0.49,0.01,0.02,74958.6,1776309019000
1776309021.111,21.111,0.5,0.51,0.49,0.5,0.01,0.01,74958.6,1776309019000
1776309021.491,21.491,0.5,0.51,0.49,0.5,0.01,0.01,74957.0,1776309020000
1776309021.871,21.871,0.5,0.51,0.49,0.5,0.01,0.01,74957.0,1776309020000
1776309022.214,22.214,0.5,0.51,0.49,0.5,0.01,0.01,74957.0,1776309021000
1776309022.589,22.589,0.5,0.51,0.49,0.5,0.01,0.01,74957.0,1776309021000
1776309023.238,23.238,0.5,0.51,0.49,0.5,0.01,0.01,74957.0,1776309021000
1776309023.641,23.641,0.5,0.51,0.49,0.5,0.01,0.01,74956.19,1776309022000
1776309023.996,23.996,0.48,0.49,0.5,0.52,0.01,0.02,74956.19,1776309022000
1776309024.669,24.669,0.47,0.48,0.52,0.53,0.01,0.01,74956.97,1776309023000
1776309025.01,25.01,0.46,0.48,0.52,0.54,0.02,0.02,74956.97,1776309023000
1776309025.542,25.542,0.43,0.45,0.55,0.56,0.02,0.01,74956.97,1776309023000
1776309026.097,26.097,0.42,0.45,0.55,0.57,0.03,0.02,74956.97,1776309023000
1776309026.462,26.462,0.4,0.43,0.57,0.6,0.03,0.03,74953.07,1776309025000
1776309026.885,26.885,0.39,0.43,0.57,0.6,0.04,0.03,74953.07,1776309025000
1776309027.251,27.251,0.38,0.41,0.59,0.61,0.03,0.02,74953.07,1776309025000
1776309027.75,27.75,0.37,0.43,0.57,0.63,0.06,0.06,74933.5,1776309026000
1776309028.208,28.208,0.37,0.4,0.6,0.63,0.03,0.03,74933.5,1776309026000
1776309028.553,28.553,0.38,0.39,0.61,0.62,0.01,0.01,74931.69,1776309027000
1776309029.041,29.041,0.38,0.39,0.61,0.64,0.01,0.03,74931.69,1776309027000
1776309029.405,29.405,0.38,0.39,0.61,0.62,0.01,0.01,74931.69,1776309028000
1776309029.907,29.907,0.38,0.39,0.61,0.64,0.01,0.03,74931.69,1776309028000
1776309030.255,30.255,0.37,0.38,0.62,0.63,0.01,0.01,74931.25,1776309029000
1776309030.594,30.594,0.37,0.38,0.62,0.63,0.01,0.01,74931.25,1776309029000
1776309031.294,31.294,0.35,0.36,0.63,0.65,0.01,0.02,74931.25,1776309029000
1776309031.686,31.686,0.35,0.36,0.64,0.65,0.01,0.01,74927.03,1776309030000
1776309032.045,32.045,0.34,0.36,0.64,0.65,0.02,0.01,74927.03,1776309030000
1776309032.388,32.388,0.35,0.36,0.64,0.65,0.01,0.01,74925.11,1776309031000
1776309032.725,32.725,0.35,0.36,0.64,0.65,0.01,0.01,74925.11,1776309031000
1776309033.321,33.321,0.35,0.37,0.63,0.65,0.02,0.02,74925.11,1776309031000
1776309033.745,33.745,0.38,0.4,0.6,0.62,0.02,0.02,74922.52,1776309032000
1776309034.74,34.74,0.39,0.4,0.6,0.62,0.01,0.02,74922.58,1776309033000
1776309035.114,35.114,0.39,0.41,0.59,0.61,0.02,0.02,74931.77,1776309034000
1776309035.452,35.452,0.39,0.4,0.6,0.61,0.01,0.01,74931.77,1776309034000
1776309035.872,35.872,0.39,0.4,0.6,0.61,0.01,0.01,74931.77,1776309034000
1776309036.207,36.207,0.39,0.4,0.6,0.61,0.01,0.01,74931.77,1776309034000
1776309036.546,36.546,0.38,0.4,0.6,0.62,0.02,0.02,74931.77,1776309034000
1776309036.889,36.889,0.38,0.39,0.61,0.62,0.01,0.01,74933.46,1776309035000
1776309037.23,37.23,0.38,0.39,0.61,0.62,0.01,0.01,74933.4,1776309036000
1776309037.603,37.603,0.38,0.39,0.61,0.62,0.01,0.01,74933.4,1776309036000
1776309037.938,37.938,0.38,0.39,0.61,0.62,0.01,0.01,74933.4,1776309036000
1776309038.443,38.443,0.38,0.39,0.61,0.62,0.01,0.01,74933.4,1776309036000
1776309038.901,38.901,0.38,0.39,0.61,0.62,0.01,0.01,74931.98,1776309038000
1776309039.4,39.4,0.38,0.39,0.61,0.62,0.01,0.01,74931.98,1776309038000
1776309039.787,39.787,0.38,0.39,0.61,0.62,0.01,0.01,74931.98,1776309038000
1776309040.257,40.257,0.38,0.39,0.61,0.62,0.01,0.01,74931.63,1776309039000
1776309040.712,40.712,0.38,0.39,0.61,0.62,0.01,0.01,74931.63,1776309039000
1776309041.413,41.413,0.38,0.39,0.61,0.62,0.01,0.01,74931.63,1776309039000
1776309041.852,41.852,0.38,0.39,0.61,0.62,0.01,0.01,74932.33,1776309040000
1776309042.487,42.487,0.38,0.39,0.61,0.62,0.01,0.01,74932.42,1776309041000
1776309042.828,42.828,0.38,0.41,0.6,0.62,0.03,0.02,74932.42,1776309041000
1776309043.607,43.607,0.42,0.43,0.58,0.59,0.01,0.01,74932.52,1776309042000
1776309044.355,44.355,0.42,0.44,0.57,0.58,0.02,0.01,74932.52,1776309042000
1776309044.694,44.694,0.42,0.43,0.57,0.58,0.01,0.01,74939.14,1776309043000
1776309045.113,45.113,0.42,0.43,0.57,0.58,0.01,0.01,74942.26,1776309044000
1776309045.577,45.577,0.44,0.45,0.55,0.56,0.01,0.01,74942.26,1776309044000
1776309045.966,45.966,0.44,0.45,0.55,0.56,0.01,0.01,74942.26,1776309044000
1776309046.351,46.351,0.44,0.45,0.55,0.56,0.01,0.01,74942.93,1776309045000
1776309046.693,46.693,0.44,0.45,0.55,0.56,0.01,0.01,74942.93,1776309045000
1776309047.188,47.188,0.44,0.45,0.55,0.56,0.01,0.01,74942.93,1776309045000
1776309048.385,48.385,0.44,0.45,0.55,0.56,0.01,0.01,74944.87,1776309047000
1776309048.814,48.814,0.44,0.45,0.55,0.56,0.01,0.01,74944.87,1776309047000
1776309049.683,49.683,0.44,0.46,0.55,0.56,0.02,0.01,74944.87,1776309048000
1776309050.063,50.063,0.47,0.48,0.52,0.53,0.01,0.01,74944.87,1776309048000
1776309050.454,50.454,0.47,0.48,0.52,0.53,0.01,0.01,74945.38,1776309049000
1776309050.837,50.837,0.47,0.48,0.51,0.53,0.01,0.02,74945.38,1776309049000
1776309051.341,51.341,0.47,0.48,0.52,0.53,0.01,0.01,74945.38,1776309049000
1776309051.876,51.876,0.46,0.47,0.53,0.54,0.01,0.01,74947.59,1776309050000
1776309052.222,52.222,0.43,0.46,0.53,0.56,0.03,0.03,74949.38,1776309051000
1776309052.586,52.586,0.45,0.46,0.53,0.56,0.01,0.03,74949.38,1776309051000
1776309052.948,52.948,0.44,0.46,0.54,0.55,0.02,0.01,74949.38,1776309051000
1776309053.408,53.408,0.43,0.46,0.54,0.55,0.03,0.01,74949.95,1776309052000
1776309053.815,53.815,0.43,0.45,0.54,0.55,0.02,0.01,74949.95,1776309052000
1776309054.216,54.216,0.43,0.44,0.56,0.57,0.01,0.01,74949.95,1776309052000
1776309054.605,54.605,0.43,0.44,0.56,0.57,0.01,0.01,74947.48,1776309053000
1776309054.996,54.996,0.43,0.44,0.56,0.57,0.01,0.01,74947.48,1776309053000
1776309055.365,55.365,0.43,0.44,0.56,0.57,0.01,0.01,74946.56,1776309054000
1776309055.91,55.91,0.43,0.44,0.56,0.57,0.01,0.01,74945.54,1776309055000
1776309056.264,56.264,0.43,0.44,0.56,0.57,0.01,0.01,74945.54,1776309055000
1776309056.765,56.765,0.43,0.44,0.56,0.57,0.01,0.01,74945.54,1776309055000
1776309057.217,57.217,0.42,0.43,0.56,0.57,0.01,0.01,74945.54,1776309055000
1776309057.602,57.602,0.42,0.43,0.57,0.58,0.01,0.01,74945.34,1776309056000
1776309058.005,58.005,0.42,0.43,0.57,0.58,0.01,0.01,74945.34,1776309056000
1776309058.58,58.58,0.42,0.43,0.57,0.58,0.01,0.01,74945.32,1776309057000
1776309058.96,58.96,0.42,0.43,0.57,0.58,0.01,0.01,74945.32,1776309057000
1776309059.568,59.568,0.43,0.44,0.56,0.57,0.01,0.01,74945.55,1776309058000
1776309059.988,59.988,0.45,0.46,0.54,0.55,0.01,0.01,74944.8,1776309059000
1776309060.372,60.372,0.45,0.46,0.53,0.55,0.01,0.02,74944.8,1776309059000
1776309060.737,60.737,0.46,0.49,0.53,0.54,0.03,0.01,74944.8,1776309059000
1776309061.076,61.076,0.48,0.51,0.49,0.52,0.03,0.03,74944.78,1776309060000
1776309061.507,61.507,0.53,0.54,0.46,0.47,0.01,0.01,74944.78,1776309060000
1776309061.89,61.89,0.52,0.54,0.46,0.48,0.02,0.02,74944.78,1776309060000
1776309062.361,62.361,0.53,0.54,0.45,0.48,0.01,0.03,74951.7,1776309061000
1776309062.776,62.776,0.52,0.55,0.45,0.48,0.03,0.03,74951.7,1776309061000
1776309063.124,63.124,0.53,0.54,0.46,0.47,0.01,0.01,74963.5,1776309062000
1776309063.668,63.668,0.53,0.54,0.46,0.47,0.01,0.01,74963.5,1776309062000
1776309064.024,64.024,0.54,0.55,0.45,0.46,0.01,0.01,74965.63,1776309063000
1776309064.424,64.424,0.54,0.55,0.44,0.46,0.01,0.02,74965.63,1776309063000
1776309064.789,64.789,0.53,0.55,0.45,0.46,0.02,0.01,74965.63,1776309063000
1776309065.174,65.174,0.54,0.57,0.43,0.46,0.03,0.03,74967.31,1776309064000
1776309065.574,65.574,0.56,0.57,0.43,0.44,0.01,0.01,74967.31,1776309064000
1776309065.91,65.91,0.56,0.58,0.42,0.44,0.02,0.02,74967.31,1776309064000
1776309066.259,66.259,0.57,0.58,0.42,0.43,0.01,0.01,74967.3,1776309065000
1776309066.607,66.607,0.58,0.61,0.39,0.42,0.03,0.03,74967.3,1776309065000
1776309066.968,66.968,0.59,0.6,0.4,0.41,0.01,0.01,74967.3,1776309065000
1776309067.332,67.332,0.59,0.61,0.39,0.41,0.02,0.02,74968.29,1776309066000
1776309067.724,67.724,0.6,0.61,0.38,0.4,0.01,0.02,74968.29,1776309066000
1776309068.124,68.124,0.6,0.61,0.38,0.4,0.01,0.02,74968.29,1776309066000
1776309068.544,68.544,0.61,0.62,0.38,0.39,0.01,0.01,74974.3,1776309067000
1776309068.965,68.965,0.62,0.63,0.37,0.38,0.01,0.01,74977.8,1776309068000
1776309069.409,69.409,0.62,0.63,0.37,0.38,0.01,0.01,74977.8,1776309068000
1776309069.752,69.752,0.62,0.63,0.37,0.38,0.01,0.01,74977.8,1776309068000
1776309070.158,70.158,0.62,0.63,0.37,0.38,0.01,0.01,74977.8,1776309068000
1776309070.601,70.601,0.62,0.63,0.37,0.38,0.01,0.01,74977.8,1776309068000
1776309071.09,71.09,0.63,0.64,0.36,0.38,0.01,0.02,74979.61,1776309069000
1776309071.481,71.481,0.63,0.64,0.36,0.37,0.01,0.01,74979.48,1776309070000
1776309071.871,71.871,0.63,0.64,0.36,0.37,0.01,0.01,74979.48,1776309070000
1776309072.216,72.216,0.63,0.64,0.36,0.37,0.01,0.01,74980.3,1776309071000
1776309072.654,72.654,0.63,0.64,0.36,0.37,0.01,0.01,74980.3,1776309071000
1776309073.122,73.122,0.63,0.64,0.36,0.37,0.01,0.01,74980.3,1776309071000
1776309073.492,73.492,0.63,0.64,0.36,0.37,0.01,0.01,74979.56,1776309072000
1776309074.187,74.187,0.63,0.64,0.36,0.37,0.01,0.01,74979.18,1776309073000
1776309074.54,74.54,0.59,0.61,0.39,0.41,0.02,0.02,74979.18,1776309073000
1776309074.9,74.9,0.55,0.56,0.44,0.45,0.01,0.01,74979.18,1776309073000
1776309075.289,75.289,0.54,0.55,0.44,0.47,0.01,0.03,74980.06,1776309074000
1776309075.708,75.708,0.54,0.55,0.45,0.46,0.01,0.01,74980.06,1776309074000
1776309076.104,76.104,0.55,0.56,0.44,0.45,0.01,0.01,74969.39,1776309075000
1776309076.437,76.437,0.55,0.57,0.43,0.45,0.02,0.02,74969.39,1776309075000
1776309076.793,76.793,0.56,0.58,0.42,0.44,0.02,0.02,74969.39,1776309075000
1776309077.217,77.217,0.58,0.59,0.41,0.43,0.01,0.02,74969.39,1776309075000
1776309077.6,77.6,0.58,0.59,0.41,0.42,0.01,0.01,74969.39,1776309075000
1776309077.933,77.933,0.58,0.59,0.41,0.42,0.01,0.01,74968.84,1776309076000
1776309078.296,78.296,0.59,0.6,0.4,0.41,0.01,0.01,74969.01,1776309077000
1776309078.726,78.726,0.59,0.6,0.4,0.41,0.01,0.01,74969.01,1776309077000
1776309079.133,79.133,0.6,0.61,0.39,0.4,0.01,0.01,74972.44,1776309078000
1776309079.514,79.514,0.6,0.61,0.39,0.4,0.01,0.01,74972.44,1776309078000
1776309079.865,79.865,0.6,0.61,0.39,0.4,0.01,0.01,74972.44,1776309078000
1776309080.278,80.278,0.6,0.61,0.39,0.4,0.01,0.01,74973.11,1776309079000
1776309080.776,80.776,0.6,0.61,0.39,0.4,0.01,0.01,74973.11,1776309079000
1776309081.212,81.212,0.6,0.61,0.39,0.4,0.01,0.01,74973.11,1776309079000
1776309081.552,81.552,0.6,0.61,0.39,0.4,0.01,0.01,74972.78,1776309080000
1776309081.934,81.934,0.57,0.59,0.39,0.44,0.02,0.05,74972.78,1776309080000
1776309082.376,82.376,0.56,0.57,0.43,0.44,0.01,0.01,74974.53,1776309081000
1776309082.795,82.795,0.56,0.57,0.42,0.44,0.01,0.02,74974.53,1776309081000
1776309083.222,83.222,0.56,0.58,0.42,0.43,0.02,0.01,74973.53,1776309082000
1776309083.584,83.584,0.58,0.59,0.41,0.43,0.01,0.02,74973.53,1776309082000
1776309084.2,84.2,0.58,0.59,0.41,0.42,0.01,0.01,74971.99,1776309083000
1776309084.628,84.628,0.59,0.6,0.39,0.41,0.01,0.02,74971.99,1776309083000
1776309085.447,85.447,0.59,0.6,0.4,0.41,0.01,0.01,74973.0,1776309084000
1776309086.397,86.397,0.59,0.6,0.4,0.41,0.01,0.01,74973.33,1776309085000
1776309086.797,86.797,0.58,0.59,0.41,0.42,0.01,0.01,74973.33,1776309085000
1776309087.134,87.134,0.59,0.6,0.4,0.41,0.01,0.01,74973.33,1776309085000
1776309087.54,87.54,0.61,0.62,0.39,0.41,0.01,0.02,74973.4,1776309086000
1776309088.042,88.042,0.61,0.62,0.38,0.39,0.01,0.01,74973.4,1776309087000
1776309088.453,88.453,0.61,0.62,0.38,0.39,0.01,0.01,74973.4,1776309087000
1776309088.843,88.843,0.61,0.62,0.38,0.39,0.01,0.01,74973.4,1776309087000
1776309089.336,89.336,0.6,0.62,0.38,0.39,0.02,0.01,74974.74,1776309088000
1776309090.005,90.005,0.6,0.61,0.38,0.4,0.01,0.02,74974.74,1776309088000
1776309090.729,90.729,0.6,0.61,0.39,0.4,0.01,0.01,74977.47,1776309089000
1776309091.122,91.122,0.6,0.61,0.39,0.4,0.01,0.01,74977.47,1776309089000
1776309091.508,91.508,0.61,0.62,0.38,0.39,0.01,0.01,74977.11,1776309090000
1776309092.159,92.159,0.61,0.62,0.38,0.39,0.01,0.01,74977.11,1776309090000
1776309092.66,92.66,0.62,0.63,0.37,0.39,0.01,0.02,74976.76,1776309091000
1776309093.03,93.03,0.62,0.63,0.37,0.38,0.01,0.01,74976.76,1776309091000
1776309093.694,93.694,0.62,0.63,0.37,0.38,0.01,0.01,74977.2,1776309092000
1776309094.24,94.24,0.62,0.63,0.37,0.38,0.01,0.01,74977.2,1776309092000
1776309094.578,94.578,0.62,0.63,0.37,0.38,0.01,0.01,74977.37,1776309093000
1776309095.095,95.095,0.61,0.62,0.37,0.4,0.01,0.03,74977.37,1776309093000
1776309095.456,95.456,0.61,0.62,0.38,0.39,0.01,0.01,74977.19,1776309094000
1776309096.144,96.144,0.61,0.62,0.38,0.39,0.01,0.01,74977.19,1776309094000
1776309096.509,96.509,0.61,0.62,0.38,0.39,0.01,0.01,74977.14,1776309095000
1776309096.861,96.861,0.61,0.62,0.38,0.39,0.01,0.01,74977.14,1776309095000
1776309097.35,97.35,0.59,0.62,0.38,0.39,0.03,0.01,74977.37,1776309096000
1776309097.697,97.697,0.59,0.6,0.4,0.41,0.01,0.01,74977.37,1776309096000
1776309098.156,98.156,0.6,0.63,0.37,0.4,0.03,0.03,74977.37,1776309097000
1776309098.558,98.558,0.62,0.63,0.37,0.39,0.01,0.02,74977.37,1776309097000
1776309098.893,98.893,0.62,0.63,0.37,0.38,0.01,0.01,74977.37,1776309097000
1776309099.267,99.267,0.62,0.63,0.37,0.38,0.01,0.01,74977.37,1776309097000
1776309100.109,100.109,0.62,0.63,0.37,0.38,0.01,0.01,74977.04,1776309099000
1776309100.592,100.592,0.62,0.63,0.37,0.38,0.01,0.01,74977.04,1776309099000
1776309100.965,100.965,0.62,0.63,0.37,0.38,0.01,0.01,74977.04,1776309099000
1776309101.35,101.35,0.62,0.63,0.37,0.38,0.01,0.01,74977.04,1776309099000
1776309101.696,101.696,0.62,0.63,0.37,0.38,0.01,0.01,74976.15,1776309100000
1776309102.03,102.03,0.63,0.64,0.36,0.37,0.01,0.01,74976.15,1776309100000
1776309102.552,102.552,0.63,0.64,0.36,0.37,0.01,0.01,74976.14,1776309101000
1776309103.133,103.133,0.63,0.64,0.36,0.37,0.01,0.01,74976.14,1776309101000
1776309103.565,103.565,0.63,0.64,0.36,0.37,0.01,0.01,74978.7,1776309102000
1776309104.208,104.208,0.64,0.65,0.35,0.36,0.01,0.01,74978.7,1776309102000
1776309104.566,104.566,0.67,0.69,0.31,0.33,0.02,0.02,74980.11,1776309103000
1776309104.913,104.913,0.72,0.75,0.25,0.28,0.03,0.03,74980.11,1776309103000
1776309105.249,105.249,0.73,0.75,0.25,0.27,0.02,0.02,74980.11,1776309103000
1776309105.6,105.6,0.73,0.74,0.26,0.27,0.01,0.01,74982.17,1776309104000
1776309106.085,106.085,0.73,0.74,0.26,0.27,0.01,0.01,74982.17,1776309104000
1776309106.427,106.427,0.73,0.74,0.26,0.27,0.01,0.01,74994.74,1776309105000
1776309106.778,106.778,0.73,0.74,0.26,0.27,0.01,0.01,74994.74,1776309105000
1776309107.275,107.275,0.73,0.74,0.26,0.27,0.01,0.01,74998.9,1776309106000
1776309107.642,107.642,0.73,0.74,0.26,0.27,0.01,0.01,74998.9,1776309106000
1776309107.995,107.995,0.73,0.74,0.26,0.27,0.01,0.01,74998.9,1776309106000
1776309108.348,108.348,0.73,0.74,0.26,0.27,0.01,0.01,74998.9,1776309106000
1776309108.743,108.743,0.73,0.74,0.26,0.27,0.01,0.01,74998.51,1776309107000
1776309109.084,109.084,0.73,0.74,0.26,0.27,0.01,0.01,74998.51,1776309107000
1776309109.616,109.616,0.73,0.74,0.26,0.27,0.01,0.01,74999.2,1776309108000
1776309110.181,110.181,0.73,0.74,0.26,0.27,0.01,0.01,74999.2,1776309108000
1776309110.534,110.534,0.73,0.74,0.26,0.27,0.01,0.01,74999.2,1776309109000
1776309111.0,111.0,0.73,0.74,0.26,0.27,0.01,0.01,74999.2,1776309109000
1776309111.407,111.407,0.73,0.74,0.26,0.27,0.01,0.01,74999.19,1776309110000
1776309112.168,112.168,0.73,0.74,0.26,0.27,0.01,0.01,74999.19,1776309110000
1776309112.516,112.516,0.73,0.74,0.26,0.27,0.01,0.01,74999.53,1776309111000
1776309113.045,113.045,0.73,0.74,0.26,0.27,0.01,0.01,74999.24,1776309112000
1776309113.437,113.437,0.73,0.74,0.26,0.27,0.01,0.01,74999.24,1776309112000
1776309113.852,113.852,0.73,0.74,0.26,0.27,0.01,0.01,74999.24,1776309112000
1776309114.243,114.243,0.73,0.74,0.26,0.27,0.01,0.01,74999.24,1776309112000
1776309114.748,114.748,0.73,0.74,0.26,0.27,0.01,0.01,75000.02,1776309113000
1776309115.114,115.114,0.66,0.67,0.32,0.33,0.01,0.01,75000.02,1776309113000
1776309115.511,115.511,0.65,0.66,0.34,0.36,0.01,0.02,74999.6,1776309114000
1776309115.925,115.925,0.62,0.63,0.37,0.38,0.01,0.01,74999.6,1776309114000
1776309116.856,116.856,0.62,0.63,0.37,0.38,0.01,0.01,74999.2,1776309115000
1776309117.212,117.212,0.62,0.63,0.37,0.38,0.01,0.01,74983.39,1776309116000
1776309117.725,117.725,0.62,0.63,0.37,0.38,0.01,0.01,74983.39,1776309116000
1776309118.244,118.244,0.62,0.63,0.37,0.38,0.01,0.01,74980.35,1776309117000
1776309118.775,118.775,0.62,0.63,0.37,0.38,0.01,0.01,74980.35,1776309117000
1776309119.134,119.134,0.62,0.63,0.37,0.38,0.01,0.01,74980.35,1776309117000
1776309120.05,120.05,0.62,0.63,0.37,0.38,0.01,0.01,74979.39,1776309118000
1776309120.395,120.395,0.62,0.63,0.37,0.38,0.01,0.01,74979.39,1776309119000
1776309120.745,120.745,0.62,0.63,0.37,0.38,0.01,0.01,74979.39,1776309119000
1776309121.148,121.148,0.61,0.63,0.37,0.38,0.02,0.01,74979.39,1776309119000
1776309121.486,121.486,0.61,0.62,0.38,0.39,0.01,0.01,74978.95,1776309120000
1776309122.078,122.078,0.61,0.62,0.38,0.39,0.01,0.01,74978.95,1776309120000
1776309122.416,122.416,0.61,0.62,0.38,0.39,0.01,0.01,74979.21,1776309121000
1776309122.951,122.951,0.61,0.62,0.38,0.39,0.01,0.01,74979.21,1776309121000
1776309123.401,123.401,0.61,0.62,0.38,0.39,0.01,0.01,74978.95,1776309122000
1776309123.842,123.842,0.61,0.62,0.38,0.39,0.01,0.01,74979.17,1776309123000
1776309124.181,124.181,0.61,0.62,0.38,0.39,0.01,0.01,74979.17,1776309123000
1776309124.514,124.514,0.58,0.62,0.38,0.42,0.04,0.04,74979.17,1776309123000
1776309124.906,124.906,0.55,0.56,0.44,0.45,0.01,0.01,74979.17,1776309123000
1776309125.264,125.264,0.55,0.56,0.44,0.45,0.01,0.01,74979.43,1776309124000
1776309125.78,125.78,0.52,0.54,0.46,0.47,0.02,0.01,74979.43,1776309124000
1776309126.127,126.127,0.52,0.53,0.47,0.48,0.01,0.01,74977.47,1776309125000
1776309126.52,126.52,0.52,0.53,0.47,0.48,0.01,0.01,74977.47,1776309125000
1776309126.923,126.923,0.52,0.53,0.47,0.48,0.01,0.01,74968.73,1776309126000
1776309127.262,127.262,0.52,0.54,0.47,0.48,0.02,0.01,74968.73,1776309126000
1776309127.896,127.896,0.54,0.55,0.46,0.47,0.01,0.01,74968.73,1776309126000
1776309128.317,128.317,0.54,0.55,0.45,0.46,0.01,0.01,74967.78,1776309127000
1776309128.758,128.758,0.54,0.55,0.45,0.46,0.01,0.01,74967.78,1776309127000
1776309129.103,129.103,0.54,0.55,0.45,0.46,0.01,0.01,74967.78,1776309127000
1776309129.444,129.444,0.54,0.55,0.45,0.46,0.01,0.01,74967.78,1776309127000
1776309129.966,129.966,0.54,0.55,0.45,0.46,0.01,0.01,74969.7,1776309128000
1776309130.311,130.311,0.54,0.55,0.45,0.46,0.01,0.01,74969.7,1776309129000
1776309130.77,130.77,0.54,0.55,0.45,0.46,0.01,0.01,74969.7,1776309129000
1776309131.229,131.229,0.54,0.55,0.45,0.46,0.01,0.01,74969.7,1776309129000
1776309131.566,131.566,0.54,0.55,0.45,0.46,0.01,0.01,74968.52,1776309130000
1776309132.094,132.094,0.54,0.55,0.45,0.46,0.01,0.01,74967.8,1776309131000
1776309132.436,132.436,0.55,0.56,0.44,0.46,0.01,0.02,74967.8,1776309131000
1776309132.795,132.795,0.55,0.56,0.44,0.45,0.01,0.01,74967.8,1776309131000
1776309133.191,133.191,0.55,0.56,0.44,0.45,0.01,0.01,74967.8,1776309131000
1776309133.539,133.539,0.55,0.56,0.44,0.45,0.01,0.01,74967.66,1776309132000
1776309134.236,134.236,0.55,0.56,0.44,0.45,0.01,0.01,74967.66,1776309132000
1776309134.794,134.794,0.55,0.56,0.44,0.45,0.01,0.01,74967.46,1776309133000
1776309135.519,135.519,0.55,0.56,0.44,0.45,0.01,0.01,74967.46,1776309133000
1776309135.94,135.94,0.55,0.56,0.44,0.45,0.01,0.01,74967.22,1776309135000
1776309136.468,136.468,0.55,0.56,0.44,0.45,0.01,0.01,74967.22,1776309135000
1776309137.139,137.139,0.55,0.56,0.44,0.45,0.01,0.01,74967.4,1776309136000
1776309137.874,137.874,0.55,0.56,0.44,0.45,0.01,0.01,74967.4,1776309136000
1776309138.329,138.329,0.55,0.56,0.44,0.45,0.01,0.01,74967.48,1776309137000
1776309139.237,139.237,0.55,0.56,0.44,0.45,0.01,0.01,74967.48,1776309137000
1776309139.73,139.73,0.55,0.56,0.44,0.45,0.01,0.01,74967.48,1776309138000
1776309140.078,140.078,0.5,0.51,0.47,0.48,0.01,0.01,74967.48,1776309139000
1776309140.419,140.419,0.5,0.51,0.49,0.5,0.01,0.01,74967.48,1776309139000
1776309141.0,141.0,0.5,0.51,0.49,0.5,0.01,0.01,74967.48,1776309139000
1776309141.391,141.391,0.5,0.51,0.49,0.5,0.01,0.01,74966.87,1776309140000
1776309142.036,142.036,0.5,0.51,0.49,0.5,0.01,0.01,74966.87,1776309140000
1776309142.406,142.406,0.5,0.51,0.49,0.5,0.01,0.01,74961.05,1776309141000
1776309142.768,142.768,0.5,0.51,0.49,0.5,0.01,0.01,74961.05,1776309141000
1776309143.336,143.336,0.5,0.51,0.49,0.5,0.01,0.01,74961.05,1776309141000
1776309144.017,144.017,0.5,0.51,0.49,0.5,0.01,0.01,74960.9,1776309143000
1776309144.419,144.419,0.5,0.51,0.49,0.5,0.01,0.01,74960.9,1776309143000
1776309145.098,145.098,0.49,0.51,0.49,0.5,0.02,0.01,74960.9,1776309143000
1776309145.62,145.62,0.42,0.46,0.54,0.58,0.04,0.04,74958.88,1776309144000
1776309146.137,146.137,0.42,0.43,0.57,0.59,0.01,0.02,74958.88,1776309144000
1776309146.674,146.674,0.43,0.44,0.56,0.57,0.01,0.01,74958.88,1776309145000
1776309147.007,147.007,0.45,0.48,0.52,0.55,0.03,0.03,74958.88,1776309145000
1776309147.432,147.432,0.53,0.54,0.46,0.47,0.01,0.01,74952.54,1776309146000
1776309147.797,147.797,0.53,0.54,0.46,0.47,0.01,0.01,74952.54,1776309146000
1776309148.146,148.146,0.53,0.55,0.46,0.47,0.02,0.01,74962.29,1776309147000
1776309148.479,148.479,0.49,0.5,0.5,0.51,0.01,0.01,74962.29,1776309147000
1776309148.817,148.817,0.53,0.56,0.44,0.47,0.03,0.03,74962.29,1776309147000
1776309149.223,149.223,0.54,0.58,0.45,0.47,0.04,0.02,74968.12,1776309148000
1776309149.768,149.768,0.57,0.58,0.42,0.43,0.01,0.01,74968.12,1776309148000
1776309150.113,150.113,0.56,0.58,0.41,0.43,0.02,0.02,74973.98,1776309149000
1776309150.536,150.536,0.56,0.57,0.42,0.44,0.01,0.02,74973.98,1776309149000
1776309150.885,150.885,0.56,0.57,0.43,0.44,0.01,0.01,74973.98,1776309149000
1776309151.226,151.226,0.56,0.57,0.43,0.46,0.01,0.03,74972.04,1776309150000
1776309151.622,151.622,0.54,0.55,0.45,0.46,0.01,0.01,74972.04,1776309150000
1776309152.045,152.045,0.54,0.55,0.45,0.46,0.01,0.01,74972.04,1776309150000
1776309152.395,152.395,0.54,0.55,0.45,0.46,0.01,0.01,74966.28,1776309151000
1776309152.748,152.748,0.54,0.55,0.45,0.46,0.01,0.01,74966.28,1776309151000
1776309153.323,153.323,0.54,0.55,0.45,0.46,0.01,0.01,74963.59,1776309152000
1776309153.716,153.716,0.54,0.55,0.45,0.46,0.01,0.01,74963.59,1776309152000
1776309154.118,154.118,0.54,0.55,0.45,0.46,0.01,0.01,74963.6,1776309153000
1776309154.518,154.518,0.54,0.55,0.45,0.46,0.01,0.01,74963.6,1776309153000
1776309155.081,155.081,0.54,0.55,0.45,0.46,0.01,0.01,74964.18,1776309154000
1776309155.578,155.578,0.54,0.55,0.45,0.46,0.01,0.01,74964.18,1776309154000
1776309156.088,156.088,0.55,0.56,0.44,0.45,0.01,0.01,74964.18,1776309154000
1776309156.427,156.427,0.55,0.58,0.44,0.45,0.03,0.01,74964.24,1776309155000
1776309156.997,156.997,0.57,0.58,0.42,0.43,0.01,0.01,74964.24,1776309155000
1776309157.344,157.344,0.57,0.59,0.41,0.43,0.02,0.02,74964.37,1776309156000
1776309157.724,157.724,0.59,0.6,0.39,0.42,0.01,0.03,74964.37,1776309156000
1776309158.107,158.107,0.6,0.61,0.39,0.41,0.01,0.02,74964.37,1776309156000
1776309158.47,158.47,0.6,0.61,0.39,0.4,0.01,0.01,74965.66,1776309157000
1776309159.392,159.392,0.6,0.61,0.39,0.4,0.01,0.01,74970.99,1776309158000
1776309159.816,159.816,0.61,0.62,0.38,0.39,0.01,0.01,74970.99,1776309158000
1776309160.281,160.281,0.62,0.63,0.37,0.38,0.01,0.01,74972.73,1776309159000
1776309160.811,160.811,0.62,0.63,0.37,0.38,0.01,0.01,74972.73,1776309159000
1776309161.262,161.262,0.61,0.63,0.36,0.38,0.02,0.02,74972.73,1776309159000
1776309161.67,161.67,0.61,0.62,0.37,0.4,0.01,0.03,74974.47,1776309160000
1776309162.183,162.183,0.61,0.62,0.38,0.39,0.01,0.01,74974.47,1776309160000
1776309162.637,162.637,0.61,0.62,0.38,0.39,0.01,0.01,74975.64,1776309161000
1776309162.975,162.975,0.57,0.58,0.42,0.43,0.01,0.01,74976.12,1776309162000
1776309163.328,163.328,0.57,0.58,0.42,0.43,0.01,0.01,74976.12,1776309162000
1776309164.034,164.034,0.57,0.58,0.42,0.43,0.01,0.01,74976.12,1776309162000
1776309164.39,164.39,0.57,0.58,0.42,0.43,0.01,0.01,74974.75,1776309163000
1776309164.766,164.766,0.57,0.58,0.42,0.43,0.01,0.01,74974.75,1776309163000
1776309165.131,165.131,0.57,0.58,0.42,0.43,0.01,0.01,74972.25,1776309164000
1776309165.773,165.773,0.56,0.57,0.43,0.44,0.01,0.01,74972.25,1776309164000
1776309166.204,166.204,0.56,0.57,0.43,0.44,0.01,0.01,74972.25,1776309164000
1776309166.557,166.557,0.56,0.57,0.43,0.44,0.01,0.01,74971.72,1776309165000
1776309166.944,166.944,0.58,0.59,0.41,0.42,0.01,0.01,74970.53,1776309166000
1776309167.348,167.348,0.58,0.59,0.41,0.42,0.01,0.01,74970.53,1776309166000
1776309167.841,167.841,0.59,0.6,0.4,0.41,0.01,0.01,74970.53,1776309166000
1776309168.245,168.245,0.59,0.6,0.4,0.41,0.01,0.01,74970.63,1776309167000
1776309168.87,168.87,0.6,0.61,0.39,0.41,0.01,0.02,74970.63,1776309167000
1776309169.415,169.415,0.6,0.61,0.39,0.4,0.01,0.01,74970.63,1776309167000
1776309170.237,170.237,0.6,0.62,0.39,0.4,0.02,0.01,74970.63,1776309167000
1776309170.767,170.767,0.6,0.61,0.38,0.39,0.01,0.01,74970.63,1776309167000
1776309171.5,171.5,0.6,0.61,0.39,0.4,0.01,0.01,74970.63,1776309167000
1776309172.231,172.231,0.6,0.61,0.39,0.4,0.01,0.01,74972.69,1776309171000
1776309172.593,172.593,0.6,0.61,0.39,0.4,0.01,0.01,74972.69,1776309171000
1776309173.19,173.19,0.6,0.62,0.39,0.4,0.02,0.01,74972.69,1776309171000
1776309173.874,173.874,0.61,0.62,0.38,0.39,0.01,0.01,74971.52,1776309172000
1776309174.294,174.294,0.61,0.62,0.38,0.39,0.01,0.01,74971.52,1776309172000
1776309174.772,174.772,0.61,0.62,0.38,0.39,0.01,0.01,74972.74,1776309173000
1776309175.317,175.317,0.61,0.62,0.38,0.39,0.01,0.01,74972.74,1776309174000
1776309175.689,175.689,0.61,0.62,0.38,0.39,0.01,0.01,74972.74,1776309174000
1776309176.067,176.067,0.61,0.62,0.38,0.39,0.01,0.01,74972.74,1776309174000
1776309176.464,176.464,0.61,0.62,0.38,0.39,0.01,0.01,74972.65,1776309175000
1776309176.99,176.99,0.61,0.62,0.38,0.39,0.01,0.01,74972.65,1776309176000
1776309177.416,177.416,0.61,0.62,0.38,0.39,0.01,0.01,74972.65,1776309176000
1776309177.84,177.84,0.62,0.63,0.37,0.38,0.01,0.01,74972.65,1776309176000
1776309178.206,178.206,0.62,0.64,0.37,0.38,0.02,0.01,74972.65,1776309176000
1776309178.657,178.657,0.63,0.64,0.36,0.37,0.01,0.01,74973.19,1776309177000
1776309179.196,179.196,0.63,0.64,0.36,0.37,0.01,0.01,74973.19,1776309177000
1776309179.545,179.545,0.64,0.66,0.35,0.36,0.02,0.01,74973.19,1776309177000
1776309180.16,180.16,0.66,0.67,0.33,0.35,0.01,0.02,74973.44,1776309178000
1776309180.68,180.68,0.66,0.67,0.33,0.34,0.01,0.01,74973.52,1776309179000
1776309181.054,181.054,0.66,0.68,0.33,0.34,0.02,0.01,74973.52,1776309179000
1776309181.399,181.399,0.68,0.69,0.31,0.33,0.01,0.02,74973.52,1776309179000
1776309181.738,181.738,0.69,0.72,0.26,0.32,0.03,0.06,74976.82,1776309180000
1776309182.14,182.14,0.72,0.74,0.26,0.28,0.02,0.02,74978.57,1776309181000
1776309182.656,182.656,0.73,0.74,0.26,0.27,0.01,0.01,74978.57,1776309181000
1776309183.074,183.074,0.73,0.74,0.26,0.27,0.01,0.01,74978.57,1776309181000
1776309183.464,183.464,0.74,0.76,0.25,0.27,0.02,0.02,74983.87,1776309182000
1776309183.809,183.809,0.76,0.77,0.23,0.25,0.01,0.02,74983.87,1776309182000
1776309184.21,184.21,0.77,0.78,0.22,0.23,0.01,0.01,74990.44,1776309183000
1776309184.612,184.612,0.78,0.79,0.21,0.22,0.01,0.01,74990.44,1776309183000
1776309184.967,184.967,0.78,0.79,0.21,0.22,0.01,0.01,74990.44,1776309183000
1776309185.316,185.316,0.79,0.8,0.2,0.21,0.01,0.01,74993.89,1776309184000
1776309185.688,185.688,0.79,0.8,0.2,0.21,0.01,0.01,74993.89,1776309184000
1776309186.068,186.068,0.79,0.8,0.2,0.21,0.01,0.01,74993.89,1776309184000
1776309186.5,186.5,0.79,0.8,0.2,0.21,0.01,0.01,74995.25,1776309185000
1776309186.837,186.837,0.79,0.8,0.2,0.21,0.01,0.01,74995.25,1776309185000
1776309187.18,187.18,0.79,0.8,0.2,0.21,0.01,0.01,74995.25,1776309185000
1776309187.566,187.566,0.79,0.8,0.2,0.21,0.01,0.01,74995.52,1776309186000
1776309187.914,187.914,0.79,0.8,0.2,0.21,0.01,0.01,74995.52,1776309186000
1776309188.323,188.323,0.79,0.8,0.2,0.21,0.01,0.01,74996.54,1776309187000
1776309188.667,188.667,0.79,0.8,0.2,0.21,0.01,0.01,74996.54,1776309187000
1776309189.046,189.046,0.79,0.8,0.2,0.21,0.01,0.01,74996.54,1776309187000
1776309189.4,189.4,0.79,0.8,0.2,0.21,0.01,0.01,74996.55,1776309188000
1776309189.959,189.959,0.79,0.8,0.2,0.21,0.01,0.01,74996.55,1776309189000
1776309190.42,190.42,0.79,0.8,0.2,0.21,0.01,0.01,74996.55,1776309189000
1776309190.847,190.847,0.8,0.81,0.19,0.2,0.01,0.01,74996.55,1776309189000
1776309191.217,191.217,0.8,0.81,0.19,0.2,0.01,0.01,74996.82,1776309190000
1776309191.631,191.631,0.81,0.85,0.16,0.19,0.04,0.03,74996.82,1776309190000
1776309192.058,192.058,0.83,0.85,0.15,0.16,0.02,0.01,74996.84,1776309191000
1776309192.494,192.494,0.84,0.85,0.15,0.17,0.01,0.02,74996.84,1776309191000
1776309192.84,192.84,0.84,0.85,0.15,0.16,0.01,0.01,74996.84,1776309191000
1776309193.253,193.253,0.84,0.85,0.15,0.16,0.01,0.01,75000.47,1776309192000
1776309193.593,193.593,0.84,0.85,0.15,0.16,0.01,0.01,75000.47,1776309192000
1776309193.949,193.949,0.84,0.85,0.15,0.16,0.01,0.01,75005.25,1776309193000
1776309194.346,194.346,0.84,0.85,0.15,0.16,0.01,0.01,75005.25,1776309193000
1776309194.687,194.687,0.84,0.85,0.15,0.16,0.01,0.01,75005.25,1776309193000
1776309195.029,195.029,0.84,0.85,0.15,0.16,0.01,0.01,75004.26,1776309194000
1776309195.55,195.55,0.84,0.85,0.15,0.16,0.01,0.01,75004.26,1776309194000
1776309195.896,195.896,0.84,0.85,0.15,0.16,0.01,0.01,75004.26,1776309194000
1776309196.454,196.454,0.84,0.85,0.15,0.16,0.01,0.01,75004.25,1776309195000
1776309196.841,196.841,0.84,0.85,0.15,0.16,0.01,0.01,75004.25,1776309195000
1776309197.186,197.186,0.84,0.85,0.15,0.16,0.01,0.01,75004.01,1776309196000
1776309197.591,197.591,0.84,0.85,0.15,0.16,0.01,0.01,75004.01,1776309196000
1776309198.017,198.017,0.84,0.85,0.15,0.16,0.01,0.01,75004.01,1776309196000
1776309198.437,198.437,0.84,0.85,0.15,0.16,0.01,0.01,75003.73,1776309197000
1776309199.223,199.223,0.84,0.85,0.15,0.16,0.01,0.01,75004.62,1776309198000
1776309199.921,199.921,0.84,0.85,0.15,0.16,0.01,0.01,75004.62,1776309198000
1776309200.26,200.26,0.84,0.85,0.15,0.16,0.01,0.01,75005.71,1776309199000
1776309200.594,200.594,0.84,0.85,0.15,0.16,0.01,0.01,75005.71,1776309199000
1776309200.951,200.951,0.84,0.85,0.15,0.16,0.01,0.01,75005.71,1776309199000
1776309201.412,201.412,0.84,0.85,0.15,0.16,0.01,0.01,75005.71,1776309199000
1776309202.177,202.177,0.84,0.85,0.15,0.16,0.01,0.01,75005.7,1776309201000
1776309202.77,202.77,0.84,0.85,0.15,0.16,0.01,0.01,75005.7,1776309201000
1776309203.27,203.27,0.85,0.86,0.14,0.16,0.01,0.02,75005.7,1776309201000
1776309203.751,203.751,0.85,0.86,0.14,0.15,0.01,0.01,75005.71,1776309202000
1776309204.102,204.102,0.85,0.86,0.14,0.15,0.01,0.01,75005.71,1776309202000
1776309204.61,204.61,0.84,0.86,0.14,0.15,0.02,0.01,75005.9,1776309203000
1776309205.083,205.083,0.85,0.86,0.14,0.15,0.01,0.01,75005.9,1776309203000
1776309205.446,205.446,0.85,0.86,0.14,0.15,0.01,0.01,75006.1,1776309204000
1776309205.855,205.855,0.85,0.86,0.14,0.15,0.01,0.01,75006.1,1776309204000
1776309206.277,206.277,0.85,0.86,0.14,0.15,0.01,0.01,75006.1,1776309204000
1776309206.69,206.69,0.85,0.86,0.14,0.15,0.01,0.01,75006.23,1776309205000
1776309207.066,207.066,0.85,0.86,0.14,0.15,0.01,0.01,75006.23,1776309205000
1776309207.415,207.415,0.85,0.86,0.14,0.15,0.01,0.01,75006.38,1776309206000
1776309208.156,208.156,0.85,0.86,0.14,0.15,0.01,0.01,75006.38,1776309206000
1776309208.504,208.504,0.85,0.86,0.14,0.15,0.01,0.01,75006.07,1776309207000
1776309208.875,208.875,0.83,0.84,0.16,0.18,0.01,0.02,75006.07,1776309207000
1776309209.216,209.216,0.81,0.84,0.16,0.19,0.03,0.03,75005.39,1776309208000
1776309209.555,209.555,0.81,0.82,0.18,0.19,0.01,0.01,75005.39,1776309208000
1776309209.903,209.903,0.81,0.82,0.18,0.19,0.01,0.01,75005.39,1776309208000
1776309210.298,210.298,0.8,0.81,0.19,0.2,0.01,0.01,75002.12,1776309209000
1776309210.888,210.888,0.8,0.81,0.19,0.2,0.01,0.01,75002.12,1776309209000
1776309211.61,211.61,0.8,0.81,0.19,0.2,0.01,0.01,74998.03,1776309210000
1776309212.033,212.033,0.77,0.8,0.2,0.23,0.03,0.03,74998.03,1776309210000
1776309212.435,212.435,0.78,0.79,0.21,0.22,0.01,0.01,74997.22,1776309211000
1776309213.363,213.363,0.75,0.77,0.23,0.25,0.02,0.02,74989.86,1776309212000
1776309213.701,213.701,0.75,0.76,0.24,0.26,0.01,0.02,74989.86,1776309212000
1776309214.044,214.044,0.74,0.76,0.24,0.25,0.02,0.01,74989.86,1776309212000
1776309214.479,214.479,0.74,0.75,0.25,0.26,0.01,0.01,74989.55,1776309213000
1776309215.048,215.048,0.74,0.75,0.25,0.26,0.01,0.01,74989.55,1776309213000
1776309215.766,215.766,0.74,0.75,0.25,0.26,0.01,0.01,74986.56,1776309214000
1776309216.256,216.256,0.74,0.75,0.25,0.26,0.01,0.01,74986.56,1776309214000
1776309216.63,216.63,0.74,0.75,0.25,0.26,0.01,0.01,74986.11,1776309215000
1776309217.149,217.149,0.74,0.75,0.25,0.26,0.01,0.01,74986.11,1776309216000
1776309217.568,217.568,0.74,0.75,0.25,0.26,0.01,0.01,74986.11,1776309216000
1776309218.089,218.089,0.74,0.75,0.25,0.26,0.01,0.01,74986.11,1776309216000
1776309218.532,218.532,0.73,0.74,0.26,0.27,0.01,0.01,74985.72,1776309217000
1776309218.947,218.947,0.73,0.74,0.26,0.27,0.01,0.01,74985.72,1776309217000
1776309219.359,219.359,0.73,0.74,0.26,0.27,0.01,0.01,74985.72,1776309217000
1776309219.735,219.735,0.73,0.74,0.26,0.27,0.01,0.01,74985.72,1776309217000
1776309220.263,220.263,0.73,0.74,0.26,0.27,0.01,0.01,74985.19,1776309218000
1776309220.597,220.597,0.73,0.74,0.26,0.27,0.01,0.01,74985.31,1776309219000
1776309220.948,220.948,0.74,0.75,0.25,0.26,0.01,0.01,74985.31,1776309219000
1776309221.327,221.327,0.74,0.75,0.25,0.26,0.01,0.01,74985.53,1776309220000
1776309221.807,221.807,0.76,0.77,0.24,0.25,0.01,0.01,74985.53,1776309220000
1776309222.252,222.252,0.76,0.77,0.23,0.24,0.01,0.01,74985.53,1776309220000
1776309222.877,222.877,0.76,0.77,0.23,0.24,0.01,0.01,74986.07,1776309221000
1776309223.39,223.39,0.76,0.77,0.23,0.24,0.01,0.01,74986.94,1776309222000
1776309223.756,223.756,0.76,0.77,0.23,0.24,0.01,0.01,74986.94,1776309222000
1776309224.385,224.385,0.76,0.77,0.23,0.24,0.01,0.01,74986.94,1776309222000
1776309225.288,225.288,0.76,0.77,0.23,0.24,0.01,0.01,74987.28,1776309223000
1776309225.779,225.779,0.76,0.77,0.23,0.24,0.01,0.01,74986.55,1776309224000
1776309226.233,226.233,0.76,0.77,0.23,0.24,0.01,0.01,74986.73,1776309225000
1776309226.63,226.63,0.76,0.77,0.23,0.24,0.01,0.01,74986.73,1776309225000
1776309227.002,227.002,0.77,0.78,0.22,0.24,0.01,0.02,74986.73,1776309225000
1776309227.74,227.74,0.77,0.78,0.22,0.23,0.01,0.01,74986.73,1776309226000
1776309228.348,228.348,0.78,0.79,0.21,0.22,0.01,0.01,74986.21,1776309227000
1776309228.787,228.787,0.79,0.8,0.2,0.21,0.01,0.01,74986.21,1776309227000
1776309229.147,229.147,0.8,0.81,0.19,0.2,0.01,0.01,74986.21,1776309227000
1776309229.672,229.672,0.8,0.81,0.19,0.2,0.01,0.01,74986.9,1776309228000
1776309230.07,230.07,0.8,0.81,0.19,0.2,0.01,0.01,74986.9,1776309228000
1776309230.465,230.465,0.8,0.81,0.19,0.2,0.01,0.01,74986.84,1776309229000
1776309230.81,230.81,0.8,0.81,0.19,0.2,0.01,0.01,74986.84,1776309229000
1776309231.298,231.298,0.8,0.81,0.19,0.2,0.01,0.01,74986.84,1776309229000
1776309231.632,231.632,0.77,0.78,0.21,0.27,0.01,0.06,74987.57,1776309230000
1776309232.101,232.101,0.76,0.77,0.22,0.24,0.01,0.02,74987.57,1776309230000
1776309232.437,232.437,0.76,0.77,0.23,0.24,0.01,0.01,74987.57,1776309230000
1776309232.816,232.816,0.73,0.77,0.23,0.27,0.04,0.04,74986.8,1776309231000
1776309233.212,233.212,0.71,0.74,0.26,0.29,0.03,0.03,74986.8,1776309232000
1776309233.569,233.569,0.71,0.72,0.28,0.29,0.01,0.01,74986.8,1776309232000
1776309234.075,234.075,0.71,0.72,0.28,0.29,0.01,0.01,74986.8,1776309232000
1776309234.428,234.428,0.71,0.72,0.28,0.29,0.01,0.01,74986.37,1776309233000
1776309234.874,234.874,0.69,0.7,0.28,0.31,0.01,0.03,74986.37,1776309233000
1776309235.258,235.258,0.69,0.71,0.3,0.31,0.02,0.01,74980.02,1776309234000
1776309235.599,235.599,0.74,0.75,0.22,0.3,0.01,0.08,74980.02,1776309234000
1776309236.036,236.036,0.75,0.77,0.24,0.26,0.02,0.02,74980.02,1776309234000
1776309236.41,236.41,0.77,0.79,0.21,0.24,0.02,0.03,74978.65,1776309235000
1776309237.009,237.009,0.78,0.79,0.21,0.22,0.01,0.01,74978.65,1776309235000
1776309237.466,237.466,0.79,0.8,0.2,0.21,0.01,0.01,74981.95,1776309236000
1776309237.823,237.823,0.8,0.82,0.2,0.21,0.02,0.01,74981.95,1776309236000
1776309238.233,238.233,0.81,0.82,0.19,0.2,0.01,0.01,74983.94,1776309237000
1776309238.623,238.623,0.81,0.82,0.18,0.19,0.01,0.01,74983.94,1776309237000
1776309238.978,238.978,0.81,0.82,0.18,0.19,0.01,0.01,74983.94,1776309237000
1776309239.592,239.592,0.81,0.82,0.18,0.19,0.01,0.01,74985.7,1776309238000
1776309239.969,239.969,0.81,0.82,0.18,0.19,0.01,0.01,74985.7,1776309238000
1776309240.614,240.614,0.81,0.82,0.18,0.19,0.01,0.01,74986.73,1776309239000
1776309241.119,241.119,0.82,0.83,0.17,0.18,0.01,0.01,74987.65,1776309240000
1776309241.482,241.482,0.75,0.78,0.2,0.25,0.03,0.05,74987.65,1776309240000
1776309242.084,242.084,0.76,0.77,0.23,0.24,0.01,0.01,74987.87,1776309241000
1776309242.472,242.472,0.74,0.75,0.25,0.27,0.01,0.02,74987.87,1776309241000
1776309243.21,243.21,0.74,0.76,0.24,0.26,0.02,0.02,74984.68,1776309242000
1776309243.701,243.701,0.74,0.75,0.25,0.28,0.01,0.03,74984.68,1776309242000
1776309244.084,244.084,0.74,0.75,0.24,0.26,0.01,0.02,74984.68,1776309242000
1776309244.422,244.422,0.74,0.75,0.25,0.26,0.01,0.01,74980.69,1776309243000
1776309244.797,244.797,0.74,0.76,0.25,0.26,0.02,0.01,74980.69,1776309243000
1776309245.133,245.133,0.75,0.76,0.24,0.25,0.01,0.01,74980.69,1776309243000
1776309245.486,245.486,0.77,0.78,0.2,0.24,0.01,0.04,74980.69,1776309243000
1776309246.038,246.038,0.8,0.83,0.2,0.22,0.03,0.02,74981.12,1776309244000
1776309246.486,246.486,0.83,0.85,0.17,0.2,0.02,0.03,74981.39,1776309245000
1776309246.836,246.836,0.85,0.86,0.12,0.16,0.01,0.04,74981.39,1776309245000
1776309247.179,247.179,0.86,0.87,0.13,0.14,0.01,0.01,74981.39,1776309245000
1776309247.539,247.539,0.86,0.87,0.13,0.14,0.01,0.01,74989.53,1776309246000
1776309247.919,247.919,0.88,0.89,0.11,0.12,0.01,0.01,74989.53,1776309246000
1776309248.268,248.268,0.88,0.9,0.11,0.12,0.02,0.01,74989.53,1776309246000
1776309248.613,248.613,0.89,0.9,0.1,0.11,0.01,0.01,74993.82,1776309247000
1776309249.019,249.019,0.91,0.92,0.08,0.09,0.01,0.01,74993.82,1776309247000
1776309249.368,249.368,0.91,0.92,0.08,0.09,0.01,0.01,74993.82,1776309247000
1776309249.772,249.772,0.91,0.92,0.08,0.09,0.01,0.01,74994.83,1776309248000
1776309250.126,250.126,0.91,0.92,0.08,0.09,0.01,0.01,74995.38,1776309249000
1776309250.537,250.537,0.91,0.92,0.08,0.09,0.01,0.01,74995.38,1776309249000
1776309250.948,250.948,0.91,0.92,0.08,0.09,0.01,0.01,74995.38,1776309249000
1776309251.718,251.718,0.91,0.92,0.08,0.09,0.01,0.01,74998.33,1776309250000
1776309252.147,252.147,0.91,0.92,0.08,0.09,0.01,0.01,74998.33,1776309250000
1776309252.495,252.495,0.91,0.92,0.08,0.09,0.01,0.01,74998.98,1776309251000
1776309252.844,252.844,0.91,0.92,0.08,0.09,0.01,0.01,74998.98,1776309251000
1776309253.199,253.199,0.91,0.92,0.08,0.09,0.01,0.01,74998.94,1776309252000
1776309253.544,253.544,0.92,0.93,0.08,0.09,0.01,0.01,74998.94,1776309252000
1776309254.051,254.051,0.92,0.93,0.07,0.08,0.01,0.01,74998.94,1776309252000
1776309254.462,254.462,0.92,0.93,0.07,0.08,0.01,0.01,74999.92,1776309253000
1776309254.834,254.834,0.92,0.93,0.07,0.08,0.01,0.01,74999.92,1776309253000
1776309255.348,255.348,0.93,0.94,0.07,0.08,0.01,0.01,74999.92,1776309253000
1776309255.691,255.691,0.93,0.94,0.06,0.07,0.01,0.01,74999.92,1776309254000
1776309256.098,256.098,0.91,0.92,0.08,0.09,0.01,0.01,75000.02,1776309255000
1776309256.451,256.451,0.91,0.92,0.08,0.09,0.01,0.01,75000.02,1776309255000
1776309256.816,256.816,0.91,0.92,0.08,0.09,0.01,0.01,75000.02,1776309255000
1776309257.27,257.27,0.91,0.92,0.08,0.09,0.01,0.01,74998.83,1776309256000
1776309257.759,257.759,0.91,0.92,0.08,0.09,0.01,0.01,74998.83,1776309256000
1776309258.107,258.107,0.91,0.92,0.08,0.09,0.01,0.01,74998.83,1776309256000
1776309258.473,258.473,0.93,0.94,0.06,0.07,0.01,0.01,74996.8,1776309257000
1776309258.847,258.847,0.93,0.94,0.06,0.07,0.01,0.01,74996.8,1776309257000
1776309259.363,259.363,0.93,0.94,0.06,0.07,0.01,0.01,74996.8,1776309257000
1776309259.725,259.725,0.93,0.94,0.06,0.07,0.01,0.01,74996.73,1776309258000
1776309260.208,260.208,0.93,0.94,0.06,0.07,0.01,0.01,74996.73,1776309258000
1776309260.771,260.771,0.93,0.94,0.06,0.07,0.01,0.01,74998,1776309259000
1776309261.204,261.204,0.96,0.97,0.03,0.04,0.01,0.01,74999.02,1776309260000
1776309261.541,261.541,0.96,0.97,0.03,0.04,0.01,0.01,74999.02,1776309260000
1776309261.977,261.977,0.95,0.96,0.03,0.05,0.01,0.02,74999.02,1776309260000
1776309262.354,262.354,0.95,0.96,0.04,0.05,0.01,0.01,75002.0,1776309261000
1776309262.793,262.793,0.95,0.96,0.04,0.05,0.01,0.01,75002.0,1776309261000
1776309263.153,263.153,0.95,0.96,0.04,0.05,0.01,0.01,75002.0,1776309261000
1776309263.66,263.66,0.95,0.96,0.04,0.05,0.01,0.01,75008.6,1776309262000
1776309264.062,264.062,0.95,0.96,0.04,0.05,0.01,0.01,75008.6,1776309262000
1776309264.398,264.398,0.95,0.96,0.04,0.05,0.01,0.01,75008.6,1776309262000
1776309264.739,264.739,0.95,0.96,0.03,0.05,0.01,0.02,75007.09,1776309263000
1776309265.123,265.123,0.95,0.96,0.04,0.05,0.01,0.01,75007.09,1776309263000
1776309265.632,265.632,0.95,0.96,0.04,0.05,0.01,0.01,75005.19,1776309264000
1776309265.969,265.969,0.95,0.97,0.04,0.05,0.02,0.01,75005.19,1776309264000
1776309266.399,266.399,0.96,0.97,0.03,0.04,0.01,0.01,75005.05,1776309265000
1776309266.756,266.756,0.96,0.97,0.03,0.04,0.01,0.01,75005.05,1776309265000
1776309267.173,267.173,0.95,0.96,0.03,0.05,0.01,0.02,75005.1,1776309266000
1776309267.603,267.603,0.95,0.96,0.04,0.05,0.01,0.01,75005.1,1776309266000
1776309268.009,268.009,0.95,0.96,0.04,0.05,0.01,0.01,75005.1,1776309266000
1776309268.411,268.411,0.96,0.97,0.04,0.05,0.01,0.01,75005.22,1776309267000
1776309268.857,268.857,0.96,0.97,0.03,0.04,0.01,0.01,75005.22,1776309267000
1776309269.197,269.197,0.96,0.97,0.03,0.04,0.01,0.01,75005.19,1776309268000
1776309269.714,269.714,0.96,0.97,0.03,0.04,0.01,0.01,75005.19,1776309268000
1776309270.121,270.121,0.96,0.97,0.03,0.04,0.01,0.01,75005.19,1776309268000
1776309270.488,270.488,0.95,0.97,0.04,0.05,0.02,0.01,75005.03,1776309269000
1776309270.857,270.857,0.95,0.96,0.03,0.04,0.01,0.01,75005.03,1776309269000
1776309271.27,271.27,0.96,0.97,0.03,0.05,0.01,0.02,75005.03,1776309269000
1776309271.624,271.624,0.96,0.97,0.03,0.04,0.01,0.01,75005.19,1776309270000
1776309271.961,271.961,0.96,0.97,0.03,0.04,0.01,0.01,75005.19,1776309271000
1776309272.438,272.438,0.96,0.97,0.03,0.04,0.01,0.01,75005.19,1776309271000
1776309272.917,272.917,0.96,0.97,0.03,0.04,0.01,0.01,75005.19,1776309271000
1776309273.567,273.567,0.96,0.97,0.03,0.04,0.01,0.01,75005.19,1776309272000
1776309273.991,273.991,0.96,0.97,0.03,0.04,0.01,0.01,75005.19,1776309272000
1776309274.397,274.397,0.96,0.97,0.03,0.04,0.01,0.01,75005.19,1776309272000
1776309274.826,274.826,0.96,0.97,0.03,0.04,0.01,0.01,75007.11,1776309273000
1776309275.192,275.192,0.96,0.97,0.03,0.04,0.01,0.01,75007.22,1776309274000
1776309276.065,276.065,0.96,0.97,0.03,0.04,0.01,0.01,75007.22,1776309274000
1776309276.401,276.401,0.96,0.97,0.03,0.04,0.01,0.01,75007.22,1776309275000
1776309276.761,276.761,0.96,0.97,0.03,0.04,0.01,0.01,75007.22,1776309275000
1776309277.106,277.106,0.96,0.97,0.03,0.04,0.01,0.01,75007.22,1776309275000
1776309277.478,277.478,0.96,0.97,0.03,0.04,0.01,0.01,75008.74,1776309276000
1776309277.822,277.822,0.96,0.97,0.03,0.04,0.01,0.01,75008.74,1776309276000
1776309278.195,278.195,0.96,0.97,0.03,0.04,0.01,0.01,75007.36,1776309277000
1776309278.557,278.557,0.96,0.97,0.03,0.04,0.01,0.01,75007.36,1776309277000
1776309278.949,278.949,0.96,0.97,0.03,0.04,0.01,0.01,75007.36,1776309277000
1776309279.299,279.299,0.96,0.97,0.03,0.04,0.01,0.01,75007.36,1776309278000
1776309279.641,279.641,0.96,0.97,0.03,0.04,0.01,0.01,75007.36,1776309278000
1776309280.042,280.042,0.94,0.95,0.05,0.06,0.01,0.01,75007.36,1776309278000
1776309280.417,280.417,0.92,0.93,0.07,0.08,0.01,0.01,75007.37,1776309279000
1776309280.783,280.783,0.93,0.94,0.06,0.07,0.01,0.01,75007.37,1776309279000
1776309281.117,281.117,0.93,0.94,0.06,0.07,0.01,0.01,75007.37,1776309279000
1776309281.545,281.545,0.93,0.94,0.06,0.07,0.01,0.01,75006.86,1776309280000
1776309281.88,281.88,0.93,0.94,0.06,0.07,0.01,0.01,75006.86,1776309280000
1776309282.254,282.254,0.93,0.94,0.06,0.07,0.01,0.01,74999.59,1776309281000
1776309282.942,282.942,0.93,0.94,0.06,0.07,0.01,0.01,74999.59,1776309281000
1776309283.446,283.446,0.94,0.95,0.05,0.06,0.01,0.01,74995.54,1776309282000
1776309284.004,284.004,0.94,0.95,0.05,0.06,0.01,0.01,74995.49,1776309283000
1776309284.47,284.47,0.94,0.95,0.05,0.06,0.01,0.01,74995.49,1776309283000
1776309284.899,284.899,0.94,0.95,0.05,0.06,0.01,0.01,74995.49,1776309284000
1776309285.287,285.287,0.94,0.95,0.05,0.06,0.01,0.01,74995.49,1776309284000
1776309285.62,285.62,0.95,0.96,0.04,0.05,0.01,0.01,74995.49,1776309284000
1776309285.976,285.976,0.95,0.96,0.04,0.05,0.01,0.01,74995.32,1776309285000
1776309286.35,286.35,0.93,0.94,0.04,0.07,0.01,0.03,74995.32,1776309285000
1776309286.74,286.74,0.93,0.94,0.06,0.07,0.01,0.01,74995.32,1776309285000
1776309287.135,287.135,0.91,0.92,0.08,0.09,0.01,0.01,74995.32,1776309285000
1776309287.475,287.475,0.91,0.92,0.08,0.09,0.01,0.01,74994.89,1776309286000
1776309287.814,287.814,0.91,0.92,0.08,0.09,0.01,0.01,74994.89,1776309286000
1776309288.262,288.262,0.91,0.92,0.08,0.09,0.01,0.01,74993.43,1776309287000
1776309288.699,288.699,0.91,0.92,0.08,0.09,0.01,0.01,74993.43,1776309287000
1776309289.048,289.048,0.91,0.92,0.08,0.09,0.01,0.01,74990.09,1776309288000
1776309289.513,289.513,0.91,0.92,0.08,0.09,0.01,0.01,74990.09,1776309288000
1776309289.943,289.943,0.91,0.92,0.08,0.09,0.01,0.01,74990.09,1776309288000
1776309290.459,290.459,0.91,0.92,0.08,0.09,0.01,0.01,74988.69,1776309289000
1776309290.812,290.812,0.91,0.92,0.08,0.09,0.01,0.01,74988.69,1776309289000
1776309291.275,291.275,0.91,0.92,0.08,0.09,0.01,0.01,74987.43,1776309290000
1776309291.608,291.608,0.91,0.92,0.08,0.09,0.01,0.01,74987.43,1776309290000
1776309292.218,292.218,0.91,0.92,0.08,0.09,0.01,0.01,74987.43,1776309290000
1776309292.617,292.617,0.91,0.92,0.08,0.09,0.01,0.01,74984.92,1776309291000
1776309293.387,293.387,0.91,0.92,0.08,0.09,0.01,0.01,74984.92,1776309291000
1776309293.849,293.849,0.9,0.91,0.08,0.1,0.01,0.02,74984.69,1776309292000
1776309294.24,294.24,0.9,0.91,0.09,0.1,0.01,0.01,74984.69,1776309292000
1776309294.6,294.6,0.9,0.91,0.09,0.1,0.01,0.01,74984.69,1776309293000
1776309295.037,295.037,0.9,0.91,0.09,0.1,0.01,0.01,74984.69,1776309293000
1776309295.388,295.388,0.9,0.91,0.09,0.1,0.01,0.01,74984.69,1776309293000
1776309295.731,295.731,0.9,0.91,0.09,0.1,0.01,0.01,74984.42,1776309294000
1776309296.111,296.111,0.9,0.91,0.09,0.1,0.01,0.01,74984.42,1776309294000
1776309296.46,296.46,0.9,0.95,0.09,0.1,0.05,0.01,74984.18,1776309295000
1776309296.798,296.798,0.95,0.96,0.04,0.05,0.01,0.01,74984.18,1776309295000
1776309297.132,297.132,0.97,0.98,0.04,0.05,0.01,0.01,74984.18,1776309295000
1776309297.469,297.469,0.98,0.99,0.01,0.02,0.01,0.01,74984.5,1776309296000
1776309297.823,297.823,0.98,0.99,0.01,0.02,0.01,0.01,74984.5,1776309296000
1776309298.18,298.18,0.99,0.99,0.01,0.01,0.0,0.0,74984.5,1776309296000
1776309298.559,298.559,0.99,0.99,0.01,0.01,0.0,0.0,74984.14,1776309297000
1776309298.908,298.908,0.99,0.99,0.01,0.01,0.0,0.0,74984.14,1776309297000
1776309299.324,299.324,0.99,0.99,0.01,0.01,0.0,0.0,74984.48,1776309298000
1776309299.666,299.666,0.99,0.99,0.01,0.01,0.0,0.0,74984.48,1776309298000
1776309299.999,299.999,0.99,0.99,0.01,0.01,0.0,0.0,74984.48,1776309298000
1776309300.394,300.394,0.99,0.99,0.01,0.01,0.0,0.0,74984.14,1776309299000
1776309300.734,300.734,0.99,0.99,0.01,0.01,0.0,0.0,74984.14,1776309299000

# RESULT,winner=Up,slug=btc-updown-5m-1776309000,ticks=685
