timestamp,elapsed_sec,up_bid,up_ask,down_bid,down_ask,up_spread,down_spread,btc_price,btc_oracle_ts
1777160700.607,0.607,0.46,0.47,0.53,0.54,0.01,0.01,77625.83,1777160699000
1777160700.979,0.979,0.46,0.47,0.53,0.54,0.01,0.01,77625.83,1777160699000
1777160701.322,1.322,0.45,0.47,0.53,0.55,0.02,0.02,77625.83,1777160699000
1777160701.864,1.864,0.42,0.43,0.57,0.58,0.01,0.01,77625.86,1777160700000
1777160702.215,2.215,0.42,0.43,0.57,0.58,0.01,0.01,77625.86,1777160700000
1777160702.562,2.562,0.42,0.43,0.57,0.58,0.01,0.01,77625.94,1777160701000
1777160702.902,2.902,0.42,0.43,0.57,0.58,0.01,0.01,77625.94,1777160701000
1777160703.239,3.239,0.42,0.43,0.57,0.58,0.01,0.01,77625.94,1777160702000
1777160703.828,3.828,0.42,0.43,0.57,0.58,0.01,0.01,77625.94,1777160702000
1777160704.351,4.351,0.42,0.43,0.57,0.58,0.01,0.01,77625.94,1777160702000
1777160704.714,4.714,0.42,0.43,0.57,0.58,0.01,0.01,77625.88,1777160703000
1777160705.156,5.156,0.47,0.49,0.52,0.53,0.02,0.01,77625.88,1777160703000
1777160705.551,5.551,0.48,0.49,0.51,0.52,0.01,0.01,77625.88,1777160704000
1777160705.943,5.943,0.48,0.49,0.51,0.52,0.01,0.01,77625.88,1777160704000
1777160706.636,6.636,0.48,0.49,0.51,0.52,0.01,0.01,77625.85,1777160705000
1777160707.05,7.05,0.48,0.49,0.51,0.52,0.01,0.01,77625.85,1777160705000
1777160707.428,7.428,0.48,0.49,0.51,0.52,0.01,0.01,77625.85,1777160705000
1777160708.04,8.04,0.48,0.49,0.51,0.52,0.01,0.01,77625.85,1777160706000
1777160708.833,8.833,0.48,0.49,0.51,0.52,0.01,0.01,77625.86,1777160707000
1777160709.564,9.564,0.48,0.49,0.51,0.52,0.01,0.01,77626.0,1777160708000
1777160710.055,10.055,0.48,0.49,0.51,0.52,0.01,0.01,77626.0,1777160708000
1777160710.542,10.542,0.48,0.49,0.51,0.52,0.01,0.01,77625.99,1777160709000
1777160711.38,11.38,0.48,0.49,0.51,0.52,0.01,0.01,77625.99,1777160709000
1777160712.229,12.229,0.48,0.49,0.51,0.52,0.01,0.01,77625.88,1777160711000
1777160712.637,12.637,0.48,0.49,0.51,0.52,0.01,0.01,77625.88,1777160711000
1777160713.323,13.323,0.48,0.49,0.51,0.52,0.01,0.01,77625.88,1777160711000
1777160714.125,14.125,0.48,0.49,0.51,0.52,0.01,0.01,77625.88,1777160713000
1777160714.863,14.863,0.47,0.48,0.52,0.53,0.01,0.01,77625.88,1777160713000
1777160715.395,15.395,0.47,0.48,0.52,0.53,0.01,0.01,77625.88,1777160713000
1777160715.794,15.794,0.47,0.48,0.52,0.53,0.01,0.01,77625.8,1777160714000
1777160716.152,16.152,0.47,0.48,0.52,0.53,0.01,0.01,77625.8,1777160714000
1777160716.794,16.794,0.47,0.48,0.52,0.53,0.01,0.01,77625.82,1777160715000
1777160717.275,17.275,0.47,0.48,0.52,0.53,0.01,0.01,77625.82,1777160715000
1777160717.925,17.925,0.47,0.48,0.52,0.53,0.01,0.01,77625.95,1777160717000
1777160718.278,18.278,0.47,0.48,0.52,0.53,0.01,0.01,77625.95,1777160717000
1777160718.745,18.745,0.47,0.48,0.52,0.53,0.01,0.01,77625.95,1777160717000
1777160719.283,19.283,0.47,0.48,0.52,0.53,0.01,0.01,77625.94,1777160718000
1777160720.364,20.364,0.47,0.48,0.52,0.53,0.01,0.01,77625.95,1777160719000
1777160721.291,21.291,0.47,0.49,0.52,0.53,0.02,0.01,77625.95,1777160719000
1777160721.821,21.821,0.48,0.49,0.51,0.52,0.01,0.01,77625.66,1777160720000
1777160722.242,22.242,0.48,0.49,0.51,0.52,0.01,0.01,77625.66,1777160721000
1777160722.802,22.802,0.48,0.49,0.51,0.52,0.01,0.01,77625.66,1777160721000
1777160723.442,23.442,0.48,0.49,0.51,0.52,0.01,0.01,77625.6,1777160722000
1777160724.231,24.231,0.48,0.49,0.51,0.52,0.01,0.01,77625.6,1777160722000
1777160725.143,25.143,0.48,0.49,0.51,0.52,0.01,0.01,77625.61,1777160723000
1777160725.72,25.72,0.49,0.5,0.5,0.51,0.01,0.01,77625.76,1777160724000
1777160727.074,27.074,0.49,0.5,0.5,0.51,0.01,0.01,77625.8,1777160726000
1777160727.919,27.919,0.49,0.5,0.5,0.51,0.01,0.01,77625.8,1777160726000
1777160728.537,28.537,0.49,0.5,0.5,0.51,0.01,0.01,77625.8,1777160726000
1777160728.959,28.959,0.49,0.5,0.5,0.51,0.01,0.01,77625.67,1777160727000
1777160729.476,29.476,0.49,0.5,0.5,0.51,0.01,0.01,77625.67,1777160727000
1777160729.924,29.924,0.49,0.5,0.5,0.51,0.01,0.01,77625.68,1777160728000
1777160730.603,30.603,0.49,0.5,0.5,0.51,0.01,0.01,77625.68,1777160729000
1777160731.144,31.144,0.49,0.5,0.5,0.51,0.01,0.01,77625.68,1777160729000
1777160731.982,31.982,0.49,0.5,0.5,0.51,0.01,0.01,77625.59,1777160731000
1777160732.679,32.679,0.49,0.5,0.5,0.51,0.01,0.01,77625.59,1777160731000
1777160733.202,33.202,0.49,0.5,0.5,0.51,0.01,0.01,77625.59,1777160731000
1777160733.992,33.992,0.49,0.51,0.49,0.51,0.02,0.02,77625.37,1777160733000
1777160734.539,34.539,0.5,0.51,0.49,0.51,0.01,0.02,77625.37,1777160733000
1777160734.894,34.894,0.5,0.51,0.49,0.5,0.01,0.01,77625.37,1777160733000
1777160736.16,36.16,0.5,0.51,0.49,0.5,0.01,0.01,77625.49,1777160734000
1777160736.697,36.697,0.5,0.51,0.49,0.5,0.01,0.01,77625.62,1777160735000
1777160737.11,37.11,0.5,0.51,0.49,0.5,0.01,0.01,77625.7,1777160736000
1777160738.339,38.339,0.5,0.51,0.49,0.5,0.01,0.01,77625.7,1777160736000
1777160738.766,38.766,0.5,0.51,0.49,0.5,0.01,0.01,77625.69,1777160737000
1777160740.017,40.017,0.5,0.51,0.49,0.5,0.01,0.01,77625.69,1777160738000
1777160741.285,41.285,0.5,0.51,0.49,0.5,0.01,0.01,77625.68,1777160739000
1777160741.851,41.851,0.5,0.51,0.49,0.5,0.01,0.01,77625.67,1777160740000
1777160742.681,42.681,0.5,0.51,0.49,0.5,0.01,0.01,77625.86,1777160741000
1777160743.523,43.523,0.49,0.51,0.49,0.51,0.02,0.02,77625.86,1777160742000
1777160743.9,43.9,0.49,0.5,0.5,0.51,0.01,0.01,77625.86,1777160742000
1777160744.263,44.263,0.49,0.5,0.5,0.51,0.01,0.01,77625.86,1777160743000
1777160744.645,44.645,0.49,0.5,0.5,0.51,0.01,0.01,77625.86,1777160743000
1777160745.359,45.359,0.49,0.5,0.5,0.51,0.01,0.01,77625.86,1777160744000
1777160745.71,45.71,0.49,0.5,0.5,0.51,0.01,0.01,77625.86,1777160744000
1777160746.654,46.654,0.49,0.5,0.5,0.51,0.01,0.01,77625.86,1777160745000
1777160747.005,47.005,0.49,0.5,0.5,0.51,0.01,0.01,77625.86,1777160745000
1777160747.439,47.439,0.49,0.5,0.5,0.51,0.01,0.01,77625.54,1777160746000
1777160748.292,48.292,0.49,0.5,0.5,0.51,0.01,0.01,77625.57,1777160747000
1777160749.052,49.052,0.49,0.5,0.5,0.51,0.01,0.01,77625.57,1777160747000
1777160749.451,49.451,0.49,0.5,0.5,0.51,0.01,0.01,77625.62,1777160748000
1777160750.088,50.088,0.49,0.51,0.49,0.51,0.02,0.02,77625.62,1777160749000
1777160751.235,51.235,0.49,0.51,0.49,0.51,0.02,0.02,77625.62,1777160750000
1777160751.655,51.655,0.5,0.51,0.49,0.51,0.01,0.02,77625.62,1777160750000
1777160752.042,52.042,0.5,0.51,0.49,0.5,0.01,0.01,77625.62,1777160750000
1777160752.666,52.666,0.49,0.5,0.49,0.5,0.01,0.01,77625.62,1777160751000
1777160754.128,54.128,0.49,0.5,0.5,0.51,0.01,0.01,77625.62,1777160752000
1777160754.548,54.548,0.48,0.49,0.5,0.51,0.01,0.01,77625.8,1777160753000
1777160755.176,55.176,0.48,0.49,0.51,0.52,0.01,0.01,77625.8,1777160754000
1777160756.268,56.268,0.48,0.49,0.51,0.52,0.01,0.01,77625.8,1777160754000
1777160756.885,56.885,0.48,0.49,0.51,0.52,0.01,0.01,77625.8,1777160755000
1777160758.13,58.13,0.48,0.49,0.51,0.52,0.01,0.01,77625.6,1777160757000
1777160758.839,58.839,0.48,0.49,0.51,0.52,0.01,0.01,77625.6,1777160757000
1777160759.308,59.308,0.48,0.49,0.51,0.52,0.01,0.01,77625.51,1777160758000
1777160759.653,59.653,0.48,0.49,0.51,0.52,0.01,0.01,77625.51,1777160758000
1777160760.125,60.125,0.48,0.49,0.51,0.52,0.01,0.01,77625.51,1777160759000
1777160760.468,60.468,0.48,0.49,0.51,0.52,0.01,0.01,77625.51,1777160759000
1777160760.832,60.832,0.48,0.49,0.51,0.52,0.01,0.01,77625.51,1777160759000
1777160761.19,61.19,0.48,0.49,0.51,0.52,0.01,0.01,77625.64,1777160760000
1777160762.012,62.012,0.48,0.49,0.51,0.52,0.01,0.01,77625.64,1777160760000
1777160762.533,62.533,0.48,0.49,0.51,0.52,0.01,0.01,77625.62,1777160761000
1777160762.885,62.885,0.48,0.49,0.51,0.52,0.01,0.01,77625.53,1777160762000
1777160763.287,63.287,0.48,0.49,0.51,0.52,0.01,0.01,77625.53,1777160762000
1777160763.805,63.805,0.48,0.49,0.51,0.52,0.01,0.01,77625.53,1777160762000
1777160764.734,64.734,0.48,0.49,0.51,0.52,0.01,0.01,77625.52,1777160763000
1777160765.248,65.248,0.48,0.49,0.51,0.52,0.01,0.01,77625.54,1777160764000
1777160765.735,65.735,0.48,0.49,0.51,0.52,0.01,0.01,77625.54,1777160764000
1777160766.301,66.301,0.49,0.5,0.5,0.51,0.01,0.01,77625.54,1777160764000
1777160766.659,66.659,0.49,0.5,0.5,0.51,0.01,0.01,77625.53,1777160765000
1777160767.032,67.032,0.49,0.5,0.5,0.51,0.01,0.01,77625.53,1777160765000
1777160767.431,67.431,0.49,0.5,0.5,0.51,0.01,0.01,77625.79,1777160766000
1777160767.955,67.955,0.49,0.5,0.5,0.51,0.01,0.01,77626.29,1777160767000
1777160768.332,68.332,0.49,0.5,0.5,0.51,0.01,0.01,77626.29,1777160767000
1777160769.07,69.07,0.49,0.5,0.5,0.51,0.01,0.01,77626.88,1777160768000
1777160770.181,70.181,0.49,0.5,0.5,0.51,0.01,0.01,77627.46,1777160769000
1777160770.566,70.566,0.49,0.5,0.5,0.51,0.01,0.01,77627.46,1777160769000
1777160770.948,70.948,0.52,0.54,0.47,0.49,0.02,0.02,77627.46,1777160769000
1777160771.438,71.438,0.56,0.57,0.43,0.44,0.01,0.01,77627.46,1777160769000
1777160772.328,72.328,0.57,0.58,0.42,0.43,0.01,0.01,77627.47,1777160770000
1777160772.722,72.722,0.56,0.57,0.43,0.44,0.01,0.01,77627.45,1777160771000
1777160773.116,73.116,0.55,0.56,0.44,0.45,0.01,0.01,77627.45,1777160772000
1777160773.539,73.539,0.55,0.56,0.44,0.45,0.01,0.01,77627.45,1777160772000
1777160774.035,74.035,0.55,0.56,0.44,0.45,0.01,0.01,77627.45,1777160772000
1777160774.404,74.404,0.55,0.56,0.44,0.45,0.01,0.01,77627.45,1777160772000
1777160774.904,74.904,0.55,0.56,0.44,0.45,0.01,0.01,77627.4,1777160773000
1777160775.312,75.312,0.55,0.56,0.44,0.45,0.01,0.01,77627.4,1777160774000
1777160775.826,75.826,0.55,0.56,0.44,0.45,0.01,0.01,77627.4,1777160774000
1777160776.197,76.197,0.55,0.56,0.44,0.45,0.01,0.01,77627.4,1777160774000
1777160776.602,76.602,0.55,0.56,0.44,0.45,0.01,0.01,77627.41,1777160775000
1777160776.982,76.982,0.54,0.56,0.44,0.46,0.02,0.02,77627.41,1777160775000
1777160777.379,77.379,0.54,0.56,0.44,0.46,0.02,0.02,77627.41,1777160776000
1777160777.765,77.765,0.55,0.56,0.44,0.45,0.01,0.01,77627.41,1777160776000
1777160778.211,78.211,0.55,0.56,0.44,0.45,0.01,0.01,77627.41,1777160776000
1777160778.65,78.65,0.55,0.56,0.44,0.45,0.01,0.01,77627.4,1777160777000
1777160779.019,79.019,0.55,0.56,0.44,0.45,0.01,0.01,77627.4,1777160778000
1777160779.433,79.433,0.55,0.56,0.44,0.45,0.01,0.01,77627.4,1777160778000
1777160779.879,79.879,0.54,0.55,0.44,0.45,0.01,0.01,77627.4,1777160778000
1777160780.445,80.445,0.54,0.55,0.45,0.46,0.01,0.01,77627.38,1777160779000
1777160780.788,80.788,0.54,0.55,0.45,0.46,0.01,0.01,77627.38,1777160779000
1777160781.221,81.221,0.54,0.55,0.45,0.46,0.01,0.01,77627.38,1777160779000
1777160781.622,81.622,0.56,0.58,0.44,0.45,0.02,0.01,77627.38,1777160780000
1777160782.138,82.138,0.57,0.58,0.42,0.43,0.01,0.01,77627.38,1777160781000
1777160782.73,82.73,0.57,0.58,0.42,0.43,0.01,0.01,77627.38,1777160781000
1777160783.131,83.131,0.57,0.58,0.42,0.43,0.01,0.01,77627.38,1777160781000
1777160783.693,83.693,0.57,0.58,0.42,0.43,0.01,0.01,77628.02,1777160782000
1777160784.271,84.271,0.57,0.58,0.42,0.43,0.01,0.01,77628.02,1777160782000
1777160784.881,84.881,0.56,0.57,0.43,0.44,0.01,0.01,77628.32,1777160783000
1777160785.936,85.936,0.56,0.57,0.43,0.44,0.01,0.01,77628.33,1777160784000
1777160786.31,86.31,0.59,0.6,0.4,0.43,0.01,0.03,77628.33,1777160784000
1777160786.671,86.671,0.59,0.6,0.4,0.41,0.01,0.01,77628.29,1777160785000
1777160787.027,87.027,0.59,0.6,0.4,0.41,0.01,0.01,77627.93,1777160786000
1777160787.796,87.796,0.59,0.6,0.4,0.41,0.01,0.01,77627.93,1777160786000
1777160788.278,88.278,0.59,0.6,0.4,0.41,0.01,0.01,77627.93,1777160786000
1777160788.663,88.663,0.59,0.6,0.4,0.41,0.01,0.01,77632.31,1777160787000
1777160789.178,89.178,0.59,0.6,0.4,0.41,0.01,0.01,77632.31,1777160787000
1777160789.702,89.702,0.59,0.6,0.4,0.41,0.01,0.01,77633.79,1777160788000
1777160790.249,90.249,0.59,0.6,0.4,0.41,0.01,0.01,77633.79,1777160788000
1777160791.021,91.021,0.59,0.6,0.4,0.41,0.01,0.01,77634.41,1777160790000
1777160791.493,91.493,0.59,0.6,0.4,0.41,0.01,0.01,77634.41,1777160790000
1777160791.984,91.984,0.59,0.6,0.4,0.41,0.01,0.01,77634.41,1777160790000
1777160792.55,92.55,0.59,0.6,0.4,0.41,0.01,0.01,77634.4,1777160791000
1777160792.918,92.918,0.59,0.6,0.4,0.41,0.01,0.01,77634.4,1777160791000
1777160793.408,93.408,0.59,0.6,0.4,0.41,0.01,0.01,77634.15,1777160792000
1777160793.822,93.822,0.59,0.6,0.4,0.41,0.01,0.01,77634.15,1777160792000
1777160794.2,94.2,0.59,0.6,0.4,0.41,0.01,0.01,77634.15,1777160792000
1777160794.622,94.622,0.58,0.59,0.4,0.43,0.01,0.03,77634.17,1777160793000
1777160794.986,94.986,0.58,0.59,0.41,0.42,0.01,0.01,77634.09,1777160794000
1777160795.55,95.55,0.58,0.59,0.41,0.42,0.01,0.01,77634.09,1777160794000
1777160796.315,96.315,0.58,0.59,0.41,0.42,0.01,0.01,77633.85,1777160795000
1777160796.65,96.65,0.58,0.59,0.41,0.42,0.01,0.01,77633.85,1777160795000
1777160797.079,97.079,0.58,0.59,0.41,0.42,0.01,0.01,77633.41,1777160796000
1777160797.628,97.628,0.57,0.58,0.41,0.43,0.01,0.02,77633.41,1777160796000
1777160798.046,98.046,0.57,0.58,0.42,0.43,0.01,0.01,77633.41,1777160796000
1777160798.641,98.641,0.57,0.58,0.42,0.43,0.01,0.01,77633.41,1777160797000
1777160799.308,99.308,0.57,0.58,0.42,0.43,0.01,0.01,77633.41,1777160797000
1777160800.107,100.107,0.57,0.59,0.41,0.43,0.02,0.02,77633.41,1777160799000
1777160800.669,100.669,0.59,0.61,0.4,0.42,0.02,0.02,77633.41,1777160799000
1777160801.056,101.056,0.6,0.62,0.38,0.4,0.02,0.02,77633.41,1777160799000
1777160801.438,101.438,0.61,0.62,0.38,0.39,0.01,0.01,77633.41,1777160800000
1777160801.838,101.838,0.61,0.62,0.38,0.39,0.01,0.01,77633.41,1777160800000
1777160802.2,102.2,0.61,0.62,0.38,0.39,0.01,0.01,77633.68,1777160801000
1777160802.694,102.694,0.61,0.62,0.38,0.39,0.01,0.01,77633.68,1777160801000
1777160803.051,103.051,0.61,0.62,0.38,0.39,0.01,0.01,77633.68,1777160801000
1777160803.446,103.446,0.61,0.62,0.38,0.39,0.01,0.01,77634.1,1777160802000
1777160803.882,103.882,0.6,0.61,0.39,0.4,0.01,0.01,77634.1,1777160802000
1777160804.218,104.218,0.6,0.62,0.38,0.4,0.02,0.02,77634.12,1777160803000
1777160804.654,104.654,0.6,0.61,0.38,0.4,0.01,0.02,77634.12,1777160803000
1777160805.14,105.14,0.6,0.61,0.39,0.4,0.01,0.01,77634.12,1777160803000
1777160805.489,105.489,0.6,0.61,0.39,0.4,0.01,0.01,77634.08,1777160804000
1777160805.825,105.825,0.6,0.61,0.39,0.4,0.01,0.01,77634.08,1777160804000
1777160806.227,106.227,0.6,0.61,0.39,0.4,0.01,0.01,77634.08,1777160805000
1777160806.841,106.841,0.6,0.61,0.39,0.4,0.01,0.01,77634.08,1777160805000
1777160807.313,107.313,0.6,0.61,0.39,0.4,0.01,0.01,77634.08,1777160805000
1777160807.681,107.681,0.6,0.61,0.39,0.4,0.01,0.01,77634.08,1777160805000
1777160808.07,108.07,0.6,0.61,0.39,0.4,0.01,0.01,77634.05,1777160806000
1777160808.431,108.431,0.62,0.65,0.36,0.38,0.03,0.02,77634.05,1777160807000
1777160808.772,108.772,0.64,0.65,0.35,0.36,0.01,0.01,77634.05,1777160807000
1777160809.192,109.192,0.64,0.65,0.35,0.36,0.01,0.01,77634.05,1777160807000
1777160810.254,110.254,0.64,0.65,0.35,0.36,0.01,0.01,77634.09,1777160808000
1777160810.888,110.888,0.64,0.65,0.35,0.36,0.01,0.01,77634.09,1777160809000
1777160811.527,111.527,0.64,0.65,0.35,0.36,0.01,0.01,77634.02,1777160810000
1777160811.95,111.95,0.64,0.65,0.35,0.36,0.01,0.01,77634.02,1777160810000
1777160812.473,112.473,0.64,0.65,0.35,0.36,0.01,0.01,77634.49,1777160811000
1777160812.895,112.895,0.64,0.65,0.35,0.36,0.01,0.01,77634.49,1777160811000
1777160814.264,114.264,0.62,0.65,0.35,0.38,0.03,0.03,77634.44,1777160813000
1777160814.821,114.821,0.63,0.64,0.35,0.38,0.01,0.03,77634.44,1777160813000
1777160815.201,115.201,0.63,0.64,0.36,0.37,0.01,0.01,77634.44,1777160813000
1777160816.308,116.308,0.63,0.64,0.36,0.37,0.01,0.01,77634.66,1777160815000
1777160816.782,116.782,0.61,0.62,0.36,0.37,0.01,0.01,77634.66,1777160815000
1777160817.396,117.396,0.61,0.62,0.38,0.39,0.01,0.01,77634.52,1777160816000
1777160817.892,117.892,0.6,0.62,0.38,0.39,0.02,0.01,77634.52,1777160816000
1777160818.928,118.928,0.6,0.61,0.39,0.4,0.01,0.01,77634.52,1777160817000
1777160819.671,119.671,0.6,0.61,0.39,0.4,0.01,0.01,77634.48,1777160818000
1777160820.125,120.125,0.58,0.61,0.39,0.42,0.03,0.03,77634.48,1777160818000
1777160820.537,120.537,0.58,0.59,0.41,0.42,0.01,0.01,77634.49,1777160819000
1777160821.015,121.015,0.58,0.59,0.41,0.42,0.01,0.01,77634.49,1777160819000
1777160821.363,121.363,0.58,0.59,0.41,0.42,0.01,0.01,77634.49,1777160819000
1777160822.065,122.065,0.58,0.59,0.41,0.42,0.01,0.01,77634.49,1777160819000
1777160822.683,122.683,0.58,0.59,0.41,0.42,0.01,0.01,77634.49,1777160820000
1777160823.331,123.331,0.54,0.59,0.41,0.42,0.05,0.01,77634.49,1777160821000
1777160823.777,123.777,0.55,0.56,0.44,0.45,0.01,0.01,77634.49,1777160821000
1777160824.389,124.389,0.52,0.57,0.43,0.51,0.05,0.08,77634.57,1777160822000
1777160824.897,124.897,0.52,0.53,0.47,0.48,0.01,0.01,77634.57,1777160823000
1777160825.871,125.871,0.52,0.54,0.47,0.48,0.02,0.01,77634.57,1777160824000
1777160826.614,126.614,0.52,0.55,0.45,0.48,0.03,0.03,77634.53,1777160825000
1777160827.078,127.078,0.53,0.55,0.45,0.47,0.02,0.02,77634.53,1777160825000
1777160827.688,127.688,0.54,0.56,0.45,0.46,0.02,0.01,77634.39,1777160826000
1777160828.151,128.151,0.55,0.56,0.44,0.46,0.01,0.02,77634.38,1777160827000
1777160828.597,128.597,0.56,0.57,0.43,0.45,0.01,0.02,77634.38,1777160827000
1777160828.948,128.948,0.51,0.57,0.43,0.44,0.06,0.01,77634.38,1777160827000
1777160829.341,129.341,0.56,0.57,0.43,0.44,0.01,0.01,77634.38,1777160827000
1777160829.781,129.781,0.46,0.57,0.43,0.44,0.11,0.01,77634.39,1777160828000
1777160830.114,130.114,0.47,0.48,0.43,0.54,0.01,0.11,77634.39,1777160829000
1777160830.568,130.568,0.49,0.5,0.5,0.51,0.01,0.01,77634.39,1777160829000
1777160830.92,130.92,0.54,0.55,0.45,0.46,0.01,0.01,77634.39,1777160829000
1777160831.257,131.257,0.54,0.55,0.45,0.46,0.01,0.01,77634.39,1777160829000
1777160831.714,131.714,0.54,0.55,0.45,0.46,0.01,0.01,77634.4,1777160830000
1777160832.365,132.365,0.54,0.55,0.45,0.46,0.01,0.01,77634.36,1777160831000
1777160833.103,133.103,0.55,0.56,0.45,0.46,0.01,0.01,77634.36,1777160831000
1777160833.446,133.446,0.55,0.56,0.44,0.45,0.01,0.01,77634.37,1777160832000
1777160833.785,133.785,0.55,0.56,0.44,0.45,0.01,0.01,77634.37,1777160832000
1777160834.178,134.178,0.55,0.57,0.43,0.45,0.02,0.02,77634.39,1777160833000
1777160834.531,134.531,0.56,0.57,0.43,0.44,0.01,0.01,77634.39,1777160833000
1777160835.213,135.213,0.56,0.57,0.43,0.44,0.01,0.01,77634.39,1777160833000
1777160835.841,135.841,0.56,0.57,0.43,0.44,0.01,0.01,77634.43,1777160834000
1777160836.546,136.546,0.56,0.57,0.43,0.44,0.01,0.01,77634.42,1777160835000
1777160837.187,137.187,0.56,0.57,0.43,0.44,0.01,0.01,77634.42,1777160836000
1777160837.62,137.62,0.56,0.57,0.43,0.44,0.01,0.01,77634.42,1777160836000
1777160838.041,138.041,0.56,0.57,0.43,0.44,0.01,0.01,77634.42,1777160836000
1777160838.555,138.555,0.56,0.57,0.43,0.44,0.01,0.01,77634.41,1777160837000
1777160838.936,138.936,0.57,0.58,0.42,0.43,0.01,0.01,77634.41,1777160837000
1777160839.339,139.339,0.57,0.58,0.42,0.43,0.01,0.01,77634.43,1777160838000
1777160839.797,139.797,0.53,0.58,0.42,0.47,0.05,0.05,77634.43,1777160838000
1777160840.154,140.154,0.55,0.56,0.44,0.45,0.01,0.01,77634.43,1777160838000
1777160840.49,140.49,0.51,0.52,0.48,0.55,0.01,0.07,77634.42,1777160839000
1777160840.882,140.882,0.4,0.45,0.55,0.6,0.05,0.05,77634.42,1777160839000
1777160841.227,141.227,0.44,0.45,0.55,0.56,0.01,0.01,77634.42,1777160840000
1777160841.876,141.876,0.43,0.44,0.54,0.58,0.01,0.04,77634.42,1777160840000
1777160842.267,142.267,0.43,0.44,0.56,0.57,0.01,0.01,77634.4,1777160841000
1777160842.903,142.903,0.43,0.44,0.56,0.57,0.01,0.01,77634.4,1777160841000
1777160843.281,143.281,0.43,0.44,0.56,0.57,0.01,0.01,77634.39,1777160842000
1777160843.748,143.748,0.43,0.44,0.56,0.57,0.01,0.01,77634.39,1777160842000
1777160844.098,144.098,0.43,0.44,0.56,0.57,0.01,0.01,77634.4,1777160843000
1777160844.463,144.463,0.44,0.45,0.55,0.56,0.01,0.01,77634.4,1777160843000
1777160844.796,144.796,0.46,0.48,0.53,0.54,0.02,0.01,77634.4,1777160843000
1777160845.18,145.18,0.5,0.51,0.49,0.53,0.01,0.04,77634.4,1777160843000
1777160845.702,145.702,0.5,0.51,0.49,0.5,0.01,0.01,77634.4,1777160844000
1777160846.153,146.153,0.5,0.51,0.49,0.5,0.01,0.01,77634.4,1777160844000
1777160846.652,146.652,0.5,0.51,0.49,0.5,0.01,0.01,77634.4,1777160845000
1777160847.213,147.213,0.5,0.51,0.49,0.5,0.01,0.01,77634.4,1777160845000
1777160847.574,147.574,0.5,0.51,0.49,0.5,0.01,0.01,77634.44,1777160846000
1777160847.945,147.945,0.5,0.51,0.49,0.5,0.01,0.01,77634.43,1777160847000
1777160848.4,148.4,0.37,0.52,0.48,0.63,0.15,0.15,77634.43,1777160847000
1777160848.754,148.754,0.51,0.52,0.48,0.49,0.01,0.01,77634.43,1777160847000
1777160849.211,149.211,0.51,0.52,0.48,0.49,0.01,0.01,77634.42,1777160848000
1777160849.578,149.578,0.53,0.54,0.46,0.47,0.01,0.01,77634.42,1777160848000
1777160849.943,149.943,0.5,0.51,0.49,0.5,0.01,0.01,77634.42,1777160848000
1777160850.421,150.421,0.45,0.46,0.49,0.5,0.01,0.01,77634.42,1777160849000
1777160850.769,150.769,0.46,0.47,0.53,0.54,0.01,0.01,77634.42,1777160849000
1777160851.12,151.12,0.47,0.48,0.53,0.54,0.01,0.01,77634.42,1777160849000
1777160851.494,151.494,0.47,0.48,0.52,0.53,0.01,0.01,77635.17,1777160850000
1777160851.873,151.873,0.47,0.48,0.52,0.53,0.01,0.01,77635.17,1777160850000
1777160852.224,152.224,0.47,0.48,0.52,0.53,0.01,0.01,77635.93,1777160851000
1777160852.861,152.861,0.49,0.5,0.5,0.51,0.01,0.01,77635.93,1777160851000
1777160853.214,153.214,0.49,0.5,0.5,0.51,0.01,0.01,77636.59,1777160852000
1777160853.577,153.577,0.49,0.5,0.5,0.51,0.01,0.01,77636.59,1777160852000
1777160854.072,154.072,0.5,0.51,0.49,0.51,0.01,0.02,77636.59,1777160852000
1777160854.608,154.608,0.49,0.5,0.5,0.51,0.01,0.01,77635.93,1777160853000
1777160854.946,154.946,0.49,0.5,0.5,0.51,0.01,0.01,77635.93,1777160853000
1777160855.391,155.391,0.51,0.52,0.48,0.51,0.01,0.03,77636.7,1777160854000
1777160855.762,155.762,0.38,0.5,0.5,0.51,0.12,0.01,77636.7,1777160854000
1777160856.156,156.156,0.43,0.44,0.56,0.58,0.01,0.02,77636.7,1777160854000
1777160856.638,156.638,0.38,0.45,0.56,0.63,0.07,0.07,77637.03,1777160855000
1777160857.058,157.058,0.39,0.4,0.6,0.61,0.01,0.01,77637.03,1777160856000
1777160857.715,157.715,0.37,0.38,0.59,0.63,0.01,0.04,77637.03,1777160856000
1777160858.134,158.134,0.38,0.42,0.58,0.62,0.04,0.04,77637.09,1777160857000
1777160858.701,158.701,0.41,0.43,0.57,0.6,0.02,0.03,77637.09,1777160857000
1777160859.075,159.075,0.41,0.43,0.57,0.59,0.02,0.02,77637.09,1777160857000
1777160859.441,159.441,0.44,0.45,0.55,0.56,0.01,0.01,77637.09,1777160858000
1777160860.061,160.061,0.45,0.46,0.54,0.55,0.01,0.01,77636.06,1777160859000
1777160860.523,160.523,0.45,0.46,0.54,0.55,0.01,0.01,77636.06,1777160859000
1777160860.981,160.981,0.46,0.47,0.53,0.55,0.01,0.02,77636.06,1777160859000
1777160861.423,161.423,0.43,0.47,0.53,0.54,0.04,0.01,77636.06,1777160860000
1777160861.795,161.795,0.41,0.44,0.56,0.59,0.03,0.03,77636.06,1777160860000
1777160862.145,162.145,0.42,0.46,0.55,0.6,0.04,0.05,77637.09,1777160861000
1777160862.515,162.515,0.46,0.47,0.54,0.55,0.01,0.01,77637.09,1777160861000
1777160862.967,162.967,0.46,0.47,0.53,0.54,0.01,0.01,77637.09,1777160861000
1777160863.536,163.536,0.46,0.47,0.53,0.54,0.01,0.01,77637.09,1777160862000
1777160863.927,163.927,0.46,0.47,0.53,0.54,0.01,0.01,77637.09,1777160862000
1777160864.293,164.293,0.45,0.47,0.53,0.54,0.02,0.01,77637.09,1777160863000
1777160864.735,164.735,0.41,0.42,0.55,0.57,0.01,0.02,77637.09,1777160863000
1777160865.097,165.097,0.41,0.42,0.58,0.59,0.01,0.01,77636.06,1777160864000
1777160865.903,165.903,0.41,0.42,0.58,0.59,0.01,0.01,77635.94,1777160865000
1777160866.591,166.591,0.41,0.42,0.58,0.6,0.01,0.02,77635.94,1777160865000
1777160866.96,166.96,0.43,0.44,0.55,0.59,0.01,0.04,77635.94,1777160865000
1777160867.577,167.577,0.43,0.44,0.56,0.57,0.01,0.01,77635.94,1777160865000
1777160868.215,168.215,0.44,0.47,0.55,0.57,0.03,0.02,77636.55,1777160866000
1777160868.761,168.761,0.44,0.46,0.54,0.55,0.02,0.01,77636.09,1777160867000
1777160869.176,169.176,0.43,0.44,0.56,0.57,0.01,0.01,77636.08,1777160868000
1777160869.567,169.567,0.43,0.44,0.56,0.57,0.01,0.01,77636.08,1777160868000
1777160869.919,169.919,0.43,0.44,0.56,0.57,0.01,0.01,77636.08,1777160868000
1777160870.304,170.304,0.43,0.44,0.56,0.57,0.01,0.01,77636.08,1777160869000
1777160870.681,170.681,0.43,0.44,0.56,0.57,0.01,0.01,77636.08,1777160869000
1777160871.201,171.201,0.43,0.44,0.56,0.57,0.01,0.01,77636.05,1777160870000
1777160871.971,171.971,0.43,0.44,0.56,0.57,0.01,0.01,77636.05,1777160870000
1777160872.932,172.932,0.43,0.49,0.56,0.57,0.06,0.01,77635.02,1777160871000
1777160873.909,173.909,0.47,0.48,0.51,0.57,0.01,0.06,77635.02,1777160872000
1777160874.293,174.293,0.47,0.48,0.52,0.53,0.01,0.01,77635.02,1777160872000
1777160874.783,174.783,0.47,0.48,0.52,0.53,0.01,0.01,77635.03,1777160873000
1777160875.407,175.407,0.47,0.48,0.52,0.53,0.01,0.01,77635.03,1777160874000
1777160875.784,175.784,0.47,0.49,0.52,0.53,0.02,0.01,77635.03,1777160874000
1777160876.267,176.267,0.48,0.49,0.51,0.53,0.01,0.02,77635.03,1777160874000
1777160876.883,176.883,0.48,0.5,0.51,0.52,0.02,0.01,77635.03,1777160875000
1777160877.42,177.42,0.49,0.5,0.5,0.52,0.01,0.02,77635.03,1777160875000
1777160878.27,178.27,0.47,0.5,0.5,0.53,0.03,0.03,77635.03,1777160877000
1777160879.508,179.508,0.47,0.48,0.52,0.53,0.01,0.01,77635.03,1777160878000
1777160879.928,179.928,0.47,0.48,0.52,0.53,0.01,0.01,77635.03,1777160878000
1777160880.294,180.294,0.47,0.48,0.52,0.53,0.01,0.01,77635.03,1777160879000
1777160880.683,180.683,0.44,0.45,0.52,0.57,0.01,0.05,77635.03,1777160879000
1777160881.355,181.355,0.44,0.45,0.55,0.56,0.01,0.01,77635.03,1777160879000
1777160881.943,181.943,0.43,0.44,0.56,0.57,0.01,0.01,77635.03,1777160880000
1777160882.277,182.277,0.43,0.44,0.56,0.57,0.01,0.01,77635.03,1777160881000
1777160882.61,182.61,0.43,0.44,0.56,0.57,0.01,0.01,77635.03,1777160881000
1777160882.966,182.966,0.4,0.41,0.59,0.6,0.01,0.01,77635.03,1777160881000
1777160883.36,183.36,0.31,0.32,0.68,0.69,0.01,0.01,77635.03,1777160881000
1777160883.716,183.716,0.3,0.31,0.69,0.7,0.01,0.01,77635.03,1777160881000
1777160884.087,184.087,0.27,0.28,0.7,0.73,0.01,0.03,77635.03,1777160881000
1777160884.897,184.897,0.27,0.28,0.72,0.73,0.01,0.01,77634.09,1777160883000
1777160885.293,185.293,0.27,0.28,0.72,0.73,0.01,0.01,77629.03,1777160884000
1777160886.086,186.086,0.27,0.28,0.72,0.73,0.01,0.01,77629.03,1777160884000
1777160886.526,186.526,0.26,0.27,0.73,0.74,0.01,0.01,77627.83,1777160885000
1777160887.124,187.124,0.27,0.28,0.72,0.73,0.01,0.01,77627.83,1777160885000
1777160887.588,187.588,0.25,0.28,0.72,0.74,0.03,0.02,77627.87,1777160886000
1777160887.954,187.954,0.23,0.26,0.74,0.77,0.03,0.03,77628.0,1777160887000
1777160888.329,188.329,0.25,0.26,0.74,0.76,0.01,0.02,77628.0,1777160887000
1777160888.676,188.676,0.21,0.22,0.78,0.79,0.01,0.01,77628.0,1777160887000
1777160889.034,189.034,0.2,0.21,0.78,0.82,0.01,0.04,77627.6,1777160888000
1777160889.411,189.411,0.2,0.21,0.79,0.8,0.01,0.01,77627.6,1777160888000
1777160889.779,189.779,0.21,0.22,0.78,0.79,0.01,0.01,77627.6,1777160888000
1777160890.225,190.225,0.21,0.22,0.78,0.79,0.01,0.01,77626.43,1777160889000
1777160890.724,190.724,0.21,0.23,0.78,0.79,0.02,0.01,77626.43,1777160889000
1777160891.079,191.079,0.18,0.22,0.78,0.82,0.04,0.04,77626.4,1777160890000
1777160891.477,191.477,0.16,0.19,0.81,0.84,0.03,0.03,77626.4,1777160890000
1777160891.827,191.827,0.17,0.18,0.81,0.83,0.01,0.02,77626.4,1777160890000
1777160892.345,192.345,0.19,0.2,0.8,0.82,0.01,0.02,77626.38,1777160891000
1777160892.712,192.712,0.19,0.2,0.8,0.81,0.01,0.01,77626.38,1777160891000
1777160893.057,193.057,0.16,0.2,0.8,0.81,0.04,0.01,77626.38,1777160891000
1777160893.42,193.42,0.19,0.2,0.8,0.81,0.01,0.01,77622.79,1777160892000
1777160893.761,193.761,0.11,0.2,0.8,0.89,0.09,0.09,77622.79,1777160892000
1777160894.184,194.184,0.17,0.18,0.82,0.83,0.01,0.01,77620.15,1777160893000
1777160894.518,194.518,0.16,0.18,0.82,0.83,0.02,0.01,77620.15,1777160893000
1777160894.973,194.973,0.17,0.18,0.82,0.83,0.01,0.01,77620.15,1777160893000
1777160895.97,195.97,0.17,0.18,0.82,0.83,0.01,0.01,77620.15,1777160894000
1777160896.374,196.374,0.17,0.18,0.82,0.83,0.01,0.01,77618.65,1777160895000
1777160896.771,196.771,0.17,0.18,0.82,0.83,0.01,0.01,77618.65,1777160895000
1777160897.178,197.178,0.17,0.18,0.82,0.83,0.01,0.01,77618.65,1777160895000
1777160897.544,197.544,0.17,0.18,0.82,0.83,0.01,0.01,77618.65,1777160895000
1777160898.042,198.042,0.17,0.18,0.82,0.83,0.01,0.01,77618.65,1777160896000
1777160898.576,198.576,0.18,0.19,0.82,0.83,0.01,0.01,77618.65,1777160896000
1777160898.971,198.971,0.18,0.19,0.81,0.82,0.01,0.01,77618.65,1777160897000
1777160899.502,199.502,0.18,0.19,0.81,0.82,0.01,0.01,77618.65,1777160898000
1777160900.112,200.112,0.18,0.19,0.81,0.82,0.01,0.01,77618.65,1777160899000
1777160900.69,200.69,0.18,0.19,0.81,0.82,0.01,0.01,77618.65,1777160899000
1777160901.203,201.203,0.18,0.19,0.81,0.82,0.01,0.01,77620.6,1777160900000
1777160901.916,201.916,0.19,0.2,0.8,0.82,0.01,0.02,77620.6,1777160900000
1777160902.258,202.258,0.19,0.2,0.8,0.81,0.01,0.01,77620.13,1777160901000
1777160902.608,202.608,0.2,0.21,0.79,0.8,0.01,0.01,77620.13,1777160901000
1777160902.997,202.997,0.2,0.21,0.79,0.8,0.01,0.01,77620.13,1777160901000
1777160903.667,203.667,0.21,0.22,0.78,0.8,0.01,0.02,77618.21,1777160902000
1777160904.025,204.025,0.21,0.22,0.78,0.79,0.01,0.01,77618.21,1777160902000
1777160904.537,204.537,0.2,0.22,0.78,0.79,0.02,0.01,77618.25,1777160903000
1777160904.887,204.887,0.2,0.21,0.77,0.8,0.01,0.03,77618.25,1777160903000
1777160905.385,205.385,0.2,0.21,0.79,0.8,0.01,0.01,77618.26,1777160904000
1777160905.963,205.963,0.2,0.21,0.79,0.8,0.01,0.01,77618.26,1777160905000
1777160906.548,206.548,0.21,0.22,0.7,0.78,0.01,0.08,77618.26,1777160905000
1777160906.935,206.935,0.21,0.22,0.78,0.79,0.01,0.01,77618.26,1777160905000
1777160907.318,207.318,0.3,0.31,0.69,0.7,0.01,0.01,77618.26,1777160906000
1777160907.694,207.694,0.3,0.31,0.69,0.7,0.01,0.01,77618.26,1777160906000
1777160908.064,208.064,0.3,0.31,0.69,0.7,0.01,0.01,77618.26,1777160907000
1777160908.532,208.532,0.3,0.31,0.69,0.7,0.01,0.01,77618.26,1777160907000
1777160908.983,208.983,0.3,0.31,0.69,0.7,0.01,0.01,77618.27,1777160908000
1777160909.339,209.339,0.3,0.31,0.69,0.7,0.01,0.01,77618.27,1777160908000
1777160909.78,209.78,0.29,0.3,0.69,0.71,0.01,0.02,77618.27,1777160908000
1777160910.139,210.139,0.23,0.24,0.75,0.77,0.01,0.02,77618.27,1777160909000
1777160910.549,210.549,0.22,0.23,0.76,0.77,0.01,0.01,77618.27,1777160909000
1777160910.889,210.889,0.22,0.23,0.77,0.78,0.01,0.01,77618.27,1777160909000
1777160911.289,211.289,0.23,0.24,0.76,0.77,0.01,0.01,77618.27,1777160909000
1777160911.679,211.679,0.23,0.24,0.76,0.77,0.01,0.01,77618.27,1777160910000
1777160912.087,212.087,0.21,0.22,0.76,0.79,0.01,0.03,77618.27,1777160910000
1777160912.467,212.467,0.21,0.22,0.78,0.79,0.01,0.01,77618.26,1777160911000
1777160912.802,212.802,0.21,0.22,0.78,0.79,0.01,0.01,77618.26,1777160911000
1777160913.163,213.163,0.2,0.21,0.78,0.79,0.01,0.01,77618.26,1777160911000
1777160913.512,213.512,0.19,0.2,0.8,0.81,0.01,0.01,77618.26,1777160911000
1777160913.848,213.848,0.19,0.2,0.8,0.81,0.01,0.01,77618.26,1777160912000
1777160914.187,214.187,0.19,0.21,0.8,0.81,0.02,0.01,77618.26,1777160913000
1777160914.594,214.594,0.2,0.21,0.79,0.8,0.01,0.01,77618.26,1777160913000
1777160914.983,214.983,0.2,0.21,0.79,0.8,0.01,0.01,77618.26,1777160913000
1777160915.362,215.362,0.2,0.21,0.8,0.81,0.01,0.01,77618.27,1777160914000
1777160915.778,215.778,0.19,0.2,0.79,0.81,0.01,0.02,77618.27,1777160914000
1777160916.142,216.142,0.2,0.21,0.79,0.8,0.01,0.01,77618.27,1777160914000
1777160916.492,216.492,0.2,0.21,0.79,0.8,0.01,0.01,77618.28,1777160915000
1777160916.836,216.836,0.2,0.21,0.79,0.8,0.01,0.01,77618.28,1777160915000
1777160917.225,217.225,0.2,0.21,0.79,0.8,0.01,0.01,77618.28,1777160916000
1777160917.587,217.587,0.2,0.21,0.79,0.8,0.01,0.01,77618.28,1777160916000
1777160917.957,217.957,0.2,0.21,0.79,0.8,0.01,0.01,77618.28,1777160916000
1777160918.328,218.328,0.2,0.21,0.79,0.8,0.01,0.01,77618.29,1777160917000
1777160918.728,218.728,0.2,0.21,0.79,0.8,0.01,0.01,77618.29,1777160917000
1777160919.12,219.12,0.2,0.21,0.79,0.8,0.01,0.01,77618.29,1777160917000
1777160919.475,219.475,0.2,0.21,0.79,0.8,0.01,0.01,77618.29,1777160917000
1777160919.917,219.917,0.2,0.21,0.79,0.8,0.01,0.01,77618.29,1777160918000
1777160920.251,220.251,0.2,0.23,0.79,0.8,0.03,0.01,77618.29,1777160918000
1777160920.604,220.604,0.22,0.23,0.77,0.78,0.01,0.01,77618.29,1777160919000
1777160921.123,221.123,0.22,0.23,0.77,0.78,0.01,0.01,77618.29,1777160919000
1777160921.57,221.57,0.22,0.23,0.77,0.78,0.01,0.01,77618.28,1777160920000
1777160922.015,222.015,0.22,0.23,0.77,0.78,0.01,0.01,77618.28,1777160920000
1777160922.44,222.44,0.22,0.23,0.77,0.78,0.01,0.01,77618.28,1777160921000
1777160922.775,222.775,0.22,0.23,0.77,0.78,0.01,0.01,77618.28,1777160921000
1777160923.112,223.112,0.22,0.23,0.77,0.78,0.01,0.01,77618.28,1777160922000
1777160923.466,223.466,0.21,0.22,0.77,0.79,0.01,0.02,77618.28,1777160922000
1777160923.852,223.852,0.21,0.22,0.78,0.79,0.01,0.01,77618.28,1777160922000
1777160924.254,224.254,0.22,0.23,0.77,0.78,0.01,0.01,77618.29,1777160923000
1777160924.719,224.719,0.22,0.23,0.77,0.79,0.01,0.02,77618.29,1777160923000
1777160925.138,225.138,0.21,0.23,0.77,0.79,0.02,0.02,77618.29,1777160924000
1777160925.514,225.514,0.22,0.23,0.77,0.78,0.01,0.01,77618.29,1777160924000
1777160925.951,225.951,0.23,0.24,0.77,0.78,0.01,0.01,77618.29,1777160924000
1777160926.305,226.305,0.22,0.23,0.76,0.78,0.01,0.02,77618.29,1777160925000
1777160926.958,226.958,0.21,0.22,0.77,0.79,0.01,0.02,77618.29,1777160925000
1777160927.398,227.398,0.21,0.22,0.78,0.79,0.01,0.01,77618.29,1777160926000
1777160927.737,227.737,0.21,0.22,0.78,0.79,0.01,0.01,77618.29,1777160926000
1777160928.094,228.094,0.21,0.22,0.78,0.79,0.01,0.01,77618.29,1777160926000
1777160928.919,228.919,0.23,0.24,0.74,0.79,0.01,0.05,77618.3,1777160927000
1777160929.38,229.38,0.23,0.24,0.76,0.77,0.01,0.01,77618.3,1777160927000
1777160929.717,229.717,0.29,0.3,0.7,0.73,0.01,0.03,77618.3,1777160928000
1777160930.053,230.053,0.31,0.32,0.68,0.69,0.01,0.01,77618.3,1777160928000
1777160930.414,230.414,0.31,0.32,0.68,0.69,0.01,0.01,77618.29,1777160929000
1777160930.795,230.795,0.31,0.32,0.68,0.69,0.01,0.01,77618.29,1777160929000
1777160931.171,231.171,0.31,0.34,0.66,0.69,0.03,0.03,77618.28,1777160930000
1777160931.561,231.561,0.33,0.36,0.64,0.67,0.03,0.03,77618.28,1777160930000
1777160931.974,231.974,0.35,0.36,0.64,0.65,0.01,0.01,77618.28,1777160930000
1777160932.331,232.331,0.36,0.37,0.63,0.64,0.01,0.01,77618.74,1777160931000
1777160932.693,232.693,0.36,0.37,0.63,0.64,0.01,0.01,77618.74,1777160931000
1777160933.148,233.148,0.42,0.43,0.57,0.58,0.01,0.01,77618.74,1777160931000
1777160933.482,233.482,0.44,0.45,0.55,0.56,0.01,0.01,77618.74,1777160931000
1777160934.011,234.011,0.44,0.45,0.55,0.56,0.01,0.01,77618.28,1777160932000
1777160934.368,234.368,0.44,0.45,0.55,0.56,0.01,0.01,77618.28,1777160933000
1777160934.873,234.873,0.44,0.45,0.55,0.56,0.01,0.01,77618.28,1777160933000
1777160935.212,235.212,0.44,0.48,0.52,0.56,0.04,0.04,77618.28,1777160934000
1777160935.554,235.554,0.44,0.47,0.53,0.54,0.03,0.01,77618.28,1777160934000
1777160935.89,235.89,0.45,0.46,0.54,0.56,0.01,0.02,77618.28,1777160934000
1777160936.273,236.273,0.46,0.47,0.53,0.54,0.01,0.01,77618.29,1777160935000
1777160936.722,236.722,0.46,0.48,0.53,0.54,0.02,0.01,77618.29,1777160935000
1777160937.115,237.115,0.47,0.51,0.52,0.53,0.04,0.01,77618.29,1777160935000
1777160937.501,237.501,0.49,0.5,0.48,0.51,0.01,0.03,77618.29,1777160935000
1777160937.912,237.912,0.5,0.51,0.49,0.5,0.01,0.01,77618.29,1777160936000
1777160938.272,238.272,0.52,0.53,0.47,0.48,0.01,0.01,77618.3,1777160937000
1777160938.72,238.72,0.55,0.56,0.44,0.45,0.01,0.01,77618.3,1777160937000
1777160939.124,239.124,0.56,0.57,0.43,0.44,0.01,0.01,77618.3,1777160937000
1777160939.547,239.547,0.56,0.57,0.43,0.44,0.01,0.01,77618.31,1777160938000
1777160940.042,240.042,0.56,0.57,0.43,0.44,0.01,0.01,77618.31,1777160938000
1777160940.38,240.38,0.56,0.57,0.43,0.44,0.01,0.01,77618.31,1777160938000
1777160940.782,240.782,0.56,0.57,0.43,0.44,0.01,0.01,77618.31,1777160938000
1777160941.151,241.151,0.56,0.57,0.43,0.44,0.01,0.01,77618.32,1777160939000
1777160941.501,241.501,0.57,0.58,0.42,0.43,0.01,0.01,77618.32,1777160940000
1777160942.07,242.07,0.57,0.58,0.42,0.43,0.01,0.01,77618.32,1777160941000
1777160942.451,242.451,0.56,0.57,0.43,0.44,0.01,0.01,77618.32,1777160941000
1777160942.792,242.792,0.56,0.57,0.43,0.44,0.01,0.01,77618.32,1777160941000
1777160943.365,243.365,0.56,0.57,0.43,0.44,0.01,0.01,77618.32,1777160941000
1777160944.048,244.048,0.56,0.57,0.43,0.44,0.01,0.01,77618.21,1777160943000
1777160944.426,244.426,0.56,0.57,0.43,0.44,0.01,0.01,77618.21,1777160943000
1777160944.816,244.816,0.56,0.57,0.43,0.44,0.01,0.01,77618.21,1777160943000
1777160945.152,245.152,0.52,0.54,0.45,0.48,0.02,0.03,77618.21,1777160943000
1777160945.78,245.78,0.51,0.52,0.48,0.49,0.01,0.01,77618.21,1777160943000
1777160946.402,246.402,0.51,0.52,0.48,0.49,0.01,0.01,77618.21,1777160944000
1777160946.811,246.811,0.52,0.53,0.47,0.48,0.01,0.01,77618.2,1777160945000
1777160947.189,247.189,0.51,0.52,0.48,0.49,0.01,0.01,77618.2,1777160945000
1777160947.619,247.619,0.5,0.51,0.49,0.5,0.01,0.01,77618.2,1777160946000
1777160948.017,248.017,0.5,0.51,0.49,0.5,0.01,0.01,77618.2,1777160946000
1777160948.585,248.585,0.5,0.51,0.49,0.5,0.01,0.01,77618.2,1777160946000
1777160949.314,249.314,0.49,0.5,0.5,0.51,0.01,0.01,77618.2,1777160948000
1777160949.752,249.752,0.49,0.5,0.5,0.51,0.01,0.01,77618.2,1777160948000
1777160950.207,250.207,0.47,0.48,0.5,0.51,0.01,0.01,77618.2,1777160948000
1777160950.566,250.566,0.51,0.53,0.45,0.51,0.02,0.06,77618.2,1777160948000
1777160951.103,251.103,0.51,0.52,0.47,0.48,0.01,0.01,77618.2,1777160949000
1777160951.438,251.438,0.56,0.57,0.39,0.49,0.01,0.1,77618.2,1777160949000
1777160951.812,251.812,0.53,0.54,0.43,0.48,0.01,0.05,77618.2,1777160950000
1777160952.205,252.205,0.54,0.58,0.42,0.46,0.04,0.04,77618.2,1777160951000
1777160952.733,252.733,0.58,0.59,0.41,0.42,0.01,0.01,77618.2,1777160951000
1777160953.093,253.093,0.58,0.59,0.41,0.42,0.01,0.01,77618.2,1777160951000
1777160953.544,253.544,0.59,0.62,0.38,0.4,0.03,0.02,77618.2,1777160951000
1777160953.893,253.893,0.58,0.6,0.38,0.41,0.02,0.03,77618.2,1777160952000
1777160954.416,254.416,0.58,0.59,0.41,0.42,0.01,0.01,77618.2,1777160952000
1777160954.836,254.836,0.6,0.61,0.39,0.4,0.01,0.01,77618.18,1777160953000
1777160955.232,255.232,0.53,0.54,0.45,0.47,0.01,0.02,77618.18,1777160954000
1777160955.72,255.72,0.52,0.53,0.46,0.48,0.01,0.02,77618.18,1777160954000
1777160956.133,256.133,0.54,0.55,0.45,0.46,0.01,0.01,77618.18,1777160954000
1777160956.633,256.633,0.54,0.56,0.45,0.46,0.02,0.01,77618.18,1777160954000
1777160956.967,256.967,0.52,0.53,0.46,0.47,0.01,0.01,77618.08,1777160955000
1777160957.319,257.319,0.52,0.53,0.47,0.48,0.01,0.01,77618.08,1777160955000
1777160957.704,257.704,0.52,0.53,0.47,0.48,0.01,0.01,77617.37,1777160956000
1777160958.122,258.122,0.52,0.55,0.47,0.48,0.03,0.01,77617.37,1777160956000
1777160958.706,258.706,0.54,0.55,0.44,0.46,0.01,0.02,77617.51,1777160957000
1777160959.133,259.133,0.54,0.56,0.45,0.46,0.02,0.01,77617.51,1777160957000
1777160959.483,259.483,0.5,0.56,0.44,0.45,0.06,0.01,77617.51,1777160957000
1777160959.836,259.836,0.51,0.56,0.48,0.49,0.05,0.01,77617.51,1777160957000
1777160960.176,260.176,0.55,0.56,0.44,0.46,0.01,0.02,77617.76,1777160958000
1777160960.529,260.529,0.55,0.56,0.44,0.45,0.01,0.01,77617.76,1777160959000
1777160960.951,260.951,0.55,0.56,0.44,0.45,0.01,0.01,77617.76,1777160959000
1777160961.382,261.382,0.55,0.56,0.44,0.45,0.01,0.01,77617.76,1777160960000
1777160961.72,261.72,0.55,0.56,0.44,0.45,0.01,0.01,77617.76,1777160960000
1777160962.266,262.266,0.55,0.56,0.44,0.45,0.01,0.01,77617.76,1777160960000
1777160962.655,262.655,0.55,0.56,0.44,0.45,0.01,0.01,77617.67,1777160961000
1777160963.302,263.302,0.55,0.56,0.44,0.45,0.01,0.01,77617.67,1777160961000
1777160964.457,264.457,0.55,0.56,0.44,0.45,0.01,0.01,77617.51,1777160963000
1777160964.8,264.8,0.59,0.6,0.36,0.44,0.01,0.08,77617.51,1777160963000
1777160965.154,265.154,0.59,0.6,0.4,0.41,0.01,0.01,77617.51,1777160964000
1777160965.579,265.579,0.59,0.6,0.4,0.41,0.01,0.01,77617.51,1777160964000
1777160965.913,265.913,0.59,0.6,0.4,0.41,0.01,0.01,77617.51,1777160964000
1777160966.288,266.288,0.58,0.59,0.41,0.42,0.01,0.01,77617.65,1777160965000
1777160966.784,266.784,0.61,0.62,0.38,0.39,0.01,0.01,77617.65,1777160965000
1777160967.244,267.244,0.62,0.63,0.37,0.38,0.01,0.01,77617.65,1777160965000
1777160967.581,267.581,0.63,0.64,0.36,0.38,0.01,0.02,77617.73,1777160966000
1777160968.036,268.036,0.56,0.64,0.36,0.37,0.08,0.01,77617.73,1777160967000
1777160968.67,268.67,0.62,0.63,0.37,0.38,0.01,0.01,77617.73,1777160967000
1777160969.041,269.041,0.61,0.64,0.36,0.39,0.03,0.03,77617.73,1777160968000
1777160969.391,269.391,0.59,0.6,0.4,0.41,0.01,0.01,77617.73,1777160968000
1777160969.741,269.741,0.61,0.62,0.36,0.41,0.01,0.05,77617.73,1777160968000
1777160970.093,270.093,0.62,0.63,0.37,0.44,0.01,0.07,77617.73,1777160968000
1777160970.464,270.464,0.63,0.64,0.36,0.37,0.01,0.01,77617.73,1777160969000
1777160970.808,270.808,0.56,0.64,0.36,0.37,0.08,0.01,77617.73,1777160969000
1777160971.239,271.239,0.63,0.64,0.36,0.44,0.01,0.08,77617.73,1777160969000
1777160971.573,271.573,0.63,0.64,0.36,0.37,0.01,0.01,77617.28,1777160970000
1777160971.978,271.978,0.62,0.63,0.37,0.38,0.01,0.01,77617.28,1777160970000
1777160972.312,272.312,0.62,0.63,0.37,0.38,0.01,0.01,77617.28,1777160970000
1777160972.969,272.969,0.63,0.64,0.36,0.37,0.01,0.01,77617.18,1777160972000
1777160973.538,273.538,0.62,0.63,0.37,0.39,0.01,0.02,77617.18,1777160972000
1777160973.915,273.915,0.61,0.62,0.38,0.39,0.01,0.01,77617.18,1777160972000
1777160974.322,274.322,0.58,0.59,0.38,0.42,0.01,0.04,77617.18,1777160972000
1777160974.684,274.684,0.58,0.62,0.38,0.42,0.04,0.04,77617.46,1777160973000
1777160975.314,275.314,0.63,0.64,0.37,0.39,0.01,0.02,77617.46,1777160973000
1777160975.728,275.728,0.63,0.64,0.36,0.37,0.01,0.01,77617.46,1777160974000
1777160976.127,276.127,0.63,0.65,0.35,0.37,0.02,0.02,77617.46,1777160975000
1777160976.507,276.507,0.61,0.62,0.38,0.39,0.01,0.01,77617.46,1777160975000
1777160976.927,276.927,0.58,0.59,0.38,0.44,0.01,0.06,77617.46,1777160975000
1777160977.28,277.28,0.6,0.62,0.38,0.42,0.02,0.04,77617.46,1777160976000
1777160977.707,277.707,0.59,0.6,0.4,0.41,0.01,0.01,77617.46,1777160976000
1777160978.127,278.127,0.58,0.59,0.4,0.47,0.01,0.07,77617.46,1777160976000
1777160978.687,278.687,0.61,0.62,0.42,0.43,0.01,0.01,77617.46,1777160976000
1777160979.083,279.083,0.61,0.62,0.38,0.39,0.01,0.01,77617.45,1777160977000
1777160979.496,279.496,0.6,0.62,0.38,0.39,0.02,0.01,77617.45,1777160977000
1777160979.929,279.929,0.6,0.61,0.39,0.4,0.01,0.01,77617.15,1777160978000
1777160980.326,280.326,0.6,0.61,0.39,0.4,0.01,0.01,77617.15,1777160978000
1777160980.757,280.757,0.6,0.61,0.39,0.4,0.01,0.01,77617.15,1777160979000
1777160981.181,281.181,0.58,0.59,0.39,0.47,0.01,0.08,77617.15,1777160979000
1777160981.584,281.584,0.59,0.6,0.39,0.47,0.01,0.08,77617.15,1777160980000
1777160982.168,282.168,0.61,0.62,0.38,0.39,0.01,0.01,77617.15,1777160980000
1777160982.578,282.578,0.61,0.62,0.38,0.39,0.01,0.01,77617.15,1777160980000
1777160982.939,282.939,0.61,0.62,0.38,0.39,0.01,0.01,77617.15,1777160981000
1777160983.334,283.334,0.61,0.62,0.38,0.39,0.01,0.01,77617.14,1777160982000
1777160983.702,283.702,0.61,0.62,0.38,0.39,0.01,0.01,77617.14,1777160982000
1777160984.047,284.047,0.61,0.62,0.38,0.39,0.01,0.01,77617.14,1777160982000
1777160984.429,284.429,0.61,0.62,0.38,0.39,0.01,0.01,77617.14,1777160982000
1777160984.792,284.792,0.61,0.62,0.38,0.39,0.01,0.01,77617.56,1777160983000
1777160985.132,285.132,0.6,0.61,0.39,0.4,0.01,0.01,77617.56,1777160984000
1777160985.56,285.56,0.6,0.61,0.39,0.4,0.01,0.01,77617.56,1777160984000
1777160986.004,286.004,0.6,0.61,0.39,0.4,0.01,0.01,77617.56,1777160984000
1777160986.473,286.473,0.6,0.61,0.39,0.4,0.01,0.01,77617.56,1777160985000
1777160987.042,287.042,0.61,0.62,0.38,0.4,0.01,0.02,77617.56,1777160985000
1777160987.377,287.377,0.61,0.62,0.38,0.39,0.01,0.01,77617.56,1777160985000
1777160987.783,287.783,0.61,0.62,0.38,0.39,0.01,0.01,77617.56,1777160986000
1777160988.21,288.21,0.61,0.62,0.38,0.39,0.01,0.01,77617.37,1777160987000
1777160988.801,288.801,0.6,0.61,0.38,0.39,0.01,0.01,77617.37,1777160987000
1777160989.343,289.343,0.6,0.61,0.39,0.4,0.01,0.01,77617.48,1777160988000
1777160989.683,289.683,0.61,0.62,0.38,0.39,0.01,0.01,77617.48,1777160988000
1777160990.299,290.299,0.61,0.64,0.38,0.39,0.03,0.01,77617.48,1777160988000
1777160990.692,290.692,0.64,0.65,0.35,0.36,0.01,0.01,77617.48,1777160988000
1777160991.04,291.04,0.67,0.69,0.3,0.36,0.02,0.06,77617.48,1777160989000
1777160991.42,291.42,0.68,0.69,0.31,0.32,0.01,0.01,77617.48,1777160989000
1777160991.896,291.896,0.6,0.61,0.39,0.4,0.01,0.01,77617.48,1777160989000
1777160992.326,292.326,0.6,0.61,0.39,0.4,0.01,0.01,77618.01,1777160991000
1777160992.724,292.724,0.6,0.61,0.39,0.41,0.01,0.02,77618.01,1777160991000
1777160993.114,293.114,0.68,0.69,0.31,0.32,0.01,0.01,77618.49,1777160992000
1777160993.449,293.449,0.64,0.69,0.31,0.35,0.05,0.04,77618.49,1777160992000
1777160993.88,293.88,0.75,0.76,0.24,0.25,0.01,0.01,77618.49,1777160992000
1777160994.229,294.229,0.75,0.76,0.24,0.25,0.01,0.01,77618.99,1777160993000
1777160994.678,294.678,0.62,0.65,0.35,0.37,0.03,0.02,77618.99,1777160993000
1777160995.141,295.141,0.6,0.63,0.37,0.4,0.03,0.03,77618.99,1777160993000
1777160995.48,295.48,0.55,0.59,0.41,0.42,0.04,0.01,77619.01,1777160994000
1777160995.85,295.85,0.63,0.64,0.36,0.38,0.01,0.02,77619.01,1777160994000
1777160996.246,296.246,0.74,0.75,0.25,0.26,0.01,0.01,77619.01,1777160994000
1777160996.583,296.583,0.98,0.99,0.01,0.02,0.01,0.01,77618.9,1777160995000
1777160996.922,296.922,0.98,0.99,0.01,0.07,0.01,0.06,77618.9,1777160995000
1777160997.26,297.26,0.96,0.98,0.02,0.05,0.02,0.03,77618.9,1777160995000
1777160997.611,297.611,0.97,0.98,0.01,0.05,0.01,0.04,77618.9,1777160996000
1777160997.947,297.947,0.96,0.99,0.01,0.04,0.03,0.03,77629.31,1777160997000
1777160998.281,298.281,0.98,0.99,0.01,0.02,0.01,0.01,77629.31,1777160997000
1777160998.725,298.725,0.98,0.99,0.01,0.02,0.01,0.01,77629.31,1777160997000
1777160999.08,299.08,0.98,0.99,0.01,0.02,0.01,0.01,77631.28,1777160998000
1777160999.416,299.416,0.98,0.99,0.01,0.02,0.01,0.01,77631.28,1777160998000
1777160999.77,299.77,0.98,0.99,0.01,0.02,0.01,0.01,77631.28,1777160998000
1777161000.105,300.105,0.99,0.94,0.06,0.01,-0.05,-0.05,77631.15,1777160999000
1777161000.461,300.461,0.99,0.94,0.06,0.01,-0.05,-0.05,77631.15,1777160999000

# RESULT,winner=Up,slug=btc-updown-5m-1777160700,ticks=621
