timestamp,elapsed_sec,up_bid,up_ask,down_bid,down_ask,up_spread,down_spread,btc_price,btc_oracle_ts
1777089300.62,0.62,0.47,0.48,0.52,0.53,0.01,0.01,77692.21,1777089299000
1777089301.184,1.184,0.47,0.48,0.52,0.53,0.01,0.01,77692.18,1777089300000
1777089301.526,1.526,0.47,0.49,0.52,0.53,0.02,0.01,77692.18,1777089300000
1777089301.923,1.923,0.48,0.49,0.51,0.52,0.01,0.01,77692.18,1777089300000
1777089302.307,2.307,0.48,0.49,0.51,0.52,0.01,0.01,77692.18,1777089300000
1777089302.653,2.653,0.48,0.49,0.51,0.52,0.01,0.01,77692.17,1777089301000
1777089303.239,3.239,0.48,0.49,0.51,0.52,0.01,0.01,77692.17,1777089301000
1777089303.889,3.889,0.47,0.49,0.51,0.52,0.02,0.01,77692.06,1777089302000
1777089304.244,4.244,0.47,0.48,0.52,0.53,0.01,0.01,77692.06,1777089303000
1777089304.796,4.796,0.47,0.48,0.52,0.53,0.01,0.01,77692.06,1777089303000
1777089305.135,5.135,0.47,0.48,0.52,0.53,0.01,0.01,77692.03,1777089304000
1777089305.62,5.62,0.47,0.48,0.52,0.53,0.01,0.01,77692.03,1777089304000
1777089306.076,6.076,0.47,0.48,0.52,0.53,0.01,0.01,77692.03,1777089304000
1777089307.276,7.276,0.47,0.48,0.52,0.53,0.01,0.01,77692.45,1777089306000
1777089307.724,7.724,0.47,0.48,0.52,0.53,0.01,0.01,77692.45,1777089306000
1777089308.157,8.157,0.47,0.48,0.52,0.53,0.01,0.01,77692.45,1777089306000
1777089308.647,8.647,0.47,0.48,0.52,0.53,0.01,0.01,77691.91,1777089307000
1777089309.049,9.049,0.47,0.48,0.52,0.53,0.01,0.01,77691.91,1777089308000
1777089309.394,9.394,0.47,0.48,0.52,0.53,0.01,0.01,77691.91,1777089308000
1777089309.995,9.995,0.48,0.49,0.51,0.52,0.01,0.01,77691.91,1777089308000
1777089310.666,10.666,0.48,0.49,0.51,0.52,0.01,0.01,77691.85,1777089309000
1777089311.166,11.166,0.48,0.49,0.51,0.52,0.01,0.01,77691.85,1777089309000
1777089311.652,11.652,0.48,0.49,0.51,0.52,0.01,0.01,77691.85,1777089310000
1777089312.044,12.044,0.48,0.49,0.51,0.52,0.01,0.01,77691.85,1777089310000
1777089312.539,12.539,0.48,0.49,0.51,0.52,0.01,0.01,77691.79,1777089311000
1777089313.239,13.239,0.49,0.5,0.5,0.52,0.01,0.02,77691.79,1777089311000
1777089313.852,13.852,0.49,0.5,0.5,0.51,0.01,0.01,77691.86,1777089312000
1777089314.305,14.305,0.49,0.5,0.5,0.51,0.01,0.01,77691.86,1777089312000
1777089315.027,15.027,0.49,0.5,0.5,0.51,0.01,0.01,77691.88,1777089314000
1777089315.462,15.462,0.48,0.5,0.5,0.52,0.02,0.02,77691.88,1777089314000
1777089315.914,15.914,0.49,0.5,0.5,0.51,0.01,0.01,77691.88,1777089314000
1777089316.305,16.305,0.49,0.5,0.5,0.51,0.01,0.01,77691.95,1777089315000
1777089316.653,16.653,0.49,0.5,0.5,0.51,0.01,0.01,77691.95,1777089315000
1777089316.998,16.998,0.49,0.5,0.5,0.51,0.01,0.01,77691.95,1777089315000
1777089317.397,17.397,0.49,0.5,0.5,0.51,0.01,0.01,77691.95,1777089316000
1777089317.816,17.816,0.49,0.5,0.5,0.51,0.01,0.01,77691.95,1777089316000
1777089318.431,18.431,0.49,0.5,0.5,0.51,0.01,0.01,77691.95,1777089317000
1777089318.985,18.985,0.49,0.5,0.5,0.51,0.01,0.01,77691.95,1777089317000
1777089319.451,19.451,0.49,0.5,0.5,0.51,0.01,0.01,77691.95,1777089318000
1777089320.204,20.204,0.49,0.5,0.5,0.51,0.01,0.01,77691.95,1777089318000
1777089320.804,20.804,0.49,0.5,0.5,0.51,0.01,0.01,77691.63,1777089319000
1777089321.317,21.317,0.49,0.5,0.5,0.51,0.01,0.01,77691.62,1777089320000
1777089321.715,21.715,0.47,0.48,0.52,0.53,0.01,0.01,77691.62,1777089320000
1777089322.159,22.159,0.47,0.48,0.52,0.53,0.01,0.01,77691.62,1777089321000
1777089322.803,22.803,0.47,0.48,0.52,0.53,0.01,0.01,77691.62,1777089321000
1777089323.17,23.17,0.47,0.48,0.52,0.53,0.01,0.01,77691.66,1777089322000
1777089323.823,23.823,0.47,0.48,0.52,0.53,0.01,0.01,77691.66,1777089322000
1777089324.325,24.325,0.47,0.48,0.52,0.53,0.01,0.01,77691.55,1777089323000
1777089324.659,24.659,0.27,0.35,0.65,0.73,0.08,0.08,77691.55,1777089323000
1777089325.046,25.046,0.29,0.31,0.66,0.8,0.02,0.14,77691.55,1777089323000
1777089325.386,25.386,0.25,0.3,0.7,0.75,0.05,0.05,77691.55,1777089323000
1777089325.721,25.721,0.25,0.26,0.74,0.75,0.01,0.01,77690.79,1777089324000
1777089326.147,26.147,0.23,0.24,0.76,0.77,0.01,0.01,77682.67,1777089325000
1777089326.506,26.506,0.22,0.23,0.77,0.78,0.01,0.01,77682.67,1777089325000
1777089326.846,26.846,0.22,0.23,0.77,0.79,0.01,0.02,77682.67,1777089325000
1777089327.217,27.217,0.2,0.21,0.77,0.8,0.01,0.03,77682.67,1777089325000
1777089327.593,27.593,0.2,0.21,0.79,0.8,0.01,0.01,77672.98,1777089326000
1777089327.961,27.961,0.2,0.21,0.79,0.8,0.01,0.01,77672.98,1777089326000
1777089328.446,28.446,0.2,0.21,0.79,0.8,0.01,0.01,77672.98,1777089326000
1777089328.875,28.875,0.2,0.21,0.79,0.8,0.01,0.01,77672.96,1777089327000
1777089329.287,29.287,0.2,0.21,0.79,0.8,0.01,0.01,77672.92,1777089328000
1777089329.733,29.733,0.2,0.23,0.79,0.8,0.03,0.01,77672.92,1777089328000
1777089330.07,30.07,0.23,0.24,0.77,0.78,0.01,0.01,77672.92,1777089328000
1777089330.543,30.543,0.23,0.24,0.76,0.77,0.01,0.01,77671.55,1777089329000
1777089330.963,30.963,0.23,0.24,0.76,0.77,0.01,0.01,77671.86,1777089330000
1777089331.374,31.374,0.23,0.24,0.76,0.77,0.01,0.01,77671.86,1777089330000
1777089331.753,31.753,0.23,0.24,0.76,0.77,0.01,0.01,77671.86,1777089330000
1777089332.177,32.177,0.23,0.24,0.76,0.77,0.01,0.01,77673.09,1777089331000
1777089332.539,32.539,0.23,0.24,0.76,0.77,0.01,0.01,77673.09,1777089331000
1777089333.123,33.123,0.23,0.24,0.76,0.77,0.01,0.01,77673.09,1777089331000
1777089333.528,33.528,0.23,0.24,0.76,0.77,0.01,0.01,77673.21,1777089332000
1777089333.957,33.957,0.23,0.24,0.76,0.77,0.01,0.01,77673.21,1777089332000
1777089334.331,34.331,0.23,0.24,0.76,0.77,0.01,0.01,77673.21,1777089332000
1777089334.779,34.779,0.23,0.24,0.76,0.77,0.01,0.01,77673.25,1777089333000
1777089335.134,35.134,0.23,0.24,0.76,0.77,0.01,0.01,77673.21,1777089334000
1777089335.926,35.926,0.23,0.24,0.76,0.77,0.01,0.01,77673.21,1777089334000
1777089336.486,36.486,0.23,0.24,0.76,0.77,0.01,0.01,77673.21,1777089335000
1777089337.085,37.085,0.23,0.24,0.76,0.77,0.01,0.01,77673.21,1777089335000
1777089337.935,37.935,0.23,0.24,0.76,0.77,0.01,0.01,77673.2,1777089336000
1777089338.411,38.411,0.22,0.23,0.77,0.78,0.01,0.01,77673.2,1777089336000
1777089339.024,39.024,0.22,0.23,0.77,0.78,0.01,0.01,77673.26,1777089337000
1777089339.398,39.398,0.22,0.23,0.77,0.78,0.01,0.01,77673.26,1777089338000
1777089339.964,39.964,0.22,0.23,0.77,0.78,0.01,0.01,77673.26,1777089338000
1777089340.795,40.795,0.22,0.23,0.77,0.78,0.01,0.01,77673.22,1777089339000
1777089341.128,41.128,0.22,0.23,0.77,0.78,0.01,0.01,77673.22,1777089339000
1777089342.125,42.125,0.22,0.23,0.77,0.78,0.01,0.01,77673.4,1777089340000
1777089342.634,42.634,0.22,0.23,0.77,0.78,0.01,0.01,77673.42,1777089341000
1777089343.04,43.04,0.22,0.23,0.77,0.78,0.01,0.01,77673.56,1777089342000
1777089343.541,43.541,0.22,0.23,0.77,0.78,0.01,0.01,77673.56,1777089342000
1777089344.106,44.106,0.22,0.23,0.77,0.78,0.01,0.01,77673.36,1777089343000
1777089345.275,45.275,0.22,0.23,0.77,0.78,0.01,0.01,77673.36,1777089343000
1777089345.946,45.946,0.22,0.23,0.77,0.78,0.01,0.01,77673.4,1777089344000
1777089346.283,46.283,0.22,0.23,0.77,0.78,0.01,0.01,77673.47,1777089345000
1777089346.654,46.654,0.22,0.23,0.77,0.78,0.01,0.01,77673.47,1777089345000
1777089347.042,47.042,0.22,0.23,0.77,0.78,0.01,0.01,77673.47,1777089345000
1777089347.483,47.483,0.22,0.23,0.77,0.78,0.01,0.01,77673.53,1777089346000
1777089347.917,47.917,0.22,0.23,0.77,0.78,0.01,0.01,77673.53,1777089346000
1777089348.343,48.343,0.22,0.23,0.77,0.78,0.01,0.01,77673.51,1777089347000
1777089349.009,49.009,0.22,0.23,0.77,0.78,0.01,0.01,77673.51,1777089348000
1777089349.403,49.403,0.21,0.23,0.77,0.78,0.02,0.01,77673.51,1777089348000
1777089350.096,50.096,0.21,0.23,0.77,0.79,0.02,0.02,77672.81,1777089349000
1777089350.787,50.787,0.21,0.22,0.78,0.79,0.01,0.01,77672.81,1777089349000
1777089351.246,51.246,0.21,0.22,0.78,0.79,0.01,0.01,77673.13,1777089350000
1777089351.8,51.8,0.21,0.22,0.78,0.79,0.01,0.01,77673.13,1777089350000
1777089352.367,52.367,0.21,0.22,0.78,0.79,0.01,0.01,77673.13,1777089350000
1777089352.771,52.771,0.21,0.22,0.78,0.79,0.01,0.01,77673.03,1777089351000
1777089353.224,53.224,0.21,0.22,0.78,0.79,0.01,0.01,77673.03,1777089351000
1777089353.866,53.866,0.21,0.22,0.78,0.79,0.01,0.01,77673.03,1777089351000
1777089354.232,54.232,0.21,0.22,0.78,0.79,0.01,0.01,77673.12,1777089352000
1777089355.012,55.012,0.21,0.22,0.78,0.79,0.01,0.01,77673.14,1777089354000
1777089355.42,55.42,0.21,0.22,0.78,0.79,0.01,0.01,77673.14,1777089354000
1777089355.997,55.997,0.21,0.22,0.78,0.79,0.01,0.01,77673.14,1777089354000
1777089356.388,56.388,0.21,0.22,0.78,0.79,0.01,0.01,77673.17,1777089355000
1777089357.011,57.011,0.21,0.22,0.78,0.79,0.01,0.01,77673.17,1777089356000
1777089357.645,57.645,0.21,0.23,0.78,0.79,0.02,0.01,77673.17,1777089356000
1777089357.984,57.984,0.21,0.22,0.77,0.79,0.01,0.02,77673.17,1777089356000
1777089358.547,58.547,0.22,0.23,0.77,0.79,0.01,0.02,77673.15,1777089357000
1777089358.923,58.923,0.22,0.23,0.77,0.78,0.01,0.01,77673.15,1777089357000
1777089359.391,59.391,0.22,0.23,0.77,0.78,0.01,0.01,77673.13,1777089358000
1777089359.781,59.781,0.22,0.23,0.77,0.78,0.01,0.01,77673.13,1777089358000
1777089360.115,60.115,0.22,0.23,0.77,0.78,0.01,0.01,77673.13,1777089358000
1777089361.219,61.219,0.22,0.23,0.77,0.78,0.01,0.01,77673.37,1777089360000
1777089362.245,62.245,0.22,0.23,0.77,0.78,0.01,0.01,77673.16,1777089361000
1777089362.596,62.596,0.17,0.18,0.82,0.83,0.01,0.01,77673.16,1777089361000
1777089362.95,62.95,0.15,0.16,0.84,0.85,0.01,0.01,77673.16,1777089361000
1777089363.332,63.332,0.14,0.15,0.84,0.86,0.01,0.02,77673.16,1777089361000
1777089363.699,63.699,0.14,0.15,0.85,0.86,0.01,0.01,77667.2,1777089362000
1777089364.037,64.037,0.13,0.14,0.86,0.87,0.01,0.01,77667.2,1777089362000
1777089364.386,64.386,0.13,0.14,0.86,0.87,0.01,0.01,77660.65,1777089363000
1777089364.762,64.762,0.12,0.13,0.87,0.88,0.01,0.01,77660.65,1777089363000
1777089365.168,65.168,0.12,0.13,0.87,0.88,0.01,0.01,77658.6,1777089364000
1777089365.781,65.781,0.12,0.13,0.87,0.88,0.01,0.01,77658.6,1777089364000
1777089366.193,66.193,0.12,0.13,0.87,0.88,0.01,0.01,77658.6,1777089364000
1777089366.533,66.533,0.11,0.12,0.88,0.89,0.01,0.01,77658.6,1777089364000
1777089367.061,67.061,0.11,0.12,0.88,0.89,0.01,0.01,77656.45,1777089365000
1777089367.521,67.521,0.11,0.12,0.88,0.89,0.01,0.01,77656.46,1777089366000
1777089368.208,68.208,0.11,0.12,0.88,0.89,0.01,0.01,77656.45,1777089367000
1777089368.609,68.609,0.11,0.12,0.88,0.89,0.01,0.01,77656.45,1777089367000
1777089368.991,68.991,0.11,0.12,0.88,0.89,0.01,0.01,77656.45,1777089367000
1777089369.331,69.331,0.11,0.12,0.88,0.89,0.01,0.01,77656.45,1777089367000
1777089369.768,69.768,0.11,0.12,0.88,0.89,0.01,0.01,77657.43,1777089368000
1777089370.302,70.302,0.11,0.12,0.88,0.89,0.01,0.01,77655.96,1777089369000
1777089370.726,70.726,0.22,0.23,0.77,0.78,0.01,0.01,77655.96,1777089369000
1777089371.061,71.061,0.22,0.23,0.77,0.78,0.01,0.01,77655.96,1777089369000
1777089371.398,71.398,0.22,0.23,0.77,0.78,0.01,0.01,77656.04,1777089370000
1777089371.772,71.772,0.21,0.22,0.78,0.79,0.01,0.01,77656.04,1777089370000
1777089372.117,72.117,0.21,0.22,0.78,0.79,0.01,0.01,77660.52,1777089371000
1777089372.49,72.49,0.21,0.22,0.78,0.79,0.01,0.01,77660.52,1777089371000
1777089372.858,72.858,0.21,0.22,0.78,0.79,0.01,0.01,77660.52,1777089371000
1777089373.281,73.281,0.18,0.19,0.81,0.82,0.01,0.01,77660.52,1777089371000
1777089373.689,73.689,0.18,0.19,0.81,0.82,0.01,0.01,77666.3,1777089372000
1777089374.16,74.16,0.18,0.19,0.81,0.82,0.01,0.01,77666.3,1777089372000
1777089374.621,74.621,0.18,0.19,0.81,0.82,0.01,0.01,77667.42,1777089373000
1777089375.003,75.003,0.18,0.19,0.81,0.82,0.01,0.01,77667.42,1777089373000
1777089375.644,75.644,0.18,0.19,0.81,0.82,0.01,0.01,77667.42,1777089373000
1777089376.234,76.234,0.18,0.19,0.81,0.82,0.01,0.01,77667.29,1777089375000
1777089377.122,77.122,0.2,0.21,0.79,0.8,0.01,0.01,77667.29,1777089375000
1777089377.457,77.457,0.2,0.21,0.79,0.8,0.01,0.01,77667.27,1777089376000
1777089377.872,77.872,0.18,0.19,0.8,0.82,0.01,0.02,77667.27,1777089376000
1777089378.358,78.358,0.18,0.19,0.81,0.82,0.01,0.01,77667.27,1777089376000
1777089378.928,78.928,0.17,0.19,0.81,0.82,0.02,0.01,77667.27,1777089377000
1777089379.301,79.301,0.16,0.17,0.83,0.84,0.01,0.01,77667.27,1777089377000
1777089380.022,80.022,0.16,0.17,0.83,0.84,0.01,0.01,77667.02,1777089378000
1777089380.782,80.782,0.16,0.17,0.83,0.84,0.01,0.01,77667.02,1777089379000
1777089381.116,81.116,0.16,0.17,0.83,0.84,0.01,0.01,77664.63,1777089380000
1777089382.018,82.018,0.16,0.17,0.83,0.84,0.01,0.01,77664.61,1777089381000
1777089382.388,82.388,0.16,0.17,0.83,0.84,0.01,0.01,77664.61,1777089381000
1777089383.158,83.158,0.16,0.17,0.83,0.84,0.01,0.01,77664.67,1777089382000
1777089383.53,83.53,0.16,0.17,0.83,0.84,0.01,0.01,77664.67,1777089382000
1777089383.97,83.97,0.16,0.17,0.83,0.84,0.01,0.01,77664.67,1777089382000
1777089384.387,84.387,0.16,0.17,0.83,0.84,0.01,0.01,77664.63,1777089383000
1777089384.843,84.843,0.16,0.17,0.83,0.84,0.01,0.01,77664.63,1777089383000
1777089385.185,85.185,0.16,0.17,0.83,0.84,0.01,0.01,77664.63,1777089383000
1777089385.691,85.691,0.14,0.15,0.85,0.86,0.01,0.01,77664.74,1777089384000
1777089386.434,86.434,0.14,0.15,0.85,0.86,0.01,0.01,77664.49,1777089385000
1777089387.052,87.052,0.14,0.15,0.85,0.86,0.01,0.01,77664.45,1777089386000
1777089387.455,87.455,0.14,0.15,0.85,0.86,0.01,0.01,77664.45,1777089386000
1777089387.805,87.805,0.14,0.15,0.85,0.86,0.01,0.01,77664.45,1777089386000
1777089388.176,88.176,0.14,0.15,0.85,0.86,0.01,0.01,77664.17,1777089387000
1777089388.875,88.875,0.14,0.15,0.85,0.86,0.01,0.01,77664.17,1777089387000
1777089389.232,89.232,0.14,0.15,0.85,0.86,0.01,0.01,77664.17,1777089387000
1777089389.6,89.6,0.14,0.15,0.85,0.86,0.01,0.01,77662.43,1777089388000
1777089390.347,90.347,0.14,0.15,0.85,0.86,0.01,0.01,77662.43,1777089388000
1777089390.764,90.764,0.15,0.16,0.84,0.85,0.01,0.01,77662.52,1777089389000
1777089391.617,91.617,0.15,0.16,0.84,0.85,0.01,0.01,77662.84,1777089390000
1777089392.011,92.011,0.15,0.16,0.84,0.85,0.01,0.01,77662.84,1777089390000
1777089392.541,92.541,0.15,0.16,0.82,0.85,0.01,0.03,77664.09,1777089391000
1777089392.942,92.942,0.15,0.16,0.84,0.85,0.01,0.01,77664.09,1777089391000
1777089393.358,93.358,0.15,0.16,0.84,0.85,0.01,0.01,77663.09,1777089392000
1777089393.977,93.977,0.15,0.16,0.84,0.85,0.01,0.01,77663.19,1777089393000
1777089395.098,95.098,0.15,0.16,0.84,0.85,0.01,0.01,77663.15,1777089394000
1777089395.582,95.582,0.15,0.16,0.84,0.85,0.01,0.01,77663.15,1777089394000
1777089396.312,96.312,0.15,0.16,0.84,0.85,0.01,0.01,77663.15,1777089394000
1777089397.255,97.255,0.15,0.16,0.84,0.85,0.01,0.01,77663.81,1777089395000
1777089397.654,97.654,0.15,0.16,0.84,0.85,0.01,0.01,77663.81,1777089395000
1777089398.21,98.21,0.15,0.16,0.84,0.85,0.01,0.01,77663.56,1777089396000
1777089398.62,98.62,0.15,0.16,0.84,0.85,0.01,0.01,77663.56,1777089396000
1777089399.131,99.131,0.15,0.16,0.84,0.85,0.01,0.01,77663.66,1777089397000
1777089400.121,100.121,0.15,0.16,0.84,0.85,0.01,0.01,77663.6,1777089398000
1777089400.48,100.48,0.15,0.16,0.84,0.85,0.01,0.01,77663.6,1777089398000
1777089401.037,101.037,0.15,0.16,0.84,0.85,0.01,0.01,77663.6,1777089398000
1777089402.019,102.019,0.15,0.16,0.84,0.85,0.01,0.01,77663.42,1777089400000
1777089402.73,102.73,0.15,0.16,0.84,0.85,0.01,0.01,77663.42,1777089400000
1777089403.144,103.144,0.15,0.16,0.84,0.85,0.01,0.01,77663.42,1777089400000
1777089403.906,103.906,0.15,0.16,0.84,0.85,0.01,0.01,77663.63,1777089401000
1777089404.608,104.608,0.15,0.16,0.84,0.85,0.01,0.01,77663.53,1777089402000
1777089405.244,105.244,0.15,0.16,0.84,0.85,0.01,0.01,77663.53,1777089403000
1777089406.229,106.229,0.14,0.15,0.84,0.86,0.01,0.02,77663.53,1777089403000
1777089406.84,106.84,0.14,0.15,0.85,0.86,0.01,0.01,77663.59,1777089405000
1777089407.356,107.356,0.14,0.15,0.85,0.86,0.01,0.01,77663.59,1777089405000
1777089408.199,108.199,0.14,0.15,0.85,0.86,0.01,0.01,77663.58,1777089406000
1777089408.883,108.883,0.14,0.15,0.85,0.86,0.01,0.01,77663.58,1777089407000
1777089409.238,109.238,0.14,0.15,0.85,0.86,0.01,0.01,77663.58,1777089407000
1777089409.619,109.619,0.14,0.15,0.85,0.86,0.01,0.01,77663.55,1777089408000
1777089410.126,110.126,0.14,0.15,0.85,0.86,0.01,0.01,77663.55,1777089408000
1777089410.686,110.686,0.14,0.15,0.85,0.86,0.01,0.01,77663.41,1777089409000
1777089411.29,111.29,0.14,0.15,0.85,0.86,0.01,0.01,77663.41,1777089409000
1777089411.676,111.676,0.13,0.15,0.85,0.86,0.02,0.01,77663.52,1777089410000
1777089412.147,112.147,0.12,0.14,0.85,0.87,0.02,0.02,77663.52,1777089410000
1777089412.506,112.506,0.12,0.13,0.87,0.88,0.01,0.01,77664.04,1777089411000
1777089412.926,112.926,0.12,0.13,0.87,0.88,0.01,0.01,77664.04,1777089411000
1777089413.283,113.283,0.12,0.13,0.87,0.88,0.01,0.01,77664.02,1777089412000
1777089413.621,113.621,0.12,0.13,0.87,0.88,0.01,0.01,77664.02,1777089412000
1777089413.968,113.968,0.12,0.13,0.87,0.88,0.01,0.01,77664.02,1777089412000
1777089414.794,114.794,0.12,0.13,0.87,0.88,0.01,0.01,77662.73,1777089413000
1777089415.133,115.133,0.12,0.13,0.87,0.88,0.01,0.01,77662.73,1777089413000
1777089415.643,115.643,0.12,0.13,0.87,0.88,0.01,0.01,77662.73,1777089413000
1777089416.117,116.117,0.12,0.13,0.87,0.88,0.01,0.01,77662.73,1777089414000
1777089416.514,116.514,0.12,0.13,0.87,0.88,0.01,0.01,77662.68,1777089415000
1777089417.55,117.55,0.12,0.13,0.87,0.88,0.01,0.01,77662.68,1777089415000
1777089418.3,118.3,0.12,0.13,0.87,0.88,0.01,0.01,77663.8,1777089416000
1777089418.902,118.902,0.12,0.13,0.87,0.88,0.01,0.01,77663.63,1777089417000
1777089419.265,119.265,0.12,0.13,0.87,0.88,0.01,0.01,77663.63,1777089417000
1777089419.621,119.621,0.13,0.14,0.86,0.87,0.01,0.01,77663.63,1777089417000
1777089419.999,119.999,0.13,0.14,0.86,0.87,0.01,0.01,77663.33,1777089418000
1777089420.34,120.34,0.12,0.14,0.86,0.87,0.02,0.01,77663.36,1777089419000
1777089420.68,120.68,0.12,0.13,0.87,0.88,0.01,0.01,77663.36,1777089419000
1777089421.017,121.017,0.12,0.13,0.87,0.88,0.01,0.01,77663.36,1777089419000
1777089421.498,121.498,0.11,0.12,0.88,0.89,0.01,0.01,77663.44,1777089420000
1777089422.09,122.09,0.11,0.12,0.88,0.89,0.01,0.01,77663.44,1777089420000
1777089422.493,122.493,0.11,0.12,0.88,0.89,0.01,0.01,77663.31,1777089421000
1777089422.887,122.887,0.11,0.12,0.88,0.89,0.01,0.01,77663.31,1777089421000
1777089423.254,123.254,0.11,0.12,0.88,0.89,0.01,0.01,77663.46,1777089422000
1777089423.673,123.673,0.11,0.12,0.88,0.89,0.01,0.01,77663.46,1777089422000
1777089424.116,124.116,0.11,0.12,0.88,0.89,0.01,0.01,77663.37,1777089423000
1777089424.496,124.496,0.1,0.11,0.89,0.9,0.01,0.01,77663.37,1777089423000
1777089424.999,124.999,0.11,0.12,0.88,0.89,0.01,0.01,77663.37,1777089423000
1777089425.353,125.353,0.11,0.13,0.87,0.89,0.02,0.02,77663.37,1777089424000
1777089425.788,125.788,0.14,0.15,0.85,0.86,0.01,0.01,77663.37,1777089424000
1777089426.172,126.172,0.14,0.15,0.85,0.86,0.01,0.01,77663.37,1777089424000
1777089426.567,126.567,0.14,0.15,0.85,0.86,0.01,0.01,77663.37,1777089425000
1777089426.94,126.94,0.14,0.15,0.85,0.86,0.01,0.01,77663.37,1777089425000
1777089427.595,127.595,0.14,0.15,0.85,0.86,0.01,0.01,77664.48,1777089426000
1777089428.129,128.129,0.13,0.14,0.86,0.87,0.01,0.01,77664.48,1777089426000
1777089428.556,128.556,0.13,0.14,0.86,0.87,0.01,0.01,77663.77,1777089427000
1777089428.97,128.97,0.12,0.13,0.86,0.88,0.01,0.02,77663.77,1777089427000
1777089429.452,129.452,0.12,0.13,0.87,0.88,0.01,0.01,77664.33,1777089428000
1777089430.057,130.057,0.12,0.13,0.87,0.88,0.01,0.01,77665.37,1777089429000
1777089430.504,130.504,0.12,0.13,0.87,0.88,0.01,0.01,77665.37,1777089429000
1777089430.883,130.883,0.12,0.13,0.87,0.88,0.01,0.01,77665.37,1777089429000
1777089431.287,131.287,0.12,0.13,0.87,0.88,0.01,0.01,77663.88,1777089430000
1777089431.73,131.73,0.12,0.13,0.87,0.88,0.01,0.01,77663.88,1777089430000
1777089432.113,132.113,0.12,0.13,0.87,0.88,0.01,0.01,77663.88,1777089430000
1777089433.144,133.144,0.12,0.13,0.87,0.88,0.01,0.01,77664.46,1777089431000
1777089433.928,133.928,0.12,0.13,0.87,0.88,0.01,0.01,77664.55,1777089432000
1777089434.349,134.349,0.12,0.13,0.87,0.88,0.01,0.01,77664.55,1777089432000
1777089434.835,134.835,0.12,0.13,0.87,0.88,0.01,0.01,77664.52,1777089433000
1777089435.583,135.583,0.12,0.13,0.87,0.88,0.01,0.01,77664.52,1777089434000
1777089436.177,136.177,0.12,0.13,0.87,0.88,0.01,0.01,77664.52,1777089434000
1777089436.996,136.996,0.12,0.13,0.87,0.88,0.01,0.01,77664.87,1777089436000
1777089437.396,137.396,0.11,0.12,0.87,0.89,0.01,0.02,77664.87,1777089436000
1777089437.927,137.927,0.11,0.12,0.88,0.89,0.01,0.01,77664.87,1777089436000
1777089438.677,138.677,0.11,0.12,0.88,0.89,0.01,0.01,77665.94,1777089437000
1777089439.28,139.28,0.11,0.12,0.88,0.89,0.01,0.01,77665.94,1777089438000
1777089439.92,139.92,0.11,0.12,0.88,0.89,0.01,0.01,77665.94,1777089438000
1777089440.555,140.555,0.11,0.12,0.88,0.89,0.01,0.01,77664.84,1777089439000
1777089441.078,141.078,0.11,0.12,0.88,0.89,0.01,0.01,77664.83,1777089440000
1777089441.491,141.491,0.11,0.12,0.88,0.89,0.01,0.01,77664.83,1777089440000
1777089441.839,141.839,0.11,0.12,0.88,0.89,0.01,0.01,77664.83,1777089440000
1777089442.284,142.284,0.11,0.12,0.88,0.89,0.01,0.01,77664.83,1777089441000
1777089442.783,142.783,0.11,0.12,0.88,0.89,0.01,0.01,77664.83,1777089441000
1777089443.452,143.452,0.1,0.12,0.88,0.9,0.02,0.02,77664.71,1777089442000
1777089443.975,143.975,0.1,0.11,0.89,0.9,0.01,0.01,77664.71,1777089442000
1777089444.786,144.786,0.1,0.11,0.89,0.9,0.01,0.01,77664.71,1777089443000
1777089445.389,145.389,0.1,0.11,0.89,0.9,0.01,0.01,77665.64,1777089444000
1777089445.809,145.809,0.08,0.09,0.91,0.92,0.01,0.01,77665.64,1777089444000
1777089446.173,146.173,0.08,0.09,0.91,0.92,0.01,0.01,77665.64,1777089444000
1777089446.561,146.561,0.08,0.09,0.91,0.92,0.01,0.01,77664.65,1777089445000
1777089446.913,146.913,0.08,0.09,0.91,0.92,0.01,0.01,77664.65,1777089445000
1777089447.333,147.333,0.08,0.09,0.91,0.92,0.01,0.01,77664.65,1777089445000
1777089447.817,147.817,0.08,0.09,0.91,0.92,0.01,0.01,77664.62,1777089446000
1777089448.318,148.318,0.08,0.09,0.91,0.92,0.01,0.01,77664.62,1777089447000
1777089448.68,148.68,0.08,0.09,0.91,0.92,0.01,0.01,77664.62,1777089447000
1777089449.189,149.189,0.08,0.09,0.91,0.92,0.01,0.01,77663.86,1777089448000
1777089449.606,149.606,0.08,0.09,0.91,0.92,0.01,0.01,77663.86,1777089448000
1777089450.343,150.343,0.08,0.09,0.91,0.92,0.01,0.01,77663.86,1777089448000
1777089450.879,150.879,0.08,0.09,0.91,0.92,0.01,0.01,77664.52,1777089449000
1777089451.689,151.689,0.08,0.09,0.91,0.92,0.01,0.01,77664.52,1777089450000
1777089452.184,152.184,0.08,0.09,0.91,0.92,0.01,0.01,77664.54,1777089451000
1777089452.907,152.907,0.08,0.09,0.91,0.92,0.01,0.01,77664.54,1777089451000
1777089453.44,153.44,0.08,0.09,0.91,0.92,0.01,0.01,77664.64,1777089452000
1777089453.916,153.916,0.08,0.09,0.91,0.92,0.01,0.01,77664.64,1777089452000
1777089454.285,154.285,0.08,0.09,0.91,0.92,0.01,0.01,77664.63,1777089453000
1777089455.201,155.201,0.08,0.09,0.91,0.92,0.01,0.01,77664.72,1777089454000
1777089456.055,156.055,0.08,0.09,0.91,0.92,0.01,0.01,77664.72,1777089454000
1777089457.249,157.249,0.08,0.09,0.91,0.92,0.01,0.01,77664.87,1777089455000
1777089458.003,158.003,0.08,0.09,0.91,0.92,0.01,0.01,77664.72,1777089457000
1777089458.67,158.67,0.08,0.09,0.91,0.92,0.01,0.01,77664.72,1777089457000
1777089459.223,159.223,0.08,0.09,0.91,0.92,0.01,0.01,77664.61,1777089458000
1777089460.032,160.032,0.08,0.1,0.91,0.92,0.02,0.01,77664.61,1777089458000
1777089460.46,160.46,0.08,0.09,0.91,0.92,0.01,0.01,77664.59,1777089459000
1777089460.916,160.916,0.08,0.09,0.91,0.92,0.01,0.01,77664.59,1777089459000
1777089461.49,161.49,0.08,0.09,0.91,0.92,0.01,0.01,77664.58,1777089460000
1777089461.977,161.977,0.08,0.09,0.91,0.92,0.01,0.01,77664.52,1777089461000
1777089463.091,163.091,0.08,0.09,0.91,0.92,0.01,0.01,77664.52,1777089462000
1777089463.943,163.943,0.08,0.09,0.91,0.92,0.01,0.01,77664.52,1777089462000
1777089464.414,164.414,0.08,0.09,0.91,0.92,0.01,0.01,77664.16,1777089463000
1777089465.21,165.21,0.08,0.09,0.91,0.92,0.01,0.01,77664.16,1777089463000
1777089465.826,165.826,0.08,0.09,0.91,0.92,0.01,0.01,77664.08,1777089464000
1777089466.396,166.396,0.08,0.09,0.91,0.92,0.01,0.01,77664.08,1777089465000
1777089466.744,166.744,0.08,0.09,0.91,0.92,0.01,0.01,77664.08,1777089465000
1777089467.916,167.916,0.08,0.09,0.91,0.92,0.01,0.01,77664.16,1777089466000
1777089469.131,169.131,0.08,0.09,0.91,0.92,0.01,0.01,77664.32,1777089468000
1777089469.873,169.873,0.08,0.09,0.91,0.92,0.01,0.01,77664.32,1777089468000
1777089471.215,171.215,0.08,0.09,0.91,0.92,0.01,0.01,77662.91,1777089470000
1777089472.302,172.302,0.08,0.09,0.91,0.92,0.01,0.01,77664.36,1777089471000
1777089473.424,173.424,0.08,0.09,0.91,0.92,0.01,0.01,77664.72,1777089472000
1777089473.977,173.977,0.08,0.09,0.91,0.92,0.01,0.01,77664.73,1777089473000
1777089474.917,174.917,0.08,0.09,0.91,0.92,0.01,0.01,77664.73,1777089473000
1777089475.256,175.256,0.07,0.08,0.92,0.93,0.01,0.01,77664.73,1777089473000
1777089476.371,176.371,0.07,0.08,0.92,0.93,0.01,0.01,77662.86,1777089475000
1777089476.917,176.917,0.07,0.08,0.92,0.93,0.01,0.01,77662.86,1777089475000
1777089477.418,177.418,0.07,0.08,0.92,0.93,0.01,0.01,77663.45,1777089476000
1777089478.464,178.464,0.07,0.08,0.92,0.93,0.01,0.01,77663.45,1777089476000
1777089478.961,178.961,0.07,0.08,0.92,0.93,0.01,0.01,77662.58,1777089478000
1777089479.65,179.65,0.07,0.08,0.92,0.93,0.01,0.01,77662.58,1777089478000
1777089480.06,180.06,0.07,0.08,0.92,0.93,0.01,0.01,77662.58,1777089478000
1777089480.46,180.46,0.07,0.08,0.92,0.93,0.01,0.01,77664.76,1777089479000
1777089480.873,180.873,0.07,0.08,0.92,0.93,0.01,0.01,77664.76,1777089479000
1777089481.365,181.365,0.06,0.07,0.93,0.94,0.01,0.01,77664.76,1777089479000
1777089481.741,181.741,0.06,0.07,0.93,0.94,0.01,0.01,77664.76,1777089479000
1777089482.346,182.346,0.06,0.07,0.93,0.94,0.01,0.01,77664.76,1777089479000
1777089482.69,182.69,0.06,0.07,0.93,0.94,0.01,0.01,77664.62,1777089481000
1777089483.114,183.114,0.06,0.07,0.93,0.94,0.01,0.01,77664.62,1777089481000
1777089483.498,183.498,0.06,0.07,0.93,0.94,0.01,0.01,77664.62,1777089481000
1777089483.905,183.905,0.06,0.07,0.93,0.94,0.01,0.01,77664.64,1777089482000
1777089484.336,184.336,0.06,0.07,0.93,0.94,0.01,0.01,77664.64,1777089482000
1777089484.703,184.703,0.06,0.07,0.93,0.94,0.01,0.01,77664.53,1777089483000
1777089485.153,185.153,0.06,0.07,0.93,0.94,0.01,0.01,77662.99,1777089484000
1777089486.521,186.521,0.06,0.07,0.93,0.94,0.01,0.01,77662.99,1777089484000
1777089486.945,186.945,0.06,0.07,0.93,0.94,0.01,0.01,77664.9,1777089485000
1777089487.321,187.321,0.06,0.07,0.93,0.94,0.01,0.01,77663.04,1777089486000
1777089487.724,187.724,0.06,0.07,0.93,0.94,0.01,0.01,77663.04,1777089486000
1777089488.572,188.572,0.06,0.07,0.93,0.94,0.01,0.01,77663.04,1777089486000
1777089488.914,188.914,0.06,0.07,0.93,0.94,0.01,0.01,77664.91,1777089487000
1777089489.251,189.251,0.06,0.07,0.93,0.94,0.01,0.01,77664.91,1777089487000
1777089489.627,189.627,0.06,0.07,0.93,0.94,0.01,0.01,77664.84,1777089488000
1777089490.048,190.048,0.05,0.06,0.94,0.95,0.01,0.01,77664.84,1777089488000
1777089490.433,190.433,0.05,0.06,0.94,0.95,0.01,0.01,77662.78,1777089489000
1777089490.788,190.788,0.05,0.06,0.94,0.95,0.01,0.01,77662.78,1777089489000
1777089491.433,191.433,0.05,0.06,0.94,0.95,0.01,0.01,77664.9,1777089490000
1777089492.201,192.201,0.05,0.06,0.94,0.95,0.01,0.01,77664.9,1777089490000
1777089492.609,192.609,0.05,0.06,0.94,0.95,0.01,0.01,77664.9,1777089491000
1777089493.151,193.151,0.05,0.06,0.94,0.95,0.01,0.01,77664.9,1777089491000
1777089493.939,193.939,0.05,0.06,0.94,0.95,0.01,0.01,77664.94,1777089492000
1777089494.325,194.325,0.05,0.06,0.94,0.95,0.01,0.01,77664.95,1777089493000
1777089495.332,195.332,0.05,0.06,0.94,0.95,0.01,0.01,77664.95,1777089493000
1777089495.922,195.922,0.05,0.06,0.94,0.95,0.01,0.01,77665.05,1777089494000
1777089496.672,196.672,0.05,0.06,0.94,0.95,0.01,0.01,77664.96,1777089495000
1777089497.256,197.256,0.05,0.06,0.94,0.95,0.01,0.01,77664.96,1777089495000
1777089498.52,198.52,0.05,0.06,0.94,0.95,0.01,0.01,77665.09,1777089497000
1777089499.139,199.139,0.05,0.06,0.94,0.95,0.01,0.01,77664.76,1777089498000
1777089499.525,199.525,0.05,0.06,0.94,0.95,0.01,0.01,77664.76,1777089498000
1777089500.035,200.035,0.05,0.06,0.94,0.95,0.01,0.01,77664.76,1777089498000
1777089500.521,200.521,0.05,0.06,0.94,0.95,0.01,0.01,77664.76,1777089499000
1777089500.963,200.963,0.05,0.06,0.94,0.95,0.01,0.01,77664.76,1777089499000
1777089501.327,201.327,0.05,0.06,0.94,0.95,0.01,0.01,77664.76,1777089499000
1777089501.681,201.681,0.05,0.06,0.94,0.95,0.01,0.01,77664.88,1777089500000
1777089502.108,202.108,0.06,0.07,0.93,0.94,0.01,0.01,77664.88,1777089500000
1777089502.467,202.467,0.06,0.07,0.93,0.94,0.01,0.01,77664.6,1777089501000
1777089502.824,202.824,0.06,0.07,0.93,0.94,0.01,0.01,77664.6,1777089501000
1777089503.171,203.171,0.08,0.09,0.91,0.92,0.01,0.01,77664.6,1777089501000
1777089503.697,203.697,0.08,0.09,0.91,0.92,0.01,0.01,77665.2,1777089502000
1777089504.032,204.032,0.08,0.09,0.91,0.92,0.01,0.01,77665.2,1777089502000
1777089504.403,204.403,0.08,0.09,0.91,0.92,0.01,0.01,77665.2,1777089502000
1777089504.814,204.814,0.06,0.09,0.91,0.92,0.03,0.01,77667.74,1777089503000
1777089505.168,205.168,0.08,0.09,0.91,0.92,0.01,0.01,77670.62,1777089504000
1777089505.597,205.597,0.07,0.08,0.91,0.93,0.01,0.02,77670.62,1777089504000
1777089506.156,206.156,0.07,0.08,0.92,0.93,0.01,0.01,77670.62,1777089504000
1777089506.592,206.592,0.07,0.08,0.92,0.93,0.01,0.01,77671.37,1777089505000
1777089507.014,207.014,0.07,0.08,0.92,0.93,0.01,0.01,77671.37,1777089505000
1777089507.441,207.441,0.07,0.08,0.92,0.93,0.01,0.01,77671.43,1777089506000
1777089507.863,207.863,0.07,0.08,0.92,0.93,0.01,0.01,77671.43,1777089506000
1777089508.24,208.24,0.07,0.08,0.92,0.93,0.01,0.01,77671.43,1777089506000
1777089508.764,208.764,0.07,0.08,0.92,0.93,0.01,0.01,77671.13,1777089507000
1777089509.286,209.286,0.07,0.08,0.92,0.93,0.01,0.01,77671.13,1777089508000
1777089509.669,209.669,0.07,0.08,0.92,0.93,0.01,0.01,77671.13,1777089508000
1777089510.348,210.348,0.07,0.08,0.92,0.93,0.01,0.01,77671.13,1777089508000
1777089510.782,210.782,0.07,0.08,0.92,0.93,0.01,0.01,77671.13,1777089508000
1777089511.306,211.306,0.07,0.08,0.92,0.93,0.01,0.01,77670.91,1777089509000
1777089511.645,211.645,0.07,0.08,0.92,0.93,0.01,0.01,77670.91,1777089510000
1777089512.0,212.0,0.07,0.08,0.92,0.93,0.01,0.01,77670.91,1777089510000
1777089512.534,212.534,0.07,0.08,0.92,0.93,0.01,0.01,77667.31,1777089511000
1777089512.975,212.975,0.07,0.08,0.92,0.93,0.01,0.01,77667.31,1777089511000
1777089513.324,213.324,0.07,0.08,0.92,0.93,0.01,0.01,77667.31,1777089511000
1777089513.733,213.733,0.07,0.08,0.92,0.93,0.01,0.01,77667.31,1777089512000
1777089514.49,214.49,0.07,0.08,0.92,0.93,0.01,0.01,77668.08,1777089513000
1777089515.013,215.013,0.07,0.08,0.92,0.93,0.01,0.01,77668.08,1777089513000
1777089515.793,215.793,0.07,0.08,0.92,0.93,0.01,0.01,77668.08,1777089514000
1777089516.22,216.22,0.07,0.08,0.92,0.93,0.01,0.01,77668.08,1777089514000
1777089516.914,216.914,0.06,0.07,0.92,0.93,0.01,0.01,77668.65,1777089515000
1777089517.47,217.47,0.06,0.07,0.93,0.94,0.01,0.01,77668.77,1777089516000
1777089518.133,218.133,0.06,0.07,0.93,0.94,0.01,0.01,77668.77,1777089517000
1777089518.868,218.868,0.06,0.07,0.93,0.94,0.01,0.01,77668.77,1777089517000
1777089519.345,219.345,0.06,0.07,0.93,0.94,0.01,0.01,77668.22,1777089518000
1777089520.378,220.378,0.06,0.08,0.93,0.94,0.02,0.01,77668.22,1777089518000
1777089521.008,221.008,0.06,0.07,0.93,0.94,0.01,0.01,77668.28,1777089520000
1777089521.483,221.483,0.05,0.06,0.94,0.95,0.01,0.01,77668.28,1777089520000
1777089521.937,221.937,0.05,0.06,0.94,0.95,0.01,0.01,77668.28,1777089520000
1777089522.307,222.307,0.05,0.06,0.94,0.95,0.01,0.01,77668.22,1777089521000
1777089523.852,223.852,0.05,0.06,0.94,0.95,0.01,0.01,77668.22,1777089521000
1777089524.544,224.544,0.05,0.06,0.94,0.95,0.01,0.01,77670.01,1777089523000
1777089525.012,225.012,0.05,0.06,0.94,0.95,0.01,0.01,77670.01,1777089523000
1777089525.712,225.712,0.05,0.06,0.94,0.95,0.01,0.01,77668.68,1777089524000
1777089526.127,226.127,0.05,0.06,0.94,0.95,0.01,0.01,77668.68,1777089524000
1777089526.5,226.5,0.05,0.06,0.94,0.95,0.01,0.01,77668.68,1777089524000
1777089526.921,226.921,0.05,0.06,0.94,0.95,0.01,0.01,77668.62,1777089525000
1777089527.405,227.405,0.05,0.06,0.94,0.95,0.01,0.01,77668.62,1777089525000
1777089527.834,227.834,0.05,0.06,0.94,0.95,0.01,0.01,77667.87,1777089526000
1777089528.28,228.28,0.05,0.06,0.94,0.95,0.01,0.01,77667.84,1777089527000
1777089528.723,228.723,0.05,0.06,0.94,0.95,0.01,0.01,77667.84,1777089527000
1777089529.073,229.073,0.05,0.06,0.94,0.95,0.01,0.01,77669.59,1777089528000
1777089530.136,230.136,0.05,0.06,0.94,0.95,0.01,0.01,77668.93,1777089529000
1777089530.509,230.509,0.05,0.06,0.94,0.95,0.01,0.01,77668.93,1777089529000
1777089530.919,230.919,0.05,0.06,0.94,0.95,0.01,0.01,77668.93,1777089529000
1777089531.328,231.328,0.05,0.06,0.94,0.95,0.01,0.01,77670.15,1777089530000
1777089532.318,232.318,0.05,0.06,0.94,0.95,0.01,0.01,77668.66,1777089531000
1777089532.845,232.845,0.04,0.05,0.94,0.96,0.01,0.02,77668.66,1777089531000
1777089533.187,233.187,0.04,0.05,0.95,0.96,0.01,0.01,77668.66,1777089532000
1777089533.559,233.559,0.04,0.05,0.95,0.96,0.01,0.01,77668.66,1777089532000
1777089533.985,233.985,0.04,0.05,0.95,0.96,0.01,0.01,77668.66,1777089533000
1777089534.559,234.559,0.04,0.05,0.95,0.96,0.01,0.01,77668.66,1777089533000
1777089535.146,235.146,0.04,0.05,0.95,0.96,0.01,0.01,77670.25,1777089534000
1777089535.538,235.538,0.04,0.05,0.95,0.96,0.01,0.01,77670.25,1777089534000
1777089535.973,235.973,0.04,0.05,0.95,0.96,0.01,0.01,77670.25,1777089534000
1777089536.354,236.354,0.04,0.05,0.95,0.96,0.01,0.01,77668.65,1777089535000
1777089536.986,236.986,0.04,0.05,0.95,0.96,0.01,0.01,77668.45,1777089536000
1777089537.975,237.975,0.04,0.05,0.95,0.96,0.01,0.01,77668.24,1777089537000
1777089538.729,238.729,0.04,0.05,0.95,0.96,0.01,0.01,77668.24,1777089537000
1777089539.206,239.206,0.04,0.05,0.95,0.96,0.01,0.01,77668.1,1777089538000
1777089539.614,239.614,0.04,0.05,0.95,0.96,0.01,0.01,77668.1,1777089538000
1777089540.297,240.297,0.04,0.05,0.95,0.96,0.01,0.01,77668.17,1777089539000
1777089540.656,240.656,0.04,0.05,0.95,0.96,0.01,0.01,77668.17,1777089539000
1777089541.132,241.132,0.04,0.05,0.95,0.96,0.01,0.01,77670.07,1777089540000
1777089541.645,241.645,0.04,0.05,0.95,0.96,0.01,0.01,77670.07,1777089540000
1777089542.14,242.14,0.04,0.05,0.95,0.96,0.01,0.01,77670.07,1777089540000
1777089542.739,242.739,0.04,0.05,0.95,0.96,0.01,0.01,77670.07,1777089541000
1777089543.213,243.213,0.04,0.05,0.95,0.96,0.01,0.01,77670.59,1777089542000
1777089544.237,244.237,0.04,0.05,0.95,0.96,0.01,0.01,77670.71,1777089543000
1777089544.613,244.613,0.04,0.05,0.95,0.96,0.01,0.01,77670.71,1777089543000
1777089545.161,245.161,0.04,0.05,0.95,0.96,0.01,0.01,77670.71,1777089544000
1777089546.161,246.161,0.04,0.05,0.95,0.96,0.01,0.01,77670.71,1777089544000
1777089546.566,246.566,0.04,0.05,0.95,0.96,0.01,0.01,77670.73,1777089545000
1777089547.13,247.13,0.04,0.05,0.95,0.96,0.01,0.01,77670.59,1777089546000
1777089547.491,247.491,0.04,0.05,0.95,0.96,0.01,0.01,77670.59,1777089546000
1777089547.847,247.847,0.04,0.05,0.95,0.96,0.01,0.01,77670.59,1777089546000
1777089548.581,248.581,0.04,0.05,0.95,0.96,0.01,0.01,77670.59,1777089547000
1777089549.072,249.072,0.04,0.05,0.95,0.96,0.01,0.01,77670.62,1777089548000
1777089549.566,249.566,0.03,0.04,0.96,0.97,0.01,0.01,77670.62,1777089548000
1777089550.131,250.131,0.03,0.04,0.96,0.97,0.01,0.01,77670.79,1777089549000
1777089550.971,250.971,0.03,0.04,0.96,0.97,0.01,0.01,77670.79,1777089549000
1777089551.353,251.353,0.03,0.05,0.96,0.97,0.02,0.01,77671.04,1777089550000
1777089552.194,252.194,0.03,0.05,0.95,0.97,0.02,0.02,77670.87,1777089551000
1777089553.168,253.168,0.04,0.05,0.95,0.96,0.01,0.01,77670.73,1777089552000
1777089553.505,253.505,0.03,0.04,0.95,0.97,0.01,0.02,77670.73,1777089552000
1777089554.228,254.228,0.03,0.04,0.96,0.97,0.01,0.01,77670.73,1777089553000
1777089554.602,254.602,0.03,0.04,0.96,0.97,0.01,0.01,77670.73,1777089553000
1777089555.258,255.258,0.03,0.04,0.96,0.97,0.01,0.01,77670.77,1777089554000
1777089555.864,255.864,0.03,0.04,0.96,0.97,0.01,0.01,77670.77,1777089554000
1777089556.323,256.323,0.03,0.04,0.96,0.97,0.01,0.01,77670.77,1777089554000
1777089557.166,257.166,0.03,0.04,0.96,0.97,0.01,0.01,77671.02,1777089555000
1777089557.539,257.539,0.03,0.04,0.96,0.97,0.01,0.01,77671.13,1777089556000
1777089557.946,257.946,0.03,0.04,0.96,0.97,0.01,0.01,77671.14,1777089557000
1777089558.346,258.346,0.03,0.04,0.96,0.97,0.01,0.01,77671.14,1777089557000
1777089558.783,258.783,0.03,0.04,0.96,0.97,0.01,0.01,77671.14,1777089557000
1777089559.137,259.137,0.03,0.04,0.96,0.97,0.01,0.01,77670.93,1777089558000
1777089560.071,260.071,0.03,0.04,0.96,0.97,0.01,0.01,77670.93,1777089559000
1777089560.532,260.532,0.03,0.04,0.96,0.97,0.01,0.01,77670.93,1777089559000
1777089561.107,261.107,0.03,0.04,0.96,0.97,0.01,0.01,77670.61,1777089560000
1777089561.996,261.996,0.03,0.04,0.96,0.97,0.01,0.01,77670.61,1777089560000
1777089562.36,262.36,0.03,0.04,0.96,0.97,0.01,0.01,77670.59,1777089561000
1777089562.971,262.971,0.03,0.04,0.96,0.97,0.01,0.01,77670.59,1777089561000
1777089563.385,263.385,0.03,0.04,0.96,0.97,0.01,0.01,77670.59,1777089562000
1777089563.817,263.817,0.03,0.04,0.96,0.97,0.01,0.01,77670.59,1777089562000
1777089564.294,264.294,0.03,0.04,0.96,0.97,0.01,0.01,77670.57,1777089563000
1777089564.961,264.961,0.03,0.04,0.96,0.97,0.01,0.01,77670.57,1777089563000
1777089565.323,265.323,0.03,0.04,0.96,0.97,0.01,0.01,77670.52,1777089564000
1777089565.891,265.891,0.03,0.04,0.96,0.97,0.01,0.01,77670.52,1777089564000
1777089566.237,266.237,0.03,0.04,0.96,0.97,0.01,0.01,77670.52,1777089564000
1777089566.652,266.652,0.03,0.04,0.96,0.97,0.01,0.01,77670.87,1777089565000
1777089567.039,267.039,0.03,0.04,0.96,0.97,0.01,0.01,77670.87,1777089566000
1777089567.41,267.41,0.03,0.04,0.96,0.97,0.01,0.01,77670.87,1777089566000
1777089567.863,267.863,0.03,0.04,0.96,0.97,0.01,0.01,77670.87,1777089566000
1777089568.614,268.614,0.03,0.04,0.96,0.97,0.01,0.01,77670.72,1777089567000
1777089569.241,269.241,0.03,0.04,0.96,0.97,0.01,0.01,77670.72,1777089568000
1777089569.919,269.919,0.03,0.04,0.96,0.97,0.01,0.01,77670.72,1777089568000
1777089570.382,270.382,0.03,0.04,0.96,0.97,0.01,0.01,77670.72,1777089568000
1777089570.728,270.728,0.03,0.04,0.96,0.97,0.01,0.01,77670.74,1777089569000
1777089571.197,271.197,0.02,0.03,0.96,0.98,0.01,0.02,77670.74,1777089569000
1777089571.638,271.638,0.02,0.03,0.97,0.98,0.01,0.01,77670.74,1777089569000
1777089572.01,272.01,0.02,0.03,0.97,0.98,0.01,0.01,77670.59,1777089570000
1777089572.41,272.41,0.02,0.03,0.97,0.98,0.01,0.01,77669.57,1777089571000
1777089572.784,272.784,0.02,0.03,0.97,0.98,0.01,0.01,77669.57,1777089571000
1777089573.205,273.205,0.02,0.03,0.97,0.98,0.01,0.01,77670.47,1777089572000
1777089573.654,273.654,0.02,0.03,0.97,0.98,0.01,0.01,77670.47,1777089572000
1777089574.263,274.263,0.02,0.03,0.97,0.98,0.01,0.01,77670.47,1777089573000
1777089575.056,275.056,0.02,0.03,0.97,0.98,0.01,0.01,77670.47,1777089573000
1777089575.487,275.487,0.02,0.03,0.97,0.98,0.01,0.01,77670.47,1777089573000
1777089575.931,275.931,0.02,0.03,0.97,0.98,0.01,0.01,77670.52,1777089574000
1777089576.328,276.328,0.02,0.03,0.97,0.98,0.01,0.01,77668.0,1777089575000
1777089576.691,276.691,0.02,0.03,0.97,0.98,0.01,0.01,77668.0,1777089575000
1777089577.138,277.138,0.02,0.03,0.97,0.98,0.01,0.01,77668.0,1777089575000
1777089577.668,277.668,0.02,0.03,0.97,0.98,0.01,0.01,77670.48,1777089576000
1777089578.451,278.451,0.02,0.03,0.97,0.98,0.01,0.01,77670.46,1777089577000
1777089578.793,278.793,0.02,0.03,0.97,0.98,0.01,0.01,77670.46,1777089577000
1777089579.139,279.139,0.02,0.03,0.97,0.98,0.01,0.01,77667.69,1777089578000
1777089579.499,279.499,0.02,0.03,0.97,0.98,0.01,0.01,77667.69,1777089578000
1777089579.925,279.925,0.02,0.03,0.97,0.98,0.01,0.01,77667.69,1777089578000
1777089580.364,280.364,0.02,0.03,0.97,0.98,0.01,0.01,77667.69,1777089578000
1777089580.791,280.791,0.01,0.02,0.98,0.99,0.01,0.01,77667.73,1777089579000
1777089581.21,281.21,0.01,0.02,0.98,0.99,0.01,0.01,77667.73,1777089579000
1777089581.712,281.712,0.01,0.02,0.98,0.99,0.01,0.01,77668.05,1777089580000
1777089582.05,282.05,0.01,0.02,0.98,0.99,0.01,0.01,77668.05,1777089580000
1777089582.433,282.433,0.01,0.02,0.98,0.99,0.01,0.01,77668.05,1777089580000
1777089582.818,282.818,0.01,0.02,0.98,0.99,0.01,0.01,77670.31,1777089581000
1777089583.197,283.197,0.01,0.02,0.98,0.99,0.01,0.01,77670.31,1777089581000
1777089584.099,284.099,0.01,0.02,0.98,0.99,0.01,0.01,77669.99,1777089583000
1777089584.444,284.444,0.01,0.02,0.98,0.99,0.01,0.01,77669.99,1777089583000
1777089584.949,284.949,0.01,0.02,0.98,0.99,0.01,0.01,77669.99,1777089583000
1777089585.413,285.413,0.01,0.02,0.98,0.99,0.01,0.01,77669.99,1777089583000
1777089585.777,285.777,0.01,0.02,0.98,0.99,0.01,0.01,77669.99,1777089583000
1777089586.132,286.132,0.01,0.02,0.98,0.99,0.01,0.01,77669.97,1777089584000
1777089586.572,286.572,0.01,0.02,0.98,0.99,0.01,0.01,77669.97,1777089585000
1777089586.909,286.909,0.01,0.02,0.98,0.99,0.01,0.01,77669.97,1777089585000
1777089587.471,287.471,0.01,0.01,0.99,0.99,0.0,0.0,77669.97,1777089586000
1777089587.996,287.996,0.01,0.01,0.99,0.99,0.0,0.0,77669.97,1777089586000
1777089589.363,289.363,0.01,0.01,0.99,0.99,0.0,0.0,77670.03,1777089588000
1777089589.804,289.804,0.01,0.01,0.99,0.99,0.0,0.0,77670.03,1777089588000
1777089590.336,290.336,0.01,0.01,0.99,0.99,0.0,0.0,77667.47,1777089589000
1777089590.693,290.693,0.01,0.02,0.98,0.99,0.01,0.01,77667.47,1777089589000
1777089591.125,291.125,0.01,0.02,0.98,0.99,0.01,0.01,77667.47,1777089589000
1777089591.5,291.5,0.01,0.02,0.98,0.99,0.01,0.01,77670.03,1777089590000
1777089591.999,291.999,0.01,0.02,0.86,0.99,0.01,0.13,77670.03,1777089590000
1777089592.372,292.372,0.04,0.07,0.95,0.97,0.03,0.02,77670.03,1777089590000
1777089592.711,292.711,0.02,0.07,0.96,0.97,0.05,0.01,77670.03,1777089591000
1777089593.091,293.091,0.06,0.07,0.93,0.94,0.01,0.01,77670.12,1777089592000
1777089593.434,293.434,0.11,0.12,0.88,0.89,0.01,0.01,77670.12,1777089592000
1777089593.777,293.777,0.08,0.13,0.91,0.92,0.05,0.01,77670.12,1777089592000
1777089594.126,294.126,0.09,0.11,0.88,0.91,0.02,0.03,77670.12,1777089592000
1777089594.468,294.468,0.09,0.11,0.88,0.92,0.02,0.04,77667.68,1777089593000
1777089594.845,294.845,0.12,0.13,0.87,0.88,0.01,0.01,77667.68,1777089593000
1777089595.231,295.231,0.08,0.13,0.88,0.9,0.05,0.02,77667.68,1777089593000
1777089595.61,295.61,0.07,0.09,0.91,0.92,0.02,0.01,77670.15,1777089594000
1777089595.945,295.945,0.07,0.09,0.91,0.93,0.02,0.02,77670.13,1777089595000
1777089596.347,296.347,0.02,0.1,0.89,0.9,0.08,0.01,77670.13,1777089595000
1777089596.754,296.754,0.04,0.24,0.95,0.96,0.2,0.01,77670.13,1777089595000
1777089597.094,297.094,0.68,0.91,0.09,0.12,0.23,0.03,77670.13,1777089595000
1777089597.428,297.428,0.94,0.97,0.03,0.06,0.03,0.03,77670.13,1777089595000
1777089597.762,297.762,0.95,0.96,0.04,0.05,0.01,0.01,77670.13,1777089596000
1777089598.095,298.095,0.93,0.95,0.05,0.07,0.02,0.02,77670.13,1777089596000
1777089598.429,298.429,0.93,0.94,0.06,0.07,0.01,0.01,77670.26,1777089597000
1777089598.775,298.775,0.9,0.91,0.09,0.1,0.01,0.01,77670.26,1777089597000
1777089599.111,299.111,0.88,0.89,0.11,0.12,0.01,0.01,77685.82,1777089598000
1777089599.461,299.461,0.9,0.92,0.12,0.13,0.02,0.01,77685.82,1777089598000
1777089599.801,299.801,0.98,0.99,0.01,0.02,0.01,0.01,77685.82,1777089598000
1777089600.135,300.135,0.65,0.99,0.02,0.35,0.34,0.33,77685.82,1777089598000
1777089600.473,300.473,0.04,0.99,0.01,0.96,0.95,0.95,77691.2,1777089599000
1777089600.897,300.897,0.12,0.53,0.83,0.88,0.41,0.05,77691.2,1777089599000
1777089602.688,302.688,0.13,0.15,0.85,0.87,0.02,0.02,77692.32,1777089601000

# RESULT,winner=Down,slug=btc-updown-5m-1777089300,ticks=579
