timestamp,elapsed_sec,up_bid,up_ask,down_bid,down_ask,up_spread,down_spread,btc_price,btc_oracle_ts
1776441000.885,0.885,0.5,0.51,0.49,0.5,0.01,0.01,77540.06,1776440999000
1776441001.308,1.308,0.52,0.53,0.47,0.48,0.01,0.01,77540.06,1776440999000
1776441001.753,1.753,0.52,0.53,0.47,0.48,0.01,0.01,77533.25,1776441000000
1776441002.09,2.09,0.5,0.51,0.49,0.5,0.01,0.01,77527.62,1776441001000
1776441002.433,2.433,0.45,0.51,0.49,0.55,0.06,0.06,77527.62,1776441001000
1776441002.803,2.803,0.46,0.48,0.52,0.53,0.02,0.01,77527.62,1776441001000
1776441003.741,3.741,0.45,0.46,0.53,0.55,0.01,0.02,77528.78,1776441002000
1776441004.225,4.225,0.45,0.46,0.54,0.55,0.01,0.01,77518.86,1776441003000
1776441004.62,4.62,0.44,0.46,0.55,0.57,0.02,0.02,77518.86,1776441003000
1776441005.215,5.215,0.43,0.46,0.54,0.57,0.03,0.03,77511.85,1776441004000
1776441005.56,5.56,0.45,0.46,0.54,0.58,0.01,0.04,77511.85,1776441004000
1776441006.076,6.076,0.41,0.51,0.49,0.5,0.1,0.01,77511.85,1776441004000
1776441006.42,6.42,0.36,0.42,0.58,0.63,0.06,0.05,77511.85,1776441004000
1776441006.768,6.768,0.4,0.41,0.59,0.6,0.01,0.01,77508.16,1776441005000
1776441007.239,7.239,0.4,0.41,0.59,0.6,0.01,0.01,77508.16,1776441005000
1776441007.599,7.599,0.4,0.41,0.59,0.6,0.01,0.01,77480.08,1776441006000
1776441007.939,7.939,0.4,0.41,0.59,0.6,0.01,0.01,77480.08,1776441006000
1776441008.281,8.281,0.4,0.41,0.59,0.6,0.01,0.01,77480.08,1776441006000
1776441008.619,8.619,0.4,0.41,0.59,0.6,0.01,0.01,77481.51,1776441007000
1776441009.109,9.109,0.4,0.41,0.59,0.6,0.01,0.01,77481.51,1776441007000
1776441009.486,9.486,0.4,0.41,0.59,0.6,0.01,0.01,77483.26,1776441008000
1776441009.935,9.935,0.4,0.41,0.59,0.6,0.01,0.01,77483.26,1776441008000
1776441010.407,10.407,0.4,0.41,0.59,0.6,0.01,0.01,77487.84,1776441009000
1776441010.757,10.757,0.4,0.41,0.59,0.6,0.01,0.01,77487.84,1776441009000
1776441011.385,11.385,0.4,0.41,0.59,0.6,0.01,0.01,77489.21,1776441010000
1776441011.779,11.779,0.4,0.41,0.59,0.6,0.01,0.01,77489.21,1776441010000
1776441012.318,12.318,0.4,0.41,0.59,0.6,0.01,0.01,77488.9,1776441011000
1776441012.989,12.989,0.4,0.41,0.59,0.6,0.01,0.01,77488.9,1776441011000
1776441013.385,13.385,0.4,0.41,0.59,0.6,0.01,0.01,77490.3,1776441012000
1776441013.718,13.718,0.44,0.45,0.55,0.56,0.01,0.01,77490.3,1776441012000
1776441014.092,14.092,0.45,0.46,0.54,0.55,0.01,0.01,77490.3,1776441012000
1776441014.828,14.828,0.45,0.46,0.53,0.55,0.01,0.02,77490.3,1776441012000
1776441015.169,15.169,0.46,0.5,0.51,0.54,0.04,0.03,77490.3,1776441012000
1776441015.539,15.539,0.49,0.51,0.5,0.51,0.02,0.01,77490.3,1776441012000
1776441015.873,15.873,0.49,0.5,0.5,0.51,0.01,0.01,77490.3,1776441012000
1776441016.568,16.568,0.49,0.5,0.5,0.51,0.01,0.01,77490.3,1776441012000
1776441016.945,16.945,0.49,0.5,0.5,0.51,0.01,0.01,77490.3,1776441012000
1776441017.317,17.317,0.5,0.52,0.49,0.5,0.02,0.01,77490.3,1776441012000
1776441017.737,17.737,0.51,0.52,0.48,0.49,0.01,0.01,77490.3,1776441012000
1776441018.074,18.074,0.51,0.52,0.48,0.49,0.01,0.01,77490.3,1776441012000
1776441018.425,18.425,0.5,0.52,0.48,0.49,0.02,0.01,77490.3,1776441012000
1776441018.917,18.917,0.5,0.51,0.48,0.5,0.01,0.02,77490.3,1776441012000
1776441019.341,19.341,0.5,0.51,0.49,0.5,0.01,0.01,77490.3,1776441012000
1776441019.856,19.856,0.5,0.51,0.49,0.5,0.01,0.01,77490.3,1776441012000
1776441020.191,20.191,0.5,0.51,0.49,0.5,0.01,0.01,77490.3,1776441012000
1776441020.743,20.743,0.5,0.51,0.49,0.5,0.01,0.01,77490.3,1776441012000
1776441021.219,21.219,0.5,0.51,0.49,0.5,0.01,0.01,77490.3,1776441012000
1776441021.557,21.557,0.5,0.51,0.49,0.5,0.01,0.01,77527.49,1776441020000
1776441021.993,21.993,0.5,0.51,0.49,0.5,0.01,0.01,77527.49,1776441020000
1776441022.337,22.337,0.5,0.52,0.49,0.5,0.02,0.01,77530.94,1776441021000
1776441022.684,22.684,0.52,0.53,0.48,0.49,0.01,0.01,77530.94,1776441021000
1776441023.021,23.021,0.52,0.53,0.47,0.48,0.01,0.01,77530.94,1776441021000
1776441023.398,23.398,0.52,0.54,0.47,0.48,0.02,0.01,77530.94,1776441021000
1776441023.751,23.751,0.53,0.54,0.46,0.47,0.01,0.01,77529.5,1776441022000
1776441024.372,24.372,0.53,0.54,0.46,0.47,0.01,0.01,77530.52,1776441023000
1776441024.709,24.709,0.53,0.54,0.46,0.47,0.01,0.01,77530.52,1776441023000
1776441025.159,25.159,0.53,0.54,0.46,0.47,0.01,0.01,77535.74,1776441024000
1776441025.656,25.656,0.53,0.54,0.46,0.47,0.01,0.01,77535.74,1776441024000
1776441026.102,26.102,0.53,0.54,0.46,0.47,0.01,0.01,77535.74,1776441024000
1776441026.513,26.513,0.53,0.54,0.46,0.47,0.01,0.01,77538.8,1776441025000
1776441027.114,27.114,0.53,0.54,0.46,0.47,0.01,0.01,77538.8,1776441025000
1776441027.45,27.45,0.53,0.54,0.45,0.47,0.01,0.02,77539.42,1776441026000
1776441027.856,27.856,0.53,0.54,0.46,0.47,0.01,0.01,77539.42,1776441026000
1776441028.367,28.367,0.53,0.54,0.46,0.47,0.01,0.01,77539.42,1776441026000
1776441028.722,28.722,0.53,0.54,0.46,0.47,0.01,0.01,77540.5,1776441027000
1776441029.224,29.224,0.53,0.54,0.46,0.47,0.01,0.01,77540.54,1776441028000
1776441029.663,29.663,0.54,0.55,0.45,0.47,0.01,0.02,77540.54,1776441028000
1776441030.074,30.074,0.54,0.55,0.45,0.46,0.01,0.01,77540.54,1776441028000
1776441030.425,30.425,0.51,0.52,0.48,0.49,0.01,0.01,77539.87,1776441029000
1776441030.798,30.798,0.49,0.5,0.49,0.51,0.01,0.02,77539.87,1776441029000
1776441031.154,31.154,0.49,0.5,0.5,0.51,0.01,0.01,77539.87,1776441029000
1776441031.491,31.491,0.49,0.5,0.5,0.51,0.01,0.01,77539.86,1776441030000
1776441031.827,31.827,0.49,0.5,0.5,0.51,0.01,0.01,77539.86,1776441030000
1776441032.164,32.164,0.49,0.5,0.5,0.51,0.01,0.01,77539.86,1776441030000
1776441032.512,32.512,0.49,0.5,0.5,0.51,0.01,0.01,77528.63,1776441031000
1776441032.892,32.892,0.49,0.5,0.5,0.51,0.01,0.01,77528.63,1776441031000
1776441033.294,33.294,0.49,0.5,0.5,0.52,0.01,0.02,77518.89,1776441032000
1776441033.646,33.646,0.48,0.49,0.51,0.52,0.01,0.01,77518.89,1776441032000
1776441034.417,34.417,0.47,0.49,0.51,0.52,0.02,0.01,77518.89,1776441032000
1776441034.794,34.794,0.47,0.48,0.52,0.53,0.01,0.01,77518.89,1776441032000
1776441035.21,35.21,0.47,0.48,0.52,0.53,0.01,0.01,77517.5,1776441034000
1776441035.612,35.612,0.47,0.48,0.52,0.53,0.01,0.01,77517.5,1776441034000
1776441036.543,36.543,0.47,0.48,0.52,0.53,0.01,0.01,77516.39,1776441035000
1776441036.879,36.879,0.47,0.48,0.52,0.53,0.01,0.01,77516.39,1776441035000
1776441037.228,37.228,0.55,0.56,0.45,0.5,0.01,0.05,77516.39,1776441035000
1776441037.603,37.603,0.55,0.56,0.44,0.45,0.01,0.01,77514.36,1776441036000
1776441037.971,37.971,0.55,0.56,0.43,0.45,0.01,0.02,77514.36,1776441036000
1776441038.35,38.35,0.56,0.57,0.43,0.45,0.01,0.02,77525.02,1776441037000
1776441038.764,38.764,0.56,0.57,0.43,0.44,0.01,0.01,77525.02,1776441037000
1776441039.105,39.105,0.58,0.59,0.41,0.42,0.01,0.01,77525.02,1776441037000
1776441039.464,39.464,0.58,0.59,0.41,0.42,0.01,0.01,77553.62,1776441038000
1776441039.832,39.832,0.58,0.59,0.41,0.42,0.01,0.01,77553.62,1776441038000
1776441040.211,40.211,0.59,0.6,0.4,0.42,0.01,0.02,77556.66,1776441039000
1776441040.581,40.581,0.59,0.6,0.4,0.41,0.01,0.01,77556.66,1776441039000
1776441041.006,41.006,0.6,0.61,0.39,0.41,0.01,0.02,77556.66,1776441039000
1776441041.502,41.502,0.6,0.61,0.39,0.4,0.01,0.01,77556.66,1776441039000
1776441041.871,41.871,0.6,0.61,0.39,0.4,0.01,0.01,77569.16,1776441040000
1776441042.229,42.229,0.6,0.61,0.39,0.4,0.01,0.01,77569.16,1776441040000
1776441042.604,42.604,0.6,0.61,0.39,0.4,0.01,0.01,77569.16,1776441040000
1776441042.94,42.94,0.6,0.61,0.39,0.4,0.01,0.01,77570.75,1776441041000
1776441043.388,43.388,0.6,0.61,0.39,0.4,0.01,0.01,77571.71,1776441042000
1776441043.722,43.722,0.6,0.62,0.38,0.4,0.02,0.02,77571.71,1776441042000
1776441044.077,44.077,0.62,0.63,0.35,0.38,0.01,0.03,77571.71,1776441042000
1776441044.422,44.422,0.62,0.63,0.37,0.38,0.01,0.01,77571.71,1776441042000
1776441044.768,44.768,0.62,0.63,0.37,0.38,0.01,0.01,77571.53,1776441043000
1776441045.199,45.199,0.62,0.63,0.37,0.38,0.01,0.01,77571.53,1776441043000
1776441045.583,45.583,0.62,0.63,0.37,0.38,0.01,0.01,77579.19,1776441044000
1776441045.98,45.98,0.62,0.63,0.37,0.38,0.01,0.01,77579.19,1776441044000
1776441046.327,46.327,0.62,0.63,0.37,0.38,0.01,0.01,77577.15,1776441045000
1776441046.665,46.665,0.62,0.63,0.37,0.38,0.01,0.01,77577.15,1776441045000
1776441047.026,47.026,0.62,0.63,0.37,0.38,0.01,0.01,77577.15,1776441045000
1776441047.372,47.372,0.62,0.63,0.37,0.38,0.01,0.01,77577.15,1776441045000
1776441047.738,47.738,0.62,0.63,0.37,0.38,0.01,0.01,77577.15,1776441045000
1776441048.097,48.097,0.62,0.63,0.37,0.38,0.01,0.01,77573.71,1776441046000
1776441048.456,48.456,0.62,0.63,0.37,0.38,0.01,0.01,77573.71,1776441046000
1776441048.844,48.844,0.62,0.63,0.37,0.38,0.01,0.01,77579.49,1776441047000
1776441049.335,49.335,0.62,0.63,0.37,0.38,0.01,0.01,77579.34,1776441048000
1776441049.686,49.686,0.62,0.63,0.37,0.38,0.01,0.01,77579.34,1776441048000
1776441050.288,50.288,0.62,0.63,0.37,0.38,0.01,0.01,77579.34,1776441048000
1776441050.68,50.68,0.62,0.63,0.37,0.38,0.01,0.01,77578.96,1776441049000
1776441051.481,51.481,0.62,0.63,0.37,0.38,0.01,0.01,77578.96,1776441049000
1776441051.859,51.859,0.62,0.63,0.37,0.38,0.01,0.01,77582.07,1776441050000
1776441052.201,52.201,0.65,0.66,0.34,0.35,0.01,0.01,77580.98,1776441051000
1776441052.626,52.626,0.66,0.67,0.34,0.35,0.01,0.01,77580.98,1776441051000
1776441053.029,53.029,0.67,0.68,0.32,0.33,0.01,0.01,77580.98,1776441051000
1776441053.367,53.367,0.67,0.68,0.32,0.33,0.01,0.01,77580.98,1776441051000
1776441053.702,53.702,0.67,0.68,0.32,0.33,0.01,0.01,77581.51,1776441052000
1776441054.132,54.132,0.68,0.69,0.3,0.32,0.01,0.02,77591.84,1776441053000
1776441054.489,54.489,0.68,0.7,0.3,0.32,0.02,0.02,77591.84,1776441053000
1776441054.859,54.859,0.69,0.7,0.3,0.32,0.01,0.02,77591.84,1776441053000
1776441055.192,55.192,0.7,0.71,0.29,0.3,0.01,0.01,77605.52,1776441054000
1776441055.532,55.532,0.7,0.71,0.29,0.3,0.01,0.01,77605.52,1776441054000
1776441055.966,55.966,0.71,0.72,0.28,0.29,0.01,0.01,77605.52,1776441054000
1776441056.301,56.301,0.71,0.72,0.28,0.29,0.01,0.01,77609.18,1776441055000
1776441056.996,56.996,0.72,0.73,0.27,0.28,0.01,0.01,77609.18,1776441055000
1776441057.373,57.373,0.72,0.73,0.27,0.28,0.01,0.01,77609.18,1776441055000
1776441057.772,57.772,0.72,0.73,0.27,0.28,0.01,0.01,77622.35,1776441056000
1776441058.519,58.519,0.72,0.73,0.27,0.28,0.01,0.01,77622.21,1776441057000
1776441058.953,58.953,0.72,0.73,0.27,0.28,0.01,0.01,77621.09,1776441058000
1776441059.914,59.914,0.72,0.73,0.27,0.28,0.01,0.01,77621.09,1776441058000
1776441060.297,60.297,0.72,0.73,0.27,0.28,0.01,0.01,77619.69,1776441059000
1776441060.677,60.677,0.72,0.73,0.27,0.28,0.01,0.01,77619.69,1776441059000
1776441061.015,61.015,0.72,0.73,0.27,0.28,0.01,0.01,77619.69,1776441059000
1776441061.434,61.434,0.71,0.73,0.27,0.28,0.02,0.01,77616.23,1776441060000
1776441061.812,61.812,0.72,0.73,0.27,0.28,0.01,0.01,77616.23,1776441060000
1776441062.145,62.145,0.72,0.73,0.27,0.28,0.01,0.01,77616.23,1776441060000
1776441062.513,62.513,0.72,0.73,0.27,0.28,0.01,0.01,77617.01,1776441061000
1776441062.862,62.862,0.72,0.73,0.27,0.28,0.01,0.01,77617.01,1776441061000
1776441063.211,63.211,0.72,0.73,0.27,0.28,0.01,0.01,77617.01,1776441061000
1776441063.63,63.63,0.72,0.73,0.27,0.28,0.01,0.01,77612.97,1776441062000
1776441063.986,63.986,0.72,0.73,0.27,0.28,0.01,0.01,77612.97,1776441062000
1776441064.322,64.322,0.72,0.73,0.27,0.28,0.01,0.01,77613.88,1776441063000
1776441064.869,64.869,0.72,0.73,0.27,0.28,0.01,0.01,77613.88,1776441063000
1776441065.238,65.238,0.72,0.73,0.27,0.28,0.01,0.01,77616.34,1776441064000
1776441065.623,65.623,0.72,0.73,0.27,0.28,0.01,0.01,77616.34,1776441064000
1776441066.01,66.01,0.72,0.73,0.27,0.28,0.01,0.01,77616.34,1776441064000
1776441066.408,66.408,0.72,0.73,0.27,0.28,0.01,0.01,77616.36,1776441065000
1776441066.806,66.806,0.72,0.73,0.27,0.28,0.01,0.01,77616.36,1776441065000
1776441067.315,67.315,0.72,0.73,0.27,0.28,0.01,0.01,77616.36,1776441065000
1776441067.812,67.812,0.73,0.74,0.26,0.28,0.01,0.02,77610.81,1776441066000
1776441068.234,68.234,0.74,0.75,0.25,0.26,0.01,0.01,77610.74,1776441067000
1776441068.581,68.581,0.74,0.77,0.23,0.26,0.03,0.03,77610.74,1776441067000
1776441068.946,68.946,0.76,0.77,0.23,0.24,0.01,0.01,77610.74,1776441067000
1776441069.306,69.306,0.76,0.77,0.23,0.24,0.01,0.01,77622.53,1776441068000
1776441069.703,69.703,0.76,0.77,0.23,0.24,0.01,0.01,77622.53,1776441068000
1776441070.062,70.062,0.77,0.78,0.22,0.23,0.01,0.01,77622.53,1776441068000
1776441070.428,70.428,0.77,0.78,0.22,0.23,0.01,0.01,77630.23,1776441069000
1776441070.908,70.908,0.77,0.78,0.22,0.23,0.01,0.01,77630.23,1776441069000
1776441071.372,71.372,0.77,0.78,0.22,0.23,0.01,0.01,77633.58,1776441070000
1776441071.747,71.747,0.77,0.78,0.22,0.23,0.01,0.01,77633.58,1776441070000
1776441072.091,72.091,0.77,0.79,0.22,0.23,0.02,0.01,77635.44,1776441071000
1776441072.7,72.7,0.8,0.82,0.19,0.21,0.02,0.02,77635.44,1776441071000
1776441073.091,73.091,0.82,0.84,0.16,0.18,0.02,0.02,77643.32,1776441072000
1776441073.441,73.441,0.83,0.84,0.16,0.17,0.01,0.01,77643.32,1776441072000
1776441073.774,73.774,0.83,0.85,0.15,0.17,0.02,0.02,77643.32,1776441072000
1776441074.119,74.119,0.84,0.85,0.15,0.16,0.01,0.01,77643.32,1776441072000
1776441074.517,74.517,0.84,0.85,0.15,0.16,0.01,0.01,77652.77,1776441073000
1776441074.952,74.952,0.84,0.85,0.15,0.16,0.01,0.01,77652.77,1776441073000
1776441075.577,75.577,0.84,0.85,0.15,0.16,0.01,0.01,77665.88,1776441074000
1776441075.914,75.914,0.86,0.87,0.14,0.15,0.01,0.01,77665.88,1776441074000
1776441076.34,76.34,0.88,0.89,0.11,0.13,0.01,0.02,77665.88,1776441074000
1776441076.692,76.692,0.88,0.89,0.11,0.13,0.01,0.02,77670.01,1776441075000
1776441077.042,77.042,0.88,0.89,0.11,0.12,0.01,0.01,77672.19,1776441076000
1776441077.513,77.513,0.88,0.89,0.11,0.12,0.01,0.01,77672.19,1776441076000
1776441077.882,77.882,0.88,0.89,0.11,0.12,0.01,0.01,77672.19,1776441076000
1776441078.536,78.536,0.88,0.89,0.11,0.12,0.01,0.01,77685.39,1776441077000
1776441078.916,78.916,0.88,0.89,0.11,0.12,0.01,0.01,77685.39,1776441077000
1776441079.444,79.444,0.88,0.89,0.11,0.12,0.01,0.01,77688.81,1776441078000
1776441079.879,79.879,0.88,0.89,0.11,0.12,0.01,0.01,77688.81,1776441078000
1776441080.369,80.369,0.88,0.89,0.11,0.12,0.01,0.01,77688.81,1776441078000
1776441080.76,80.76,0.88,0.89,0.11,0.12,0.01,0.01,77688.81,1776441078000
1776441081.1,81.1,0.88,0.89,0.11,0.12,0.01,0.01,77691.25,1776441079000
1776441081.517,81.517,0.88,0.89,0.11,0.12,0.01,0.01,77691.25,1776441079000
1776441081.968,81.968,0.88,0.89,0.11,0.12,0.01,0.01,77690.13,1776441080000
1776441082.306,82.306,0.88,0.89,0.11,0.12,0.01,0.01,77692.36,1776441081000
1776441082.661,82.661,0.88,0.89,0.11,0.12,0.01,0.01,77692.36,1776441081000
1776441083.014,83.014,0.88,0.89,0.11,0.12,0.01,0.01,77695.73,1776441082000
1776441083.367,83.367,0.89,0.9,0.1,0.11,0.01,0.01,77695.73,1776441082000
1776441083.913,83.913,0.89,0.9,0.1,0.11,0.01,0.01,77695.73,1776441082000
1776441084.365,84.365,0.89,0.9,0.1,0.11,0.01,0.01,77699.85,1776441083000
1776441084.854,84.854,0.88,0.89,0.1,0.12,0.01,0.02,77699.85,1776441083000
1776441085.497,85.497,0.88,0.89,0.11,0.12,0.01,0.01,77699.85,1776441083000
1776441085.875,85.875,0.88,0.9,0.11,0.12,0.02,0.01,77704.84,1776441084000
1776441086.243,86.243,0.88,0.89,0.1,0.12,0.01,0.02,77700.55,1776441085000
1776441086.606,86.606,0.88,0.89,0.11,0.12,0.01,0.01,77700.55,1776441085000
1776441086.94,86.94,0.88,0.89,0.11,0.12,0.01,0.01,77700.55,1776441085000
1776441087.488,87.488,0.88,0.89,0.1,0.12,0.01,0.02,77700.55,1776441085000
1776441087.828,87.828,0.88,0.89,0.11,0.12,0.01,0.01,77700.55,1776441085000
1776441088.162,88.162,0.89,0.9,0.1,0.11,0.01,0.01,77698.43,1776441086000
1776441088.518,88.518,0.89,0.9,0.1,0.11,0.01,0.01,77698.43,1776441086000
1776441088.865,88.865,0.89,0.9,0.1,0.11,0.01,0.01,77700.7,1776441087000
1776441089.212,89.212,0.89,0.9,0.1,0.11,0.01,0.01,77700.7,1776441087000
1776441089.602,89.602,0.89,0.9,0.1,0.11,0.01,0.01,77698.54,1776441088000
1776441090.118,90.118,0.88,0.9,0.1,0.11,0.02,0.01,77698.54,1776441088000
1776441090.455,90.455,0.88,0.89,0.11,0.12,0.01,0.01,77699.83,1776441089000
1776441090.833,90.833,0.88,0.89,0.11,0.12,0.01,0.01,77699.83,1776441089000
1776441091.167,91.167,0.86,0.87,0.11,0.14,0.01,0.03,77698.75,1776441090000
1776441091.561,91.561,0.86,0.87,0.13,0.14,0.01,0.01,77698.75,1776441090000
1776441091.975,91.975,0.86,0.87,0.13,0.14,0.01,0.01,77698.75,1776441090000
1776441092.315,92.315,0.86,0.87,0.13,0.14,0.01,0.01,77698.75,1776441090000
1776441092.661,92.661,0.85,0.86,0.13,0.15,0.01,0.02,77698.75,1776441090000
1776441093.031,93.031,0.85,0.86,0.14,0.15,0.01,0.01,77694.25,1776441091000
1776441093.373,93.373,0.85,0.86,0.14,0.15,0.01,0.01,77694.25,1776441091000
1776441093.783,93.783,0.85,0.86,0.14,0.15,0.01,0.01,77687.61,1776441092000
1776441094.327,94.327,0.85,0.86,0.14,0.15,0.01,0.01,77687.61,1776441092000
1776441094.753,94.753,0.85,0.86,0.14,0.15,0.01,0.01,77675.95,1776441093000
1776441095.125,95.125,0.85,0.86,0.14,0.15,0.01,0.01,77675.95,1776441093000
1776441095.567,95.567,0.86,0.87,0.14,0.15,0.01,0.01,77672.33,1776441094000
1776441095.9,95.9,0.86,0.87,0.13,0.14,0.01,0.01,77672.33,1776441094000
1776441096.245,96.245,0.86,0.87,0.13,0.14,0.01,0.01,77672.33,1776441094000
1776441096.583,96.583,0.86,0.87,0.13,0.14,0.01,0.01,77672.33,1776441094000
1776441097.004,97.004,0.86,0.87,0.13,0.14,0.01,0.01,77679.27,1776441095000
1776441097.45,97.45,0.86,0.87,0.13,0.14,0.01,0.01,77679.27,1776441095000
1776441097.785,97.785,0.86,0.88,0.13,0.14,0.02,0.01,77679.87,1776441096000
1776441098.133,98.133,0.88,0.89,0.11,0.12,0.01,0.01,77679.87,1776441096000
1776441098.654,98.654,0.88,0.89,0.11,0.12,0.01,0.01,77684.82,1776441097000
1776441099.199,99.199,0.89,0.9,0.1,0.11,0.01,0.01,77684.82,1776441097000
1776441099.542,99.542,0.89,0.9,0.1,0.11,0.01,0.01,77688.13,1776441098000
1776441099.894,99.894,0.89,0.9,0.1,0.11,0.01,0.01,77688.13,1776441098000
1776441100.274,100.274,0.89,0.9,0.1,0.11,0.01,0.01,77688.13,1776441098000
1776441100.679,100.679,0.89,0.9,0.1,0.11,0.01,0.01,77696.63,1776441099000
1776441101.025,101.025,0.89,0.91,0.1,0.11,0.02,0.01,77696.63,1776441099000
1776441101.367,101.367,0.89,0.91,0.09,0.11,0.02,0.02,77696.06,1776441100000
1776441101.75,101.75,0.9,0.91,0.09,0.1,0.01,0.01,77696.06,1776441100000
1776441102.084,102.084,0.9,0.91,0.09,0.1,0.01,0.01,77696.06,1776441100000
1776441102.51,102.51,0.9,0.91,0.09,0.1,0.01,0.01,77696.06,1776441100000
1776441103.308,103.308,0.9,0.91,0.09,0.1,0.01,0.01,77695.84,1776441102000
1776441103.659,103.659,0.9,0.91,0.09,0.1,0.01,0.01,77695.84,1776441102000
1776441104.057,104.057,0.9,0.91,0.09,0.1,0.01,0.01,77695.84,1776441102000
1776441104.492,104.492,0.9,0.91,0.09,0.1,0.01,0.01,77700.67,1776441103000
1776441104.844,104.844,0.9,0.91,0.09,0.1,0.01,0.01,77700.67,1776441103000
1776441105.279,105.279,0.9,0.91,0.09,0.1,0.01,0.01,77702.29,1776441104000
1776441105.661,105.661,0.9,0.91,0.09,0.1,0.01,0.01,77702.29,1776441104000
1776441106.379,106.379,0.9,0.91,0.09,0.1,0.01,0.01,77702.29,1776441104000
1776441106.747,106.747,0.9,0.91,0.09,0.1,0.01,0.01,77702.29,1776441105000
1776441107.13,107.13,0.9,0.91,0.09,0.1,0.01,0.01,77702.29,1776441105000
1776441107.513,107.513,0.9,0.91,0.09,0.11,0.01,0.02,77702.85,1776441106000
1776441107.974,107.974,0.9,0.91,0.09,0.1,0.01,0.01,77702.85,1776441106000
1776441108.338,108.338,0.9,0.91,0.09,0.1,0.01,0.01,77702.85,1776441106000
1776441108.716,108.716,0.91,0.92,0.08,0.09,0.01,0.01,77702.78,1776441107000
1776441109.055,109.055,0.91,0.92,0.08,0.09,0.01,0.01,77703.35,1776441108000
1776441109.391,109.391,0.91,0.92,0.08,0.09,0.01,0.01,77703.35,1776441108000
1776441109.725,109.725,0.91,0.92,0.08,0.09,0.01,0.01,77703.35,1776441108000
1776441110.23,110.23,0.91,0.92,0.08,0.09,0.01,0.01,77703.35,1776441108000
1776441110.586,110.586,0.91,0.92,0.08,0.09,0.01,0.01,77706.69,1776441109000
1776441110.936,110.936,0.91,0.92,0.08,0.09,0.01,0.01,77706.69,1776441109000
1776441111.312,111.312,0.91,0.92,0.08,0.09,0.01,0.01,77710.56,1776441110000
1776441111.725,111.725,0.91,0.92,0.08,0.09,0.01,0.01,77710.56,1776441110000
1776441112.075,112.075,0.91,0.92,0.08,0.09,0.01,0.01,77710.56,1776441110000
1776441112.414,112.414,0.91,0.92,0.08,0.09,0.01,0.01,77719.48,1776441111000
1776441112.842,112.842,0.91,0.92,0.08,0.09,0.01,0.01,77719.48,1776441111000
1776441113.293,113.293,0.91,0.92,0.08,0.09,0.01,0.01,77719.48,1776441111000
1776441113.693,113.693,0.91,0.92,0.08,0.09,0.01,0.01,77713.7,1776441112000
1776441114.224,114.224,0.92,0.93,0.07,0.09,0.01,0.02,77713.7,1776441112000
1776441114.562,114.562,0.92,0.93,0.07,0.08,0.01,0.01,77712.62,1776441113000
1776441115.02,115.02,0.92,0.93,0.07,0.08,0.01,0.01,77712.62,1776441113000
1776441115.438,115.438,0.91,0.92,0.07,0.09,0.01,0.02,77712.62,1776441113000
1776441115.926,115.926,0.91,0.92,0.08,0.09,0.01,0.01,77708.41,1776441114000
1776441116.302,116.302,0.92,0.93,0.07,0.08,0.01,0.01,77710.17,1776441115000
1776441116.712,116.712,0.92,0.93,0.07,0.08,0.01,0.01,77710.17,1776441115000
1776441117.061,117.061,0.92,0.93,0.07,0.08,0.01,0.01,77710.17,1776441115000
1776441117.668,117.668,0.92,0.93,0.07,0.08,0.01,0.01,77710.17,1776441115000
1776441118.034,118.034,0.92,0.93,0.07,0.08,0.01,0.01,77714.91,1776441116000
1776441118.448,118.448,0.92,0.93,0.07,0.08,0.01,0.01,77714.91,1776441116000
1776441118.785,118.785,0.92,0.93,0.07,0.08,0.01,0.01,77716.3,1776441117000
1776441119.15,119.15,0.92,0.93,0.07,0.08,0.01,0.01,77714.28,1776441118000
1776441119.505,119.505,0.92,0.93,0.07,0.08,0.01,0.01,77714.28,1776441118000
1776441119.855,119.855,0.92,0.93,0.07,0.08,0.01,0.01,77714.28,1776441118000
1776441120.191,120.191,0.92,0.93,0.07,0.08,0.01,0.01,77714.28,1776441118000
1776441120.555,120.555,0.92,0.93,0.07,0.08,0.01,0.01,77709.2,1776441119000
1776441120.919,120.919,0.91,0.92,0.07,0.09,0.01,0.02,77709.2,1776441119000
1776441121.255,121.255,0.9,0.91,0.09,0.1,0.01,0.01,77708.17,1776441120000
1776441121.753,121.753,0.91,0.92,0.09,0.1,0.01,0.01,77708.17,1776441120000
1776441122.129,122.129,0.91,0.92,0.08,0.09,0.01,0.01,77708.17,1776441120000
1776441122.501,122.501,0.91,0.92,0.08,0.09,0.01,0.01,77699.64,1776441121000
1776441122.835,122.835,0.91,0.92,0.08,0.09,0.01,0.01,77699.64,1776441121000
1776441123.264,123.264,0.91,0.92,0.08,0.09,0.01,0.01,77699.64,1776441121000
1776441123.631,123.631,0.91,0.92,0.08,0.09,0.01,0.01,77695.34,1776441122000
1776441124.161,124.161,0.91,0.92,0.08,0.09,0.01,0.01,77695.34,1776441122000
1776441124.51,124.51,0.91,0.93,0.07,0.09,0.02,0.02,77694.9,1776441123000
1776441124.91,124.91,0.92,0.93,0.07,0.08,0.01,0.01,77694.9,1776441123000
1776441125.286,125.286,0.92,0.93,0.07,0.08,0.01,0.01,77696.43,1776441124000
1776441125.736,125.736,0.92,0.93,0.07,0.08,0.01,0.01,77696.43,1776441124000
1776441126.071,126.071,0.93,0.94,0.06,0.07,0.01,0.01,77697.8,1776441125000
1776441126.619,126.619,0.93,0.94,0.06,0.07,0.01,0.01,77697.8,1776441125000
1776441126.989,126.989,0.93,0.94,0.06,0.07,0.01,0.01,77698.05,1776441126000
1776441127.34,127.34,0.94,0.95,0.05,0.06,0.01,0.01,77698.05,1776441126000
1776441127.741,127.741,0.94,0.95,0.05,0.06,0.01,0.01,77698.05,1776441126000
1776441128.077,128.077,0.94,0.95,0.05,0.06,0.01,0.01,77698.13,1776441127000
1776441128.45,128.45,0.94,0.95,0.05,0.06,0.01,0.01,77698.13,1776441127000
1776441128.838,128.838,0.94,0.95,0.05,0.06,0.01,0.01,77698.13,1776441127000
1776441129.207,129.207,0.94,0.95,0.05,0.06,0.01,0.01,77706,1776441128000
1776441129.702,129.702,0.94,0.95,0.05,0.06,0.01,0.01,77706,1776441128000
1776441130.205,130.205,0.94,0.95,0.05,0.06,0.01,0.01,77706,1776441128000
1776441130.539,130.539,0.94,0.95,0.05,0.06,0.01,0.01,77717.59,1776441129000
1776441130.885,130.885,0.94,0.95,0.05,0.06,0.01,0.01,77717.59,1776441129000
1776441131.236,131.236,0.94,0.95,0.05,0.06,0.01,0.01,77717.59,1776441129000
1776441131.584,131.584,0.94,0.95,0.05,0.06,0.01,0.01,77717.59,1776441129000
1776441131.923,131.923,0.94,0.95,0.05,0.06,0.01,0.01,77719.0,1776441130000
1776441132.326,132.326,0.94,0.95,0.05,0.06,0.01,0.01,77714.58,1776441131000
1776441132.778,132.778,0.94,0.95,0.05,0.06,0.01,0.01,77714.58,1776441131000
1776441133.205,133.205,0.94,0.96,0.05,0.06,0.02,0.01,77714.58,1776441131000
1776441133.569,133.569,0.95,0.96,0.04,0.05,0.01,0.01,77713.73,1776441132000
1776441133.949,133.949,0.95,0.96,0.04,0.05,0.01,0.01,77713.73,1776441132000
1776441134.321,134.321,0.95,0.96,0.04,0.05,0.01,0.01,77714.65,1776441133000
1776441134.777,134.777,0.95,0.96,0.04,0.05,0.01,0.01,77714.65,1776441133000
1776441135.163,135.163,0.95,0.96,0.04,0.05,0.01,0.01,77714.65,1776441133000
1776441135.521,135.521,0.95,0.96,0.04,0.05,0.01,0.01,77715.67,1776441134000
1776441135.866,135.866,0.95,0.96,0.04,0.05,0.01,0.01,77715.67,1776441134000
1776441136.282,136.282,0.95,0.96,0.04,0.05,0.01,0.01,77715.67,1776441134000
1776441136.779,136.779,0.94,0.95,0.04,0.05,0.01,0.01,77717.35,1776441135000
1776441137.245,137.245,0.94,0.95,0.05,0.06,0.01,0.01,77717.35,1776441135000
1776441137.675,137.675,0.94,0.95,0.05,0.06,0.01,0.01,77717.35,1776441136000
1776441138.01,138.01,0.94,0.95,0.05,0.06,0.01,0.01,77717.35,1776441136000
1776441138.414,138.414,0.94,0.95,0.05,0.06,0.01,0.01,77717.35,1776441137000
1776441138.806,138.806,0.94,0.95,0.05,0.06,0.01,0.01,77717.35,1776441137000
1776441139.164,139.164,0.94,0.96,0.04,0.06,0.02,0.02,77716.82,1776441138000
1776441139.553,139.553,0.95,0.96,0.04,0.05,0.01,0.01,77716.82,1776441138000
1776441139.907,139.907,0.95,0.96,0.04,0.05,0.01,0.01,77716.82,1776441138000
1776441140.273,140.273,0.95,0.96,0.04,0.05,0.01,0.01,77714.07,1776441139000
1776441140.656,140.656,0.95,0.96,0.04,0.05,0.01,0.01,77714.07,1776441139000
1776441141.077,141.077,0.95,0.96,0.04,0.05,0.01,0.01,77714.07,1776441139000
1776441141.438,141.438,0.95,0.96,0.04,0.05,0.01,0.01,77714.07,1776441139000
1776441141.819,141.819,0.95,0.96,0.04,0.05,0.01,0.01,77714.86,1776441140000
1776441142.425,142.425,0.95,0.96,0.04,0.05,0.01,0.01,77718.23,1776441141000
1776441142.806,142.806,0.95,0.96,0.04,0.05,0.01,0.01,77718.23,1776441141000
1776441143.158,143.158,0.95,0.96,0.04,0.05,0.01,0.01,77718.23,1776441141000
1776441143.502,143.502,0.95,0.96,0.04,0.05,0.01,0.01,77715.45,1776441142000
1776441144.103,144.103,0.95,0.96,0.04,0.05,0.01,0.01,77715.45,1776441142000
1776441144.441,144.441,0.95,0.96,0.04,0.05,0.01,0.01,77712.42,1776441143000
1776441144.804,144.804,0.95,0.96,0.04,0.05,0.01,0.01,77712.42,1776441143000
1776441145.615,145.615,0.94,0.95,0.04,0.06,0.01,0.02,77710.03,1776441144000
1776441146.476,146.476,0.94,0.95,0.05,0.06,0.01,0.01,77710.03,1776441144000
1776441146.827,146.827,0.94,0.95,0.05,0.06,0.01,0.01,77707.68,1776441145000
1776441147.551,147.551,0.92,0.94,0.06,0.08,0.02,0.02,77698.84,1776441146000
1776441148.009,148.009,0.92,0.93,0.07,0.08,0.01,0.01,77698.84,1776441146000
1776441148.371,148.371,0.92,0.93,0.07,0.08,0.01,0.01,77696.23,1776441147000
1776441148.751,148.751,0.92,0.93,0.07,0.08,0.01,0.01,77696.23,1776441147000
1776441149.52,149.52,0.92,0.93,0.07,0.08,0.01,0.01,77696.23,1776441147000
1776441149.872,149.872,0.92,0.93,0.07,0.08,0.01,0.01,77681.93,1776441148000
1776441150.221,150.221,0.92,0.93,0.07,0.08,0.01,0.01,77681.78,1776441149000
1776441150.705,150.705,0.92,0.93,0.07,0.08,0.01,0.01,77681.78,1776441149000
1776441151.084,151.084,0.93,0.94,0.06,0.07,0.01,0.01,77681.78,1776441149000
1776441151.468,151.468,0.93,0.94,0.06,0.07,0.01,0.01,77680.05,1776441150000
1776441151.865,151.865,0.93,0.94,0.06,0.07,0.01,0.01,77680.05,1776441150000
1776441152.404,152.404,0.93,0.94,0.06,0.07,0.01,0.01,77678.66,1776441151000
1776441152.76,152.76,0.93,0.94,0.06,0.07,0.01,0.01,77678.66,1776441151000
1776441153.15,153.15,0.93,0.94,0.06,0.07,0.01,0.01,77678.66,1776441151000
1776441153.549,153.549,0.94,0.95,0.06,0.07,0.01,0.01,77678.66,1776441151000
1776441153.975,153.975,0.94,0.95,0.05,0.06,0.01,0.01,77686.54,1776441153000
1776441154.314,154.314,0.94,0.95,0.05,0.06,0.01,0.01,77686.54,1776441153000
1776441154.912,154.912,0.94,0.95,0.05,0.06,0.01,0.01,77686.54,1776441153000
1776441155.274,155.274,0.93,0.95,0.05,0.07,0.02,0.02,77689.12,1776441154000
1776441156.38,156.38,0.93,0.94,0.06,0.07,0.01,0.01,77691.31,1776441155000
1776441156.916,156.916,0.92,0.93,0.07,0.08,0.01,0.01,77688.4,1776441156000
1776441157.299,157.299,0.92,0.93,0.07,0.08,0.01,0.01,77688.4,1776441156000
1776441157.7,157.7,0.92,0.93,0.07,0.08,0.01,0.01,77688.4,1776441156000
1776441158.081,158.081,0.92,0.93,0.07,0.08,0.01,0.01,77688.4,1776441156000
1776441158.546,158.546,0.91,0.92,0.08,0.09,0.01,0.01,77681.66,1776441157000
1776441159.193,159.193,0.91,0.92,0.08,0.09,0.01,0.01,77679.08,1776441158000
1776441159.768,159.768,0.91,0.92,0.08,0.09,0.01,0.01,77679.08,1776441158000
1776441160.152,160.152,0.91,0.92,0.08,0.09,0.01,0.01,77679.08,1776441158000
1776441160.517,160.517,0.91,0.92,0.08,0.09,0.01,0.01,77678.12,1776441159000
1776441161.058,161.058,0.91,0.92,0.08,0.09,0.01,0.01,77678.12,1776441160000
1776441161.448,161.448,0.91,0.93,0.08,0.09,0.02,0.01,77678.12,1776441160000
1776441161.796,161.796,0.93,0.94,0.06,0.07,0.01,0.01,77678.12,1776441160000
1776441162.168,162.168,0.94,0.95,0.05,0.06,0.01,0.01,77678.12,1776441160000
1776441162.822,162.822,0.94,0.95,0.05,0.06,0.01,0.01,77678.12,1776441160000
1776441163.209,163.209,0.94,0.95,0.05,0.06,0.01,0.01,77678.12,1776441160000
1776441163.624,163.624,0.94,0.95,0.05,0.06,0.01,0.01,77678.12,1776441160000
1776441164.05,164.05,0.94,0.95,0.05,0.06,0.01,0.01,77678.12,1776441160000
1776441164.581,164.581,0.94,0.95,0.05,0.06,0.01,0.01,77684.99,1776441162000
1776441165.017,165.017,0.94,0.95,0.05,0.06,0.01,0.01,77688.91,1776441163000
1776441165.495,165.495,0.94,0.95,0.05,0.06,0.01,0.01,77688.91,1776441163000
1776441165.842,165.842,0.94,0.95,0.05,0.06,0.01,0.01,77688.91,1776441163000
1776441166.176,166.176,0.94,0.95,0.05,0.06,0.01,0.01,77683.56,1776441164000
1776441166.546,166.546,0.94,0.95,0.05,0.06,0.01,0.01,77683.56,1776441164000
1776441166.896,166.896,0.93,0.95,0.05,0.07,0.02,0.02,77692.23,1776441165000
1776441167.326,167.326,0.93,0.94,0.05,0.07,0.01,0.02,77692.76,1776441166000
1776441167.666,167.666,0.93,0.94,0.06,0.07,0.01,0.01,77692.76,1776441166000
1776441168.17,168.17,0.93,0.94,0.06,0.07,0.01,0.01,77692.76,1776441166000
1776441168.516,168.516,0.92,0.94,0.06,0.08,0.02,0.02,77691.49,1776441167000
1776441168.89,168.89,0.92,0.93,0.07,0.08,0.01,0.01,77691.49,1776441167000
1776441169.309,169.309,0.91,0.92,0.08,0.09,0.01,0.01,77688.52,1776441168000
1776441169.713,169.713,0.91,0.92,0.08,0.09,0.01,0.01,77688.52,1776441168000
1776441170.266,170.266,0.91,0.92,0.08,0.09,0.01,0.01,77688.52,1776441168000
1776441170.739,170.739,0.91,0.92,0.08,0.09,0.01,0.01,77688.52,1776441168000
1776441171.092,171.092,0.91,0.92,0.08,0.09,0.01,0.01,77679.22,1776441169000
1776441171.535,171.535,0.91,0.92,0.08,0.09,0.01,0.01,77679.22,1776441169000
1776441172.055,172.055,0.91,0.92,0.08,0.09,0.01,0.01,77676.59,1776441170000
1776441172.482,172.482,0.9,0.92,0.08,0.1,0.02,0.02,77676.59,1776441170000
1776441172.844,172.844,0.91,0.92,0.08,0.09,0.01,0.01,77676.33,1776441171000
1776441173.295,173.295,0.91,0.92,0.08,0.09,0.01,0.01,77676.33,1776441171000
1776441173.776,173.776,0.91,0.92,0.08,0.09,0.01,0.01,77668.8,1776441172000
1776441174.183,174.183,0.91,0.93,0.07,0.09,0.02,0.02,77665.59,1776441173000
1776441175.011,175.011,0.92,0.93,0.07,0.08,0.01,0.01,77665.59,1776441173000
1776441175.579,175.579,0.91,0.92,0.07,0.08,0.01,0.01,77665.59,1776441173000
1776441176.022,176.022,0.91,0.92,0.08,0.09,0.01,0.01,77667.23,1776441174000
1776441176.434,176.434,0.9,0.91,0.09,0.1,0.01,0.01,77670.46,1776441175000
1776441176.777,176.777,0.9,0.91,0.09,0.1,0.01,0.01,77670.46,1776441175000
1776441177.176,177.176,0.9,0.91,0.09,0.1,0.01,0.01,77668.73,1776441176000
1776441177.616,177.616,0.9,0.91,0.09,0.1,0.01,0.01,77668.73,1776441176000
1776441178.078,178.078,0.9,0.91,0.09,0.1,0.01,0.01,77668.73,1776441176000
1776441178.433,178.433,0.9,0.91,0.09,0.1,0.01,0.01,77668.73,1776441176000
1776441178.873,178.873,0.9,0.91,0.09,0.1,0.01,0.01,77662.8,1776441177000
1776441179.226,179.226,0.9,0.91,0.09,0.1,0.01,0.01,77662.8,1776441177000
1776441179.612,179.612,0.9,0.91,0.09,0.1,0.01,0.01,77663.32,1776441178000
1776441179.947,179.947,0.9,0.91,0.09,0.1,0.01,0.01,77663.32,1776441178000
1776441180.299,180.299,0.9,0.91,0.09,0.1,0.01,0.01,77663.32,1776441178000
1776441180.749,180.749,0.91,0.92,0.08,0.1,0.01,0.02,77663.32,1776441178000
1776441181.134,181.134,0.91,0.92,0.08,0.09,0.01,0.01,77663.03,1776441179000
1776441181.573,181.573,0.91,0.92,0.08,0.09,0.01,0.01,77662.26,1776441180000
1776441181.921,181.921,0.91,0.92,0.08,0.09,0.01,0.01,77662.26,1776441180000
1776441182.256,182.256,0.91,0.92,0.08,0.09,0.01,0.01,77661.32,1776441181000
1776441182.95,182.95,0.91,0.92,0.08,0.09,0.01,0.01,77661.32,1776441181000
1776441183.288,183.288,0.92,0.93,0.07,0.09,0.01,0.02,77661.48,1776441182000
1776441183.735,183.735,0.92,0.93,0.07,0.08,0.01,0.01,77661.48,1776441182000
1776441184.074,184.074,0.92,0.93,0.07,0.08,0.01,0.01,77661.48,1776441182000
1776441184.415,184.415,0.94,0.95,0.05,0.06,0.01,0.01,77666.26,1776441183000
1776441184.764,184.764,0.94,0.95,0.05,0.06,0.01,0.01,77666.26,1776441183000
1776441185.107,185.107,0.94,0.95,0.05,0.06,0.01,0.01,77666.26,1776441183000
1776441185.476,185.476,0.94,0.95,0.05,0.06,0.01,0.01,77669.18,1776441184000
1776441185.839,185.839,0.94,0.95,0.05,0.06,0.01,0.01,77669.18,1776441184000
1776441186.205,186.205,0.94,0.95,0.05,0.06,0.01,0.01,77669.18,1776441184000
1776441186.644,186.644,0.95,0.96,0.04,0.06,0.01,0.02,77668.81,1776441185000
1776441187.338,187.338,0.95,0.96,0.04,0.05,0.01,0.01,77668.81,1776441185000
1776441187.673,187.673,0.95,0.96,0.04,0.05,0.01,0.01,77674.17,1776441186000
1776441188.114,188.114,0.95,0.96,0.04,0.05,0.01,0.01,77674.6,1776441187000
1776441188.681,188.681,0.93,0.94,0.05,0.07,0.01,0.02,77674.6,1776441187000
1776441189.092,189.092,0.93,0.94,0.06,0.07,0.01,0.01,77681.77,1776441188000
1776441189.488,189.488,0.93,0.94,0.06,0.07,0.01,0.01,77681.77,1776441188000
1776441189.99,189.99,0.93,0.94,0.06,0.07,0.01,0.01,77681.77,1776441188000
1776441190.377,190.377,0.93,0.94,0.06,0.07,0.01,0.01,77672.7,1776441189000
1776441191.015,191.015,0.93,0.94,0.06,0.07,0.01,0.01,77672.7,1776441189000
1776441191.461,191.461,0.92,0.93,0.07,0.08,0.01,0.01,77668.6,1776441190000
1776441192.07,192.07,0.92,0.94,0.07,0.08,0.02,0.01,77668.6,1776441190000
1776441192.462,192.462,0.93,0.94,0.06,0.07,0.01,0.01,77668.6,1776441191000
1776441193.21,193.21,0.93,0.94,0.06,0.07,0.01,0.01,77668.6,1776441191000
1776441193.606,193.606,0.93,0.94,0.06,0.07,0.01,0.01,77668.56,1776441192000
1776441194.088,194.088,0.94,0.95,0.05,0.06,0.01,0.01,77668.56,1776441192000
1776441194.483,194.483,0.94,0.95,0.05,0.06,0.01,0.01,77669.91,1776441193000
1776441194.871,194.871,0.95,0.96,0.04,0.06,0.01,0.02,77669.91,1776441193000
1776441195.268,195.268,0.95,0.96,0.04,0.05,0.01,0.01,77669.91,1776441193000
1776441195.603,195.603,0.95,0.96,0.04,0.05,0.01,0.01,77674.05,1776441194000
1776441195.939,195.939,0.95,0.96,0.04,0.05,0.01,0.01,77674.05,1776441194000
1776441196.305,196.305,0.95,0.96,0.04,0.05,0.01,0.01,77681.32,1776441195000
1776441196.663,196.663,0.95,0.96,0.04,0.05,0.01,0.01,77681.32,1776441195000
1776441197.108,197.108,0.95,0.96,0.04,0.05,0.01,0.01,77681.32,1776441195000
1776441197.581,197.581,0.95,0.96,0.04,0.05,0.01,0.01,77685.26,1776441196000
1776441197.926,197.926,0.95,0.96,0.04,0.05,0.01,0.01,77685.26,1776441196000
1776441198.5,198.5,0.95,0.96,0.04,0.05,0.01,0.01,77683.61,1776441197000
1776441199.134,199.134,0.95,0.96,0.04,0.05,0.01,0.01,77682.33,1776441198000
1776441199.476,199.476,0.95,0.96,0.04,0.05,0.01,0.01,77682.33,1776441198000
1776441199.965,199.965,0.95,0.96,0.04,0.05,0.01,0.01,77682.33,1776441198000
1776441200.425,200.425,0.95,0.96,0.04,0.05,0.01,0.01,77680.51,1776441199000
1776441200.973,200.973,0.95,0.96,0.04,0.05,0.01,0.01,77681.19,1776441200000
1776441202.167,202.167,0.95,0.96,0.04,0.05,0.01,0.01,77685.32,1776441201000
1776441202.643,202.643,0.95,0.97,0.03,0.05,0.02,0.02,77685.32,1776441201000
1776441203.355,203.355,0.96,0.97,0.03,0.04,0.01,0.01,77692.74,1776441202000
1776441203.786,203.786,0.96,0.97,0.03,0.04,0.01,0.01,77692.74,1776441202000
1776441204.204,204.204,0.96,0.97,0.03,0.04,0.01,0.01,77692.74,1776441202000
1776441204.542,204.542,0.96,0.97,0.03,0.04,0.01,0.01,77700.56,1776441203000
1776441204.882,204.882,0.96,0.97,0.03,0.04,0.01,0.01,77700.56,1776441203000
1776441205.217,205.217,0.96,0.98,0.03,0.04,0.02,0.01,77710.59,1776441204000
1776441205.844,205.844,0.97,0.98,0.02,0.03,0.01,0.01,77710.59,1776441204000
1776441206.201,206.201,0.97,0.98,0.02,0.03,0.01,0.01,77710.59,1776441204000
1776441206.57,206.57,0.97,0.98,0.02,0.03,0.01,0.01,77719.09,1776441205000
1776441207.126,207.126,0.97,0.98,0.02,0.03,0.01,0.01,77719.09,1776441205000
1776441207.518,207.518,0.97,0.98,0.02,0.03,0.01,0.01,77722.84,1776441206000
1776441207.978,207.978,0.97,0.98,0.02,0.03,0.01,0.01,77722.84,1776441206000
1776441208.321,208.321,0.97,0.98,0.02,0.03,0.01,0.01,77723.03,1776441207000
1776441208.692,208.692,0.97,0.98,0.02,0.03,0.01,0.01,77723.03,1776441207000
1776441209.045,209.045,0.97,0.98,0.02,0.03,0.01,0.01,77723.03,1776441207000
1776441209.421,209.421,0.97,0.98,0.02,0.03,0.01,0.01,77723.03,1776441207000
1776441209.769,209.769,0.97,0.98,0.02,0.03,0.01,0.01,77724.87,1776441208000
1776441210.109,210.109,0.97,0.98,0.02,0.03,0.01,0.01,77724.87,1776441208000
1776441210.468,210.468,0.97,0.98,0.02,0.03,0.01,0.01,77727.18,1776441209000
1776441210.807,210.807,0.97,0.98,0.02,0.03,0.01,0.01,77727.18,1776441209000
1776441211.157,211.157,0.97,0.98,0.02,0.03,0.01,0.01,77727.18,1776441209000
1776441211.507,211.507,0.97,0.98,0.02,0.03,0.01,0.01,77731.5,1776441210000
1776441211.855,211.855,0.98,0.99,0.01,0.03,0.01,0.02,77731.5,1776441210000
1776441212.208,212.208,0.98,0.99,0.01,0.02,0.01,0.01,77731.5,1776441210000
1776441212.604,212.604,0.98,0.99,0.01,0.02,0.01,0.01,77731.5,1776441210000
1776441212.955,212.955,0.98,0.99,0.01,0.02,0.01,0.01,77747.41,1776441211000
1776441213.438,213.438,0.98,0.99,0.01,0.02,0.01,0.01,77753.71,1776441212000
1776441213.882,213.882,0.98,0.99,0.01,0.02,0.01,0.01,77753.71,1776441212000
1776441214.298,214.298,0.98,0.99,0.01,0.02,0.01,0.01,77755.63,1776441213000
1776441214.758,214.758,0.98,0.99,0.01,0.02,0.01,0.01,77755.63,1776441213000
1776441215.255,215.255,0.98,0.99,0.01,0.02,0.01,0.01,77762.92,1776441214000
1776441215.68,215.68,0.98,0.99,0.01,0.02,0.01,0.01,77762.92,1776441214000
1776441216.05,216.05,0.98,0.99,0.01,0.02,0.01,0.01,77762.92,1776441214000
1776441216.413,216.413,0.98,0.99,0.01,0.02,0.01,0.01,77763.86,1776441215000
1776441216.795,216.795,0.98,0.99,0.01,0.02,0.01,0.01,77763.86,1776441215000
1776441217.128,217.128,0.98,0.99,0.01,0.02,0.01,0.01,77764.51,1776441216000
1776441217.783,217.783,0.98,0.99,0.01,0.02,0.01,0.01,77764.51,1776441216000
1776441218.121,218.121,0.98,0.99,0.01,0.02,0.01,0.01,77764.51,1776441216000
1776441218.644,218.644,0.98,0.99,0.01,0.02,0.01,0.01,77766.3,1776441217000
1776441219.032,219.032,0.98,0.99,0.01,0.02,0.01,0.01,77766.3,1776441217000
1776441219.369,219.369,0.98,0.99,0.01,0.02,0.01,0.01,77769.53,1776441218000
1776441219.801,219.801,0.98,0.99,0.01,0.02,0.01,0.01,77769.53,1776441218000
1776441220.149,220.149,0.98,0.99,0.01,0.02,0.01,0.01,77769.53,1776441218000
1776441220.535,220.535,0.98,0.99,0.01,0.02,0.01,0.01,77775.08,1776441219000
1776441221.056,221.056,0.98,0.99,0.01,0.02,0.01,0.01,77775.08,1776441219000
1776441221.432,221.432,0.98,0.99,0.01,0.02,0.01,0.01,77771.94,1776441220000
1776441222.272,222.272,0.98,0.99,0.01,0.02,0.01,0.01,77770.21,1776441221000
1776441222.61,222.61,0.98,0.99,0.01,0.02,0.01,0.01,77770.21,1776441221000
1776441222.947,222.947,0.98,0.99,0.01,0.02,0.01,0.01,77770.21,1776441221000
1776441223.294,223.294,0.98,0.99,0.01,0.02,0.01,0.01,77770.21,1776441221000
1776441223.744,223.744,0.98,0.99,0.01,0.02,0.01,0.01,77783.15,1776441222000
1776441224.167,224.167,0.98,0.99,0.01,0.02,0.01,0.01,77793.34,1776441223000
1776441224.569,224.569,0.99,0.99,0.01,0.01,0.0,0.0,77793.34,1776441223000
1776441224.993,224.993,0.99,0.99,0.01,0.01,0.0,0.0,77805.64,1776441224000
1776441225.422,225.422,0.99,0.99,0.01,0.01,0.0,0.0,77805.64,1776441224000
1776441225.764,225.764,0.99,0.99,0.01,0.01,0.0,0.0,77805.64,1776441224000
1776441226.358,226.358,0.99,0.99,0.01,0.01,0.0,0.0,77805.64,1776441224000
1776441226.769,226.769,0.99,0.99,0.01,0.01,0.0,0.0,77810.84,1776441225000
1776441227.18,227.18,0.99,0.99,0.01,0.01,0.0,0.0,77810.84,1776441225000
1776441227.579,227.579,0.99,0.99,0.01,0.01,0.0,0.0,77810.84,1776441226000
1776441228.382,228.382,0.99,0.99,0.01,0.01,0.0,0.0,77814.17,1776441227000
1776441228.96,228.96,0.99,0.99,0.01,0.01,0.0,0.0,77814.17,1776441227000
1776441229.342,229.342,0.99,0.99,0.01,0.01,0.0,0.0,77812.37,1776441228000
1776441229.703,229.703,0.99,0.99,0.01,0.01,0.0,0.0,77812.37,1776441228000
1776441230.303,230.303,0.99,0.99,0.01,0.01,0.0,0.0,77812.37,1776441229000
1776441231.384,231.384,0.99,0.99,0.01,0.01,0.0,0.0,77813.87,1776441230000
1776441231.757,231.757,0.99,0.99,0.01,0.01,0.0,0.0,77813.87,1776441230000
1776441232.233,232.233,0.99,0.99,0.01,0.01,0.0,0.0,77813.87,1776441231000
1776441232.755,232.755,0.99,0.99,0.01,0.01,0.0,0.0,77813.87,1776441231000
1776441233.275,233.275,0.99,0.99,0.01,0.01,0.0,0.0,77819.43,1776441232000
1776441233.817,233.817,0.99,0.99,0.01,0.01,0.0,0.0,77826.24,1776441233000
1776441234.455,234.455,0.99,0.99,0.01,0.01,0.0,0.0,77826.24,1776441233000
1776441234.825,234.825,0.99,0.99,0.01,0.01,0.0,0.0,77826.24,1776441233000
1776441235.581,235.581,0.99,0.99,0.01,0.01,0.0,0.0,77836.38,1776441234000
1776441236.339,236.339,0.99,0.99,0.01,0.01,0.0,0.0,77842.94,1776441235000
1776441237.118,237.118,0.99,0.99,0.01,0.01,0.0,0.0,77842.94,1776441235000
1776441238.397,238.397,0.99,0.99,0.01,0.01,0.0,0.0,77836.71,1776441237000
1776441238.88,238.88,0.99,0.99,0.01,0.01,0.0,0.0,77832.09,1776441238000
1776441239.933,239.933,0.99,0.99,0.01,0.01,0.0,0.0,77832.09,1776441238000
1776441240.455,240.455,0.99,0.99,0.01,0.01,0.0,0.0,77830.88,1776441239000
1776441240.98,240.98,0.99,0.99,0.01,0.01,0.0,0.0,77830.88,1776441239000
1776441241.518,241.518,0.99,0.99,0.01,0.01,0.0,0.0,77829.07,1776441240000
1776441242.063,242.063,0.99,0.99,0.01,0.01,0.0,0.0,77828.55,1776441241000
1776441243.084,243.084,0.99,0.99,0.01,0.01,0.0,0.0,77828.08,1776441242000
1776441244.212,244.212,0.99,0.99,0.01,0.01,0.0,0.0,77828.28,1776441243000
1776441244.854,244.854,0.99,0.99,0.01,0.01,0.0,0.0,77828.28,1776441243000
1776441245.224,245.224,0.99,0.99,0.01,0.01,0.0,0.0,77833.25,1776441244000
1776441245.849,245.849,0.99,0.99,0.01,0.01,0.0,0.0,77833.25,1776441244000
1776441246.318,246.318,0.99,0.99,0.01,0.01,0.0,0.0,77837.15,1776441245000
1776441247.227,247.227,0.99,0.99,0.01,0.01,0.0,0.0,77836.6,1776441246000
1776441247.762,247.762,0.99,0.99,0.01,0.01,0.0,0.0,77836.6,1776441246000
1776441248.223,248.223,0.99,0.99,0.01,0.01,0.0,0.0,77836.6,1776441246000
1776441249.294,249.294,0.99,0.99,0.01,0.01,0.0,0.0,77834.52,1776441248000
1776441250.327,250.327,0.99,0.99,0.01,0.01,0.0,0.0,77835.71,1776441249000
1776441250.824,250.824,0.99,0.99,0.01,0.01,0.0,0.0,77835.71,1776441249000
1776441251.199,251.199,0.99,0.99,0.01,0.01,0.0,0.0,77841.24,1776441250000
1776441252.222,252.222,0.99,0.99,0.01,0.01,0.0,0.0,77854.64,1776441251000
1776441253.197,253.197,0.99,0.99,0.01,0.01,0.0,0.0,77859.1,1776441252000
1776441253.576,253.576,0.99,0.99,0.01,0.01,0.0,0.0,77859.1,1776441252000
1776441254.418,254.418,0.99,0.99,0.01,0.01,0.0,0.0,77859.1,1776441252000
1776441255.001,255.001,0.99,0.99,0.01,0.01,0.0,0.0,77859.24,1776441253000
1776441255.419,255.419,0.99,0.99,0.01,0.01,0.0,0.0,77859.24,1776441254000
1776441255.808,255.808,0.99,0.99,0.01,0.01,0.0,0.0,77859.24,1776441254000
1776441256.526,256.526,0.99,0.99,0.01,0.01,0.0,0.0,77867.53,1776441255000
1776441257.143,257.143,0.99,0.99,0.01,0.01,0.0,0.0,77864.87,1776441256000
1776441257.493,257.493,0.99,0.99,0.01,0.01,0.0,0.0,77864.87,1776441256000
1776441258.333,258.333,0.99,0.99,0.01,0.01,0.0,0.0,77858.03,1776441257000
1776441259.315,259.315,0.99,0.99,0.01,0.01,0.0,0.0,77858.03,1776441257000
1776441260.084,260.084,0.99,0.99,0.01,0.01,0.0,0.0,77855.09,1776441259000
1776441261.095,261.095,0.99,0.99,0.01,0.01,0.0,0.0,77855.09,1776441259000
1776441262.539,262.539,0.99,0.99,0.01,0.01,0.0,0.0,77849.83,1776441261000
1776441263.147,263.147,0.99,0.99,0.01,0.01,0.0,0.0,77849.04,1776441262000
1776441264.337,264.337,0.99,0.99,0.01,0.01,0.0,0.0,77836.37,1776441263000
1776441265.296,265.296,0.99,0.99,0.01,0.01,0.0,0.0,77836.37,1776441263000
1776441266.076,266.076,0.99,0.99,0.01,0.01,0.0,0.0,77833.26,1776441265000
1776441267.362,267.362,0.99,0.99,0.01,0.01,0.0,0.0,77836.22,1776441266000
1776441267.931,267.931,0.99,0.99,0.01,0.01,0.0,0.0,77836.85,1776441267000
1776441268.57,268.57,0.99,0.99,0.01,0.01,0.0,0.0,77836.85,1776441267000
1776441269.246,269.246,0.99,0.99,0.01,0.01,0.0,0.0,77834.89,1776441268000
1776441270.411,270.411,0.99,0.99,0.01,0.01,0.0,0.0,77835.22,1776441269000
1776441271.155,271.155,0.99,0.99,0.01,0.01,0.0,0.0,77834.02,1776441270000
1776441272.553,272.553,0.99,0.99,0.01,0.01,0.0,0.0,77833.94,1776441271000
1776441273.206,273.206,0.99,0.99,0.01,0.01,0.0,0.0,77833.92,1776441272000
1776441274.088,274.088,0.99,0.99,0.01,0.01,0.0,0.0,77833.92,1776441272000
1776441275.012,275.012,0.99,0.99,0.01,0.01,0.0,0.0,77849.45,1776441274000
1776441275.663,275.663,0.99,0.99,0.01,0.01,0.0,0.0,77849.45,1776441274000
1776441276.272,276.272,0.99,0.99,0.01,0.01,0.0,0.0,77853.75,1776441275000
1776441277.729,277.729,0.99,0.99,0.01,0.01,0.0,0.0,77859.04,1776441276000
1776441278.332,278.332,0.99,0.99,0.01,0.01,0.0,0.0,77859.88,1776441277000
1776441279.587,279.587,0.99,0.99,0.01,0.01,0.0,0.0,77859.88,1776441277000
1776441279.926,279.926,0.99,0.99,0.01,0.01,0.0,0.0,77859.88,1776441277000
1776441280.883,280.883,0.99,0.99,0.01,0.01,0.0,0.0,77858.26,1776441279000
1776441281.568,281.568,0.99,0.99,0.01,0.01,0.0,0.0,77854.69,1776441280000
1776441282.323,282.323,0.99,0.99,0.01,0.01,0.0,0.0,77854.69,1776441280000
1776441283.163,283.163,0.99,0.99,0.01,0.01,0.0,0.0,77853.7,1776441282000
1776441284.573,284.573,0.99,0.99,0.01,0.01,0.0,0.0,77855.11,1776441283000
1776441285.423,285.423,0.99,0.99,0.01,0.01,0.0,0.0,77856.6,1776441284000
1776441285.776,285.776,0.99,0.99,0.01,0.01,0.0,0.0,77856.6,1776441284000
1776441287.327,287.327,0.99,0.99,0.01,0.01,0.0,0.0,77854.89,1776441286000
1776441288.283,288.283,0.99,0.99,0.01,0.01,0.0,0.0,77854.89,1776441287000
1776441289.705,289.705,0.99,0.99,0.01,0.01,0.0,0.0,77859.65,1776441288000
1776441290.456,290.456,0.99,0.99,0.01,0.01,0.0,0.0,77860.27,1776441289000
1776441291.03,291.03,0.99,0.99,0.01,0.01,0.0,0.0,77860.27,1776441289000
1776441291.39,291.39,0.99,0.99,0.01,0.01,0.0,0.0,77865.74,1776441290000
1776441291.797,291.797,0.99,0.99,0.01,0.01,0.0,0.0,77865.74,1776441290000
1776441292.891,292.891,0.99,0.99,0.01,0.01,0.0,0.0,77867.52,1776441291000
1776441293.537,293.537,0.99,0.99,0.01,0.01,0.0,0.0,77866.21,1776441292000
1776441294.318,294.318,0.99,0.99,0.01,0.01,0.0,0.0,77871.8,1776441293000
1776441295.781,295.781,0.99,0.99,0.01,0.01,0.0,0.0,77872.28,1776441294000
1776441296.487,296.487,0.99,0.99,0.01,0.01,0.0,0.0,77872.1,1776441295000
1776441297.194,297.194,0.99,0.99,0.01,0.01,0.0,0.0,77872.1,1776441296000
1776441298.598,298.598,0.99,0.99,0.01,0.01,0.0,0.0,77872.74,1776441297000
1776441299.347,299.347,0.99,0.99,0.01,0.01,0.0,0.0,77872.73,1776441298000
1776441300.639,300.639,0.99,0.99,0.01,0.01,0.0,0.0,77872.73,1776441298000

# RESULT,winner=Up,slug=btc-updown-5m-1776441000,ticks=632
