timestamp,elapsed_sec,up_bid,up_ask,down_bid,down_ask,up_spread,down_spread,btc_price,btc_oracle_ts
1777042500.524,0.524,0.5,0.51,0.49,0.5,0.01,0.01,78041.93,1777042499000
1777042500.94,0.94,0.5,0.51,0.49,0.5,0.01,0.01,78041.93,1777042499000
1777042501.431,1.431,0.5,0.51,0.49,0.5,0.01,0.01,78042.02,1777042500000
1777042501.805,1.805,0.46,0.47,0.53,0.54,0.01,0.01,78042.02,1777042500000
1777042502.178,2.178,0.46,0.47,0.53,0.54,0.01,0.01,78042.02,1777042500000
1777042502.521,2.521,0.48,0.49,0.51,0.52,0.01,0.01,78041.73,1777042501000
1777042502.932,2.932,0.48,0.49,0.51,0.52,0.01,0.01,78041.73,1777042501000
1777042503.308,3.308,0.49,0.51,0.49,0.52,0.02,0.03,78041.78,1777042502000
1777042503.669,3.669,0.54,0.55,0.45,0.46,0.01,0.01,78041.78,1777042502000
1777042504.055,4.055,0.57,0.58,0.4,0.43,0.01,0.03,78041.78,1777042502000
1777042504.432,4.432,0.58,0.59,0.41,0.42,0.01,0.01,78041.77,1777042503000
1777042504.777,4.777,0.58,0.59,0.41,0.42,0.01,0.01,78041.77,1777042503000
1777042505.288,5.288,0.58,0.59,0.41,0.42,0.01,0.01,78041.77,1777042503000
1777042505.746,5.746,0.58,0.59,0.41,0.42,0.01,0.01,78041.77,1777042503000
1777042506.318,6.318,0.58,0.59,0.41,0.42,0.01,0.01,78056.75,1777042505000
1777042506.914,6.914,0.58,0.59,0.41,0.42,0.01,0.01,78056.75,1777042505000
1777042507.309,7.309,0.58,0.59,0.41,0.42,0.01,0.01,78056.75,1777042505000
1777042507.741,7.741,0.54,0.59,0.41,0.42,0.05,0.01,78059.33,1777042506000
1777042508.44,8.44,0.58,0.59,0.41,0.42,0.01,0.01,78059.33,1777042506000
1777042508.781,8.781,0.58,0.59,0.41,0.42,0.01,0.01,78059.18,1777042507000
1777042509.321,9.321,0.58,0.59,0.41,0.42,0.01,0.01,78059.18,1777042508000
1777042509.669,9.669,0.58,0.59,0.41,0.42,0.01,0.01,78059.18,1777042508000
1777042510.053,10.053,0.58,0.59,0.41,0.42,0.01,0.01,78059.18,1777042508000
1777042510.423,10.423,0.58,0.59,0.41,0.42,0.01,0.01,78059.18,1777042508000
1777042510.87,10.87,0.58,0.59,0.41,0.42,0.01,0.01,78060.1,1777042509000
1777042511.587,11.587,0.58,0.59,0.41,0.42,0.01,0.01,78060.14,1777042510000
1777042511.995,11.995,0.58,0.59,0.41,0.42,0.01,0.01,78060.14,1777042510000
1777042512.351,12.351,0.58,0.59,0.41,0.42,0.01,0.01,78060.36,1777042511000
1777042512.952,12.952,0.58,0.59,0.41,0.42,0.01,0.01,78060.36,1777042511000
1777042513.328,13.328,0.58,0.59,0.41,0.42,0.01,0.01,78060.36,1777042511000
1777042513.675,13.675,0.59,0.6,0.4,0.41,0.01,0.01,78061.06,1777042512000
1777042514.156,14.156,0.59,0.6,0.4,0.41,0.01,0.01,78061.06,1777042512000
1777042514.557,14.557,0.61,0.63,0.38,0.39,0.02,0.01,78061.44,1777042513000
1777042514.9,14.9,0.62,0.63,0.37,0.38,0.01,0.01,78061.44,1777042513000
1777042515.299,15.299,0.62,0.63,0.37,0.38,0.01,0.01,78062.31,1777042514000
1777042516.381,16.381,0.62,0.63,0.37,0.38,0.01,0.01,78062.31,1777042514000
1777042516.758,16.758,0.62,0.63,0.37,0.38,0.01,0.01,78067.45,1777042515000
1777042517.436,17.436,0.62,0.63,0.37,0.38,0.01,0.01,78069.33,1777042516000
1777042517.777,17.777,0.63,0.64,0.36,0.37,0.01,0.01,78069.33,1777042516000
1777042518.131,18.131,0.63,0.64,0.35,0.37,0.01,0.02,78073.41,1777042517000
1777042518.589,18.589,0.63,0.64,0.36,0.37,0.01,0.01,78073.41,1777042517000
1777042518.947,18.947,0.63,0.64,0.36,0.37,0.01,0.01,78073.41,1777042517000
1777042519.286,19.286,0.63,0.64,0.36,0.37,0.01,0.01,78074.1,1777042518000
1777042519.824,19.824,0.64,0.65,0.35,0.37,0.01,0.02,78074.1,1777042518000
1777042520.23,20.23,0.65,0.66,0.34,0.35,0.01,0.01,78074.1,1777042518000
1777042520.594,20.594,0.65,0.66,0.34,0.35,0.01,0.01,78074.78,1777042519000
1777042521.031,21.031,0.65,0.66,0.34,0.35,0.01,0.01,78074.78,1777042519000
1777042521.42,21.42,0.64,0.65,0.35,0.36,0.01,0.01,78075.71,1777042520000
1777042522.736,22.736,0.64,0.65,0.35,0.36,0.01,0.01,78075.71,1777042520000
1777042523.32,23.32,0.64,0.65,0.35,0.36,0.01,0.01,78075.87,1777042521000
1777042523.809,23.809,0.64,0.65,0.35,0.36,0.01,0.01,78074.13,1777042522000
1777042524.288,24.288,0.65,0.66,0.34,0.35,0.01,0.01,78075.25,1777042523000
1777042524.683,24.683,0.65,0.66,0.34,0.35,0.01,0.01,78075.25,1777042523000
1777042525.059,25.059,0.65,0.66,0.34,0.35,0.01,0.01,78075.25,1777042523000
1777042525.412,25.412,0.65,0.66,0.34,0.35,0.01,0.01,78075.25,1777042523000
1777042525.813,25.813,0.65,0.66,0.34,0.35,0.01,0.01,78075.37,1777042524000
1777042526.31,26.31,0.65,0.66,0.34,0.35,0.01,0.01,78075.37,1777042524000
1777042526.734,26.734,0.64,0.66,0.34,0.35,0.02,0.01,78074.78,1777042525000
1777042527.697,27.697,0.64,0.65,0.35,0.36,0.01,0.01,78075.2,1777042526000
1777042528.171,28.171,0.64,0.65,0.35,0.36,0.01,0.01,78075.2,1777042526000
1777042528.729,28.729,0.64,0.65,0.35,0.36,0.01,0.01,78075.03,1777042527000
1777042529.175,29.175,0.64,0.65,0.35,0.36,0.01,0.01,78075.03,1777042527000
1777042529.512,29.512,0.66,0.67,0.33,0.34,0.01,0.01,78075.23,1777042528000
1777042529.85,29.85,0.66,0.67,0.33,0.34,0.01,0.01,78075.23,1777042528000
1777042530.192,30.192,0.66,0.67,0.33,0.34,0.01,0.01,78075.23,1777042528000
1777042530.807,30.807,0.66,0.67,0.33,0.34,0.01,0.01,78081.49,1777042529000
1777042531.264,31.264,0.66,0.67,0.33,0.34,0.01,0.01,78082.83,1777042530000
1777042531.618,31.618,0.68,0.69,0.32,0.33,0.01,0.01,78082.83,1777042530000
1777042531.982,31.982,0.68,0.69,0.31,0.32,0.01,0.01,78082.83,1777042530000
1777042532.341,32.341,0.68,0.69,0.31,0.32,0.01,0.01,78082.16,1777042531000
1777042532.7,32.7,0.67,0.68,0.31,0.33,0.01,0.02,78082.16,1777042531000
1777042533.226,33.226,0.67,0.68,0.32,0.33,0.01,0.01,78082.16,1777042531000
1777042533.907,33.907,0.67,0.68,0.32,0.33,0.01,0.01,78083.03,1777042532000
1777042534.247,34.247,0.67,0.68,0.32,0.33,0.01,0.01,78083.03,1777042533000
1777042534.95,34.95,0.67,0.68,0.32,0.33,0.01,0.01,78083.03,1777042533000
1777042535.455,35.455,0.67,0.68,0.32,0.33,0.01,0.01,78083.21,1777042534000
1777042535.885,35.885,0.67,0.68,0.32,0.33,0.01,0.01,78083.21,1777042534000
1777042536.387,36.387,0.67,0.68,0.32,0.33,0.01,0.01,78083.36,1777042535000
1777042536.761,36.761,0.67,0.68,0.32,0.33,0.01,0.01,78083.36,1777042535000
1777042537.102,37.102,0.67,0.68,0.32,0.33,0.01,0.01,78083.36,1777042535000
1777042537.45,37.45,0.67,0.68,0.32,0.33,0.01,0.01,78083.36,1777042535000
1777042537.845,37.845,0.67,0.68,0.32,0.33,0.01,0.01,78083.36,1777042535000
1777042538.254,38.254,0.68,0.69,0.32,0.33,0.01,0.01,78083.7,1777042536000
1777042538.724,38.724,0.68,0.69,0.31,0.32,0.01,0.01,78084.04,1777042537000
1777042539.448,39.448,0.68,0.69,0.31,0.32,0.01,0.01,78085.15,1777042538000
1777042539.782,39.782,0.66,0.68,0.32,0.34,0.02,0.02,78085.15,1777042538000
1777042540.129,40.129,0.67,0.68,0.32,0.33,0.01,0.01,78085.15,1777042538000
1777042540.612,40.612,0.67,0.68,0.32,0.33,0.01,0.01,78085.05,1777042539000
1777042541.008,41.008,0.67,0.68,0.32,0.33,0.01,0.01,78085.05,1777042539000
1777042541.388,41.388,0.67,0.68,0.32,0.33,0.01,0.01,78085.05,1777042539000
1777042541.753,41.753,0.67,0.68,0.32,0.33,0.01,0.01,78083.11,1777042540000
1777042542.162,42.162,0.67,0.68,0.32,0.33,0.01,0.01,78083.11,1777042540000
1777042542.541,42.541,0.67,0.68,0.32,0.33,0.01,0.01,78082.95,1777042541000
1777042542.969,42.969,0.67,0.68,0.32,0.33,0.01,0.01,78082.95,1777042541000
1777042543.391,43.391,0.65,0.68,0.32,0.33,0.03,0.01,78082.95,1777042541000
1777042543.781,43.781,0.65,0.66,0.34,0.35,0.01,0.01,78082.75,1777042542000
1777042544.203,44.203,0.65,0.66,0.34,0.35,0.01,0.01,78082.75,1777042542000
1777042544.992,44.992,0.65,0.66,0.34,0.35,0.01,0.01,78082.54,1777042543000
1777042545.392,45.392,0.65,0.66,0.33,0.35,0.01,0.02,78082.54,1777042543000
1777042545.816,45.816,0.66,0.67,0.33,0.34,0.01,0.01,78082.32,1777042544000
1777042546.313,46.313,0.66,0.67,0.33,0.35,0.01,0.02,78082.32,1777042544000
1777042546.715,46.715,0.66,0.68,0.32,0.34,0.02,0.02,78082.1,1777042545000
1777042547.457,47.457,0.67,0.68,0.32,0.33,0.01,0.01,78082.1,1777042545000
1777042547.811,47.811,0.67,0.68,0.32,0.33,0.01,0.01,78082.9,1777042546000
1777042548.315,48.315,0.67,0.68,0.32,0.33,0.01,0.01,78082.9,1777042546000
1777042548.654,48.654,0.67,0.68,0.32,0.33,0.01,0.01,78082.9,1777042547000
1777042549.243,49.243,0.66,0.67,0.32,0.33,0.01,0.01,78082.9,1777042547000
1777042549.722,49.722,0.66,0.67,0.33,0.34,0.01,0.01,78082.9,1777042547000
1777042550.227,50.227,0.66,0.67,0.33,0.34,0.01,0.01,78083.55,1777042548000
1777042550.567,50.567,0.66,0.67,0.33,0.34,0.01,0.01,78083.55,1777042549000
1777042550.956,50.956,0.66,0.67,0.33,0.34,0.01,0.01,78083.55,1777042549000
1777042551.315,51.315,0.66,0.67,0.33,0.34,0.01,0.01,78083.55,1777042549000
1777042551.673,51.673,0.66,0.67,0.33,0.34,0.01,0.01,78083.47,1777042550000
1777042552.948,52.948,0.66,0.67,0.33,0.34,0.01,0.01,78083.12,1777042551000
1777042553.437,53.437,0.66,0.67,0.33,0.34,0.01,0.01,78083.12,1777042551000
1777042553.783,53.783,0.63,0.64,0.36,0.37,0.01,0.01,78083.19,1777042552000
1777042554.13,54.13,0.63,0.64,0.36,0.37,0.01,0.01,78083.19,1777042552000
1777042554.621,54.621,0.63,0.64,0.36,0.37,0.01,0.01,78083.05,1777042553000
1777042554.969,54.969,0.63,0.64,0.36,0.37,0.01,0.01,78083.05,1777042553000
1777042555.387,55.387,0.63,0.64,0.36,0.37,0.01,0.01,78083.05,1777042553000
1777042555.827,55.827,0.63,0.64,0.36,0.37,0.01,0.01,78078.39,1777042554000
1777042556.287,56.287,0.62,0.63,0.37,0.38,0.01,0.01,78078.39,1777042554000
1777042556.867,56.867,0.62,0.63,0.37,0.38,0.01,0.01,78078.39,1777042554000
1777042557.285,57.285,0.63,0.64,0.36,0.37,0.01,0.01,78078.39,1777042554000
1777042557.765,57.765,0.64,0.67,0.36,0.37,0.03,0.01,78076.23,1777042556000
1777042558.201,58.201,0.67,0.68,0.33,0.34,0.01,0.01,78076.23,1777042556000
1777042558.662,58.662,0.67,0.68,0.32,0.33,0.01,0.01,78076.26,1777042557000
1777042559.022,59.022,0.67,0.68,0.32,0.33,0.01,0.01,78076.26,1777042557000
1777042559.376,59.376,0.68,0.69,0.31,0.32,0.01,0.01,78079.45,1777042558000
1777042559.805,59.805,0.68,0.69,0.31,0.32,0.01,0.01,78079.45,1777042558000
1777042560.173,60.173,0.62,0.64,0.36,0.39,0.02,0.03,78079.67,1777042559000
1777042560.506,60.506,0.61,0.64,0.36,0.39,0.03,0.03,78079.67,1777042559000
1777042560.863,60.863,0.6,0.62,0.38,0.4,0.02,0.02,78079.67,1777042559000
1777042561.203,61.203,0.62,0.63,0.37,0.38,0.01,0.01,78081.63,1777042560000
1777042562.148,62.148,0.61,0.62,0.37,0.39,0.01,0.02,78081.63,1777042560000
1777042562.647,62.647,0.61,0.62,0.38,0.39,0.01,0.01,78075.07,1777042561000
1777042563.364,63.364,0.61,0.62,0.38,0.39,0.01,0.01,78073.69,1777042562000
1777042563.722,63.722,0.63,0.68,0.3,0.37,0.05,0.07,78073.69,1777042562000
1777042564.078,64.078,0.68,0.69,0.31,0.32,0.01,0.01,78073.69,1777042562000
1777042564.477,64.477,0.68,0.69,0.31,0.32,0.01,0.01,78074.62,1777042563000
1777042564.814,64.814,0.68,0.69,0.31,0.32,0.01,0.01,78074.62,1777042563000
1777042565.152,65.152,0.69,0.7,0.3,0.32,0.01,0.02,78078.07,1777042564000
1777042565.515,65.515,0.69,0.7,0.3,0.31,0.01,0.01,78078.07,1777042564000
1777042566.2,66.2,0.69,0.7,0.3,0.31,0.01,0.01,78081.49,1777042565000
1777042566.877,66.877,0.69,0.7,0.3,0.31,0.01,0.01,78081.49,1777042565000
1777042567.45,67.45,0.69,0.71,0.29,0.31,0.02,0.02,78082.73,1777042566000
1777042567.811,67.811,0.7,0.71,0.29,0.31,0.01,0.02,78082.73,1777042566000
1777042568.349,68.349,0.7,0.71,0.29,0.3,0.01,0.01,78084.37,1777042567000
1777042568.836,68.836,0.7,0.71,0.29,0.3,0.01,0.01,78084.37,1777042567000
1777042569.261,69.261,0.7,0.71,0.29,0.3,0.01,0.01,78084.37,1777042567000
1777042569.603,69.603,0.7,0.71,0.29,0.3,0.01,0.01,78084.48,1777042568000
1777042570.2,70.2,0.7,0.71,0.29,0.3,0.01,0.01,78084.48,1777042568000
1777042570.537,70.537,0.7,0.71,0.29,0.3,0.01,0.01,78085.24,1777042569000
1777042570.894,70.894,0.68,0.69,0.29,0.32,0.01,0.03,78085.24,1777042569000
1777042571.337,71.337,0.68,0.69,0.31,0.32,0.01,0.01,78085.24,1777042570000
1777042572.18,72.18,0.68,0.69,0.31,0.32,0.01,0.01,78085.31,1777042571000
1777042572.669,72.669,0.68,0.69,0.31,0.32,0.01,0.01,78085.31,1777042571000
1777042573.163,73.163,0.68,0.69,0.31,0.32,0.01,0.01,78085.31,1777042571000
1777042573.855,73.855,0.68,0.69,0.31,0.32,0.01,0.01,78085.13,1777042572000
1777042574.194,74.194,0.68,0.69,0.31,0.32,0.01,0.01,78085.13,1777042572000
1777042574.675,74.675,0.68,0.69,0.31,0.32,0.01,0.01,78085.74,1777042573000
1777042575.021,75.021,0.68,0.69,0.31,0.32,0.01,0.01,78085.74,1777042573000
1777042575.379,75.379,0.68,0.69,0.31,0.32,0.01,0.01,78085.62,1777042574000
1777042575.999,75.999,0.68,0.69,0.31,0.32,0.01,0.01,78085.62,1777042574000
1777042576.601,76.601,0.68,0.69,0.31,0.32,0.01,0.01,78085.33,1777042575000
1777042576.935,76.935,0.68,0.69,0.31,0.32,0.01,0.01,78085.33,1777042575000
1777042577.376,77.376,0.68,0.69,0.31,0.32,0.01,0.01,78085.33,1777042576000
1777042577.748,77.748,0.68,0.69,0.31,0.32,0.01,0.01,78085.33,1777042576000
1777042578.19,78.19,0.68,0.69,0.31,0.32,0.01,0.01,78085.33,1777042576000
1777042578.892,78.892,0.68,0.69,0.31,0.32,0.01,0.01,78084.96,1777042577000
1777042579.241,79.241,0.68,0.69,0.31,0.32,0.01,0.01,78085.71,1777042578000
1777042579.584,79.584,0.68,0.69,0.31,0.32,0.01,0.01,78085.71,1777042578000
1777042579.935,79.935,0.7,0.71,0.29,0.3,0.01,0.01,78084.94,1777042579000
1777042580.307,80.307,0.7,0.71,0.29,0.3,0.01,0.01,78084.94,1777042579000
1777042580.677,80.677,0.7,0.71,0.29,0.3,0.01,0.01,78084.94,1777042579000
1777042581.013,81.013,0.7,0.71,0.29,0.3,0.01,0.01,78083.97,1777042580000
1777042581.353,81.353,0.7,0.71,0.29,0.3,0.01,0.01,78083.97,1777042580000
1777042582.069,82.069,0.7,0.71,0.29,0.3,0.01,0.01,78083.99,1777042581000
1777042582.404,82.404,0.7,0.72,0.28,0.3,0.02,0.02,78083.99,1777042581000
1777042582.759,82.759,0.72,0.73,0.27,0.28,0.01,0.01,78083.99,1777042581000
1777042583.271,83.271,0.71,0.72,0.28,0.29,0.01,0.01,78084.22,1777042582000
1777042583.852,83.852,0.7,0.71,0.29,0.3,0.01,0.01,78084.22,1777042582000
1777042584.36,84.36,0.7,0.71,0.29,0.3,0.01,0.01,78085.61,1777042583000
1777042584.694,84.694,0.7,0.71,0.29,0.3,0.01,0.01,78085.61,1777042583000
1777042585.032,85.032,0.7,0.71,0.29,0.3,0.01,0.01,78086.24,1777042584000
1777042585.369,85.369,0.7,0.71,0.29,0.3,0.01,0.01,78086.24,1777042584000
1777042585.704,85.704,0.67,0.68,0.3,0.33,0.01,0.03,78086.24,1777042584000
1777042586.116,86.116,0.67,0.68,0.32,0.33,0.01,0.01,78086.24,1777042584000
1777042586.549,86.549,0.67,0.68,0.32,0.33,0.01,0.01,78086.24,1777042584000
1777042586.923,86.923,0.67,0.68,0.32,0.33,0.01,0.01,78085.87,1777042585000
1777042587.36,87.36,0.67,0.68,0.32,0.33,0.01,0.01,78085.87,1777042585000
1777042587.696,87.696,0.67,0.68,0.32,0.33,0.01,0.01,78085.87,1777042585000
1777042588.167,88.167,0.67,0.68,0.32,0.33,0.01,0.01,78084.78,1777042586000
1777042588.901,88.901,0.67,0.68,0.32,0.33,0.01,0.01,78083.41,1777042587000
1777042589.535,89.535,0.67,0.68,0.32,0.33,0.01,0.01,78083.41,1777042588000
1777042589.874,89.874,0.64,0.68,0.32,0.34,0.04,0.02,78083.41,1777042588000
1777042590.296,90.296,0.61,0.62,0.38,0.39,0.01,0.01,78083.41,1777042588000
1777042590.718,90.718,0.61,0.62,0.38,0.39,0.01,0.01,78083.41,1777042588000
1777042591.26,91.26,0.61,0.62,0.38,0.4,0.01,0.02,78081.08,1777042589000
1777042591.634,91.634,0.61,0.62,0.38,0.39,0.01,0.01,78071.19,1777042590000
1777042592.083,92.083,0.61,0.62,0.38,0.39,0.01,0.01,78071.19,1777042590000
1777042592.855,92.855,0.61,0.62,0.38,0.39,0.01,0.01,78069.97,1777042591000
1777042593.289,93.289,0.6,0.61,0.39,0.4,0.01,0.01,78069.97,1777042591000
1777042593.628,93.628,0.6,0.61,0.39,0.4,0.01,0.01,78069.97,1777042591000
1777042593.982,93.982,0.6,0.61,0.39,0.4,0.01,0.01,78069.6,1777042592000
1777042594.361,94.361,0.6,0.61,0.39,0.4,0.01,0.01,78069.6,1777042592000
1777042594.863,94.863,0.6,0.61,0.39,0.4,0.01,0.01,78070.17,1777042593000
1777042595.354,95.354,0.6,0.61,0.39,0.4,0.01,0.01,78069.97,1777042594000
1777042596.06,96.06,0.6,0.61,0.39,0.4,0.01,0.01,78069.97,1777042594000
1777042596.669,96.669,0.6,0.61,0.39,0.41,0.01,0.02,78069.97,1777042595000
1777042597.017,97.017,0.59,0.6,0.39,0.42,0.01,0.03,78069.97,1777042595000
1777042597.503,97.503,0.57,0.59,0.41,0.42,0.02,0.01,78069.97,1777042595000
1777042597.881,97.881,0.58,0.59,0.41,0.42,0.01,0.01,78068.41,1777042596000
1777042598.339,98.339,0.58,0.59,0.41,0.42,0.01,0.01,78067.98,1777042597000
1777042598.751,98.751,0.58,0.59,0.41,0.42,0.01,0.01,78067.98,1777042597000
1777042599.263,99.263,0.59,0.6,0.4,0.41,0.01,0.01,78067.98,1777042597000
1777042599.691,99.691,0.59,0.61,0.39,0.41,0.02,0.02,78065.59,1777042598000
1777042600.484,100.484,0.6,0.61,0.39,0.4,0.01,0.01,78067.31,1777042599000
1777042600.916,100.916,0.6,0.61,0.39,0.4,0.01,0.01,78067.31,1777042599000
1777042601.405,101.405,0.6,0.61,0.39,0.4,0.01,0.01,78067.31,1777042600000
1777042601.962,101.962,0.6,0.61,0.39,0.4,0.01,0.01,78067.31,1777042600000
1777042602.33,102.33,0.6,0.61,0.39,0.4,0.01,0.01,78067.31,1777042600000
1777042603.258,103.258,0.6,0.61,0.39,0.4,0.01,0.01,78067.31,1777042601000
1777042603.987,103.987,0.61,0.62,0.38,0.39,0.01,0.01,78067.57,1777042602000
1777042604.355,104.355,0.61,0.62,0.38,0.39,0.01,0.01,78067.32,1777042603000
1777042605.676,105.676,0.61,0.62,0.38,0.39,0.01,0.01,78072.69,1777042604000
1777042606.231,106.231,0.61,0.62,0.38,0.39,0.01,0.01,78074.37,1777042605000
1777042606.762,106.762,0.61,0.63,0.38,0.39,0.02,0.01,78074.37,1777042605000
1777042607.126,107.126,0.69,0.7,0.33,0.35,0.01,0.02,78074.37,1777042605000
1777042607.504,107.504,0.67,0.69,0.31,0.33,0.02,0.02,78074.17,1777042606000
1777042607.909,107.909,0.67,0.68,0.32,0.33,0.01,0.01,78074.17,1777042606000
1777042608.259,108.259,0.67,0.68,0.32,0.33,0.01,0.01,78074.17,1777042606000
1777042609.012,109.012,0.67,0.68,0.32,0.33,0.01,0.01,78074.01,1777042607000
1777042609.353,109.353,0.67,0.71,0.29,0.3,0.04,0.01,78074.01,1777042607000
1777042609.911,109.911,0.68,0.71,0.29,0.32,0.03,0.03,78072.61,1777042609000
1777042610.704,110.704,0.69,0.7,0.3,0.31,0.01,0.01,78072.61,1777042609000
1777042611.055,111.055,0.69,0.7,0.3,0.31,0.01,0.01,78072.61,1777042609000
1777042611.815,111.815,0.69,0.7,0.3,0.31,0.01,0.01,78075.96,1777042610000
1777042612.247,112.247,0.69,0.7,0.3,0.31,0.01,0.01,78075.96,1777042610000
1777042612.655,112.655,0.69,0.71,0.3,0.31,0.02,0.01,78078.24,1777042611000
1777042612.994,112.994,0.69,0.7,0.29,0.31,0.01,0.02,78078.24,1777042611000
1777042614.112,114.112,0.69,0.7,0.3,0.31,0.01,0.01,78078.68,1777042612000
1777042614.455,114.455,0.69,0.7,0.3,0.31,0.01,0.01,78078.69,1777042613000
1777042614.794,114.794,0.69,0.7,0.3,0.31,0.01,0.01,78078.69,1777042613000
1777042615.141,115.141,0.69,0.72,0.29,0.31,0.03,0.02,78078.69,1777042613000
1777042616.399,116.399,0.69,0.72,0.28,0.31,0.03,0.03,78081.95,1777042615000
1777042616.803,116.803,0.7,0.71,0.29,0.3,0.01,0.01,78081.95,1777042615000
1777042617.156,117.156,0.69,0.71,0.29,0.3,0.02,0.01,78081.91,1777042616000
1777042617.529,117.529,0.69,0.7,0.3,0.31,0.01,0.01,78081.91,1777042616000
1777042617.914,117.914,0.7,0.71,0.29,0.3,0.01,0.01,78081.91,1777042616000
1777042618.547,118.547,0.7,0.71,0.29,0.3,0.01,0.01,78081.25,1777042617000
1777042619.146,119.146,0.69,0.71,0.29,0.3,0.02,0.01,78081.25,1777042617000
1777042619.552,119.552,0.69,0.7,0.3,0.31,0.01,0.01,78081.25,1777042617000
1777042620.018,120.018,0.69,0.7,0.3,0.31,0.01,0.01,78081.19,1777042618000
1777042620.363,120.363,0.67,0.7,0.3,0.31,0.03,0.01,78081.1,1777042619000
1777042620.921,120.921,0.68,0.69,0.31,0.32,0.01,0.01,78081.1,1777042619000
1777042621.271,121.271,0.68,0.69,0.31,0.32,0.01,0.01,78079.46,1777042620000
1777042622.331,122.331,0.68,0.69,0.31,0.32,0.01,0.01,78078.17,1777042621000
1777042622.804,122.804,0.68,0.69,0.31,0.32,0.01,0.01,78078.17,1777042621000
1777042623.371,123.371,0.68,0.69,0.31,0.32,0.01,0.01,78078.01,1777042622000
1777042623.811,123.811,0.68,0.69,0.31,0.32,0.01,0.01,78078.01,1777042622000
1777042624.361,124.361,0.68,0.69,0.31,0.32,0.01,0.01,78078.01,1777042622000
1777042624.784,124.784,0.68,0.69,0.31,0.32,0.01,0.01,78077.55,1777042623000
1777042625.253,125.253,0.68,0.69,0.31,0.32,0.01,0.01,78077.55,1777042623000
1777042625.646,125.646,0.6,0.62,0.37,0.4,0.02,0.03,78064.65,1777042624000
1777042626.037,126.037,0.54,0.58,0.42,0.46,0.04,0.04,78064.65,1777042624000
1777042626.383,126.383,0.54,0.58,0.42,0.46,0.04,0.04,78064.65,1777042624000
1777042626.899,126.899,0.54,0.58,0.42,0.46,0.04,0.04,78060.65,1777042625000
1777042627.257,127.257,0.54,0.58,0.42,0.46,0.04,0.04,78051.89,1777042626000
1777042627.661,127.661,0.57,0.58,0.42,0.43,0.01,0.01,78051.89,1777042626000
1777042627.998,127.998,0.57,0.58,0.42,0.43,0.01,0.01,78051.89,1777042626000
1777042628.519,128.519,0.53,0.58,0.42,0.47,0.05,0.05,78041.68,1777042627000
1777042628.892,128.892,0.51,0.56,0.44,0.45,0.05,0.01,78041.68,1777042627000
1777042629.252,129.252,0.45,0.54,0.46,0.55,0.09,0.09,78036.92,1777042628000
1777042629.6,129.6,0.42,0.45,0.55,0.56,0.03,0.01,78036.92,1777042628000
1777042629.935,129.935,0.42,0.45,0.55,0.58,0.03,0.03,78036.92,1777042628000
1777042630.271,130.271,0.42,0.45,0.55,0.57,0.03,0.02,78037.97,1777042629000
1777042630.617,130.617,0.44,0.45,0.55,0.56,0.01,0.01,78037.97,1777042629000
1777042630.955,130.955,0.44,0.45,0.55,0.56,0.01,0.01,78037.97,1777042629000
1777042631.361,131.361,0.44,0.45,0.55,0.57,0.01,0.02,78037.72,1777042630000
1777042631.797,131.797,0.44,0.45,0.55,0.56,0.01,0.01,78037.72,1777042630000
1777042632.421,132.421,0.44,0.45,0.55,0.56,0.01,0.01,78036.88,1777042631000
1777042632.813,132.813,0.44,0.45,0.55,0.56,0.01,0.01,78036.88,1777042631000
1777042633.367,133.367,0.44,0.45,0.55,0.56,0.01,0.01,78037.26,1777042632000
1777042633.78,133.78,0.44,0.45,0.55,0.56,0.01,0.01,78037.26,1777042632000
1777042634.259,134.259,0.44,0.45,0.55,0.56,0.01,0.01,78037.69,1777042633000
1777042634.9,134.9,0.44,0.45,0.55,0.56,0.01,0.01,78037.69,1777042633000
1777042635.295,135.295,0.44,0.45,0.55,0.56,0.01,0.01,78037.98,1777042634000
1777042635.904,135.904,0.44,0.45,0.55,0.56,0.01,0.01,78037.98,1777042634000
1777042636.39,136.39,0.43,0.45,0.55,0.57,0.02,0.02,78037.49,1777042635000
1777042636.758,136.758,0.44,0.45,0.55,0.56,0.01,0.01,78037.49,1777042635000
1777042637.096,137.096,0.44,0.47,0.53,0.56,0.03,0.03,78037.49,1777042635000
1777042637.449,137.449,0.51,0.52,0.48,0.49,0.01,0.01,78038.35,1777042636000
1777042637.791,137.791,0.51,0.52,0.48,0.49,0.01,0.01,78038.35,1777042636000
1777042638.215,138.215,0.51,0.52,0.48,0.49,0.01,0.01,78043.7,1777042637000
1777042638.926,138.926,0.51,0.52,0.48,0.49,0.01,0.01,78043.7,1777042637000
1777042639.359,139.359,0.51,0.52,0.48,0.49,0.01,0.01,78045.34,1777042638000
1777042639.962,139.962,0.51,0.53,0.48,0.49,0.02,0.01,78045.34,1777042638000
1777042640.497,140.497,0.58,0.6,0.4,0.42,0.02,0.02,78050.04,1777042639000
1777042640.845,140.845,0.58,0.62,0.38,0.42,0.04,0.04,78050.04,1777042639000
1777042641.302,141.302,0.59,0.6,0.38,0.42,0.01,0.04,78054.28,1777042640000
1777042641.638,141.638,0.58,0.59,0.41,0.42,0.01,0.01,78054.28,1777042640000
1777042642.007,142.007,0.56,0.59,0.41,0.43,0.03,0.02,78054.28,1777042640000
1777042642.452,142.452,0.56,0.57,0.43,0.44,0.01,0.01,78056.34,1777042641000
1777042642.892,142.892,0.53,0.54,0.44,0.46,0.01,0.02,78056.34,1777042641000
1777042643.284,143.284,0.53,0.54,0.46,0.47,0.01,0.01,78054.68,1777042642000
1777042643.621,143.621,0.53,0.54,0.46,0.47,0.01,0.01,78054.68,1777042642000
1777042644.036,144.036,0.53,0.54,0.46,0.47,0.01,0.01,78054.6,1777042643000
1777042645.016,145.016,0.53,0.54,0.46,0.47,0.01,0.01,78054.6,1777042643000
1777042645.575,145.575,0.53,0.54,0.46,0.47,0.01,0.01,78053.5,1777042644000
1777042646.439,146.439,0.53,0.54,0.46,0.47,0.01,0.01,78049.19,1777042645000
1777042646.956,146.956,0.53,0.54,0.46,0.47,0.01,0.01,78049.19,1777042645000
1777042647.293,147.293,0.49,0.52,0.48,0.51,0.03,0.03,78047.96,1777042646000
1777042647.638,147.638,0.5,0.51,0.48,0.5,0.01,0.02,78047.96,1777042646000
1777042648.096,148.096,0.48,0.49,0.51,0.52,0.01,0.01,78047.96,1777042646000
1777042648.439,148.439,0.47,0.48,0.51,0.53,0.01,0.02,78043.18,1777042647000
1777042648.844,148.844,0.47,0.48,0.52,0.53,0.01,0.01,78043.18,1777042647000
1777042649.211,149.211,0.47,0.48,0.52,0.53,0.01,0.01,78043.18,1777042647000
1777042649.549,149.549,0.47,0.49,0.52,0.53,0.02,0.01,78045.02,1777042648000
1777042649.962,149.962,0.48,0.49,0.51,0.53,0.01,0.02,78045.02,1777042648000
1777042651.03,151.03,0.48,0.49,0.51,0.52,0.01,0.01,78042.66,1777042650000
1777042651.442,151.442,0.48,0.5,0.5,0.52,0.02,0.02,78042.66,1777042650000
1777042651.904,151.904,0.48,0.49,0.51,0.52,0.01,0.01,78042.66,1777042650000
1777042652.352,152.352,0.45,0.46,0.51,0.54,0.01,0.03,78042.66,1777042650000
1777042652.805,152.805,0.45,0.46,0.54,0.56,0.01,0.02,78042.66,1777042650000
1777042653.144,153.144,0.42,0.43,0.54,0.56,0.01,0.02,78042.23,1777042651000
1777042653.532,153.532,0.42,0.43,0.57,0.58,0.01,0.01,78039.0,1777042652000
1777042653.867,153.867,0.42,0.43,0.57,0.58,0.01,0.01,78039.0,1777042652000
1777042654.207,154.207,0.42,0.43,0.57,0.58,0.01,0.01,78039.0,1777042652000
1777042654.541,154.541,0.42,0.44,0.56,0.58,0.02,0.02,78037.3,1777042653000
1777042655.016,155.016,0.43,0.44,0.56,0.57,0.01,0.01,78037.3,1777042653000
1777042656.771,156.771,0.43,0.44,0.56,0.57,0.01,0.01,78038.05,1777042655000
1777042657.322,157.322,0.43,0.44,0.56,0.57,0.01,0.01,78038.06,1777042656000
1777042657.668,157.668,0.43,0.47,0.53,0.57,0.04,0.04,78038.06,1777042656000
1777042658.053,158.053,0.44,0.45,0.55,0.56,0.01,0.01,78038.06,1777042656000
1777042658.39,158.39,0.46,0.47,0.53,0.54,0.01,0.01,78038.07,1777042657000
1777042659.157,159.157,0.46,0.47,0.53,0.54,0.01,0.01,78038.29,1777042658000
1777042659.707,159.707,0.46,0.47,0.53,0.54,0.01,0.01,78038.29,1777042658000
1777042660.043,160.043,0.4,0.45,0.55,0.6,0.05,0.05,78038.29,1777042658000
1777042660.409,160.409,0.4,0.43,0.57,0.6,0.03,0.03,78038.16,1777042659000
1777042660.758,160.758,0.4,0.41,0.59,0.6,0.01,0.01,78038.16,1777042659000
1777042661.386,161.386,0.4,0.41,0.59,0.6,0.01,0.01,78037.51,1777042660000
1777042662.421,162.421,0.4,0.41,0.59,0.6,0.01,0.01,78031.54,1777042661000
1777042662.79,162.79,0.4,0.41,0.59,0.6,0.01,0.01,78031.54,1777042661000
1777042663.181,163.181,0.4,0.41,0.59,0.6,0.01,0.01,78024.76,1777042662000
1777042663.568,163.568,0.4,0.41,0.59,0.6,0.01,0.01,78024.76,1777042662000
1777042663.916,163.916,0.4,0.41,0.59,0.6,0.01,0.01,78024.76,1777042662000
1777042664.263,164.263,0.39,0.4,0.6,0.61,0.01,0.01,78023.89,1777042663000
1777042664.612,164.612,0.37,0.38,0.62,0.63,0.01,0.01,78023.89,1777042663000
1777042665.014,165.014,0.36,0.38,0.62,0.63,0.02,0.01,78023.89,1777042663000
1777042665.483,165.483,0.36,0.37,0.63,0.64,0.01,0.01,78023.79,1777042664000
1777042665.819,165.819,0.35,0.36,0.64,0.65,0.01,0.01,78023.79,1777042664000
1777042666.326,166.326,0.35,0.36,0.64,0.65,0.01,0.01,78023.79,1777042664000
1777042666.749,166.749,0.35,0.36,0.64,0.65,0.01,0.01,78023.12,1777042665000
1777042667.104,167.104,0.35,0.36,0.64,0.65,0.01,0.01,78023.57,1777042666000
1777042668.011,168.011,0.35,0.36,0.64,0.65,0.01,0.01,78023.57,1777042666000
1777042668.377,168.377,0.35,0.36,0.64,0.65,0.01,0.01,78024.3,1777042667000
1777042668.825,168.825,0.35,0.36,0.64,0.65,0.01,0.01,78024.3,1777042667000
1777042669.169,169.169,0.35,0.36,0.64,0.65,0.01,0.01,78025.21,1777042668000
1777042669.996,169.996,0.36,0.37,0.63,0.64,0.01,0.01,78025.04,1777042669000
1777042670.413,170.413,0.36,0.37,0.63,0.64,0.01,0.01,78025.04,1777042669000
1777042670.876,170.876,0.36,0.37,0.63,0.64,0.01,0.01,78025.04,1777042669000
1777042671.843,171.843,0.36,0.38,0.63,0.64,0.02,0.01,78024.76,1777042670000
1777042672.409,172.409,0.36,0.38,0.62,0.64,0.02,0.02,78025.47,1777042671000
1777042672.954,172.954,0.36,0.38,0.62,0.64,0.02,0.02,78027.37,1777042672000
1777042673.783,173.783,0.36,0.37,0.62,0.64,0.01,0.02,78027.37,1777042672000
1777042674.123,174.123,0.37,0.38,0.62,0.63,0.01,0.01,78027.37,1777042672000
1777042674.511,174.511,0.37,0.38,0.61,0.63,0.01,0.02,78027.82,1777042673000
1777042674.96,174.96,0.38,0.4,0.61,0.62,0.02,0.01,78027.82,1777042673000
1777042675.381,175.381,0.39,0.43,0.57,0.62,0.04,0.05,78028.29,1777042674000
1777042675.732,175.732,0.42,0.44,0.56,0.58,0.02,0.02,78028.29,1777042674000
1777042676.174,176.174,0.43,0.44,0.56,0.57,0.01,0.01,78028.29,1777042674000
1777042676.638,176.638,0.43,0.44,0.56,0.57,0.01,0.01,78028.29,1777042674000
1777042677.298,177.298,0.44,0.45,0.56,0.57,0.01,0.01,78031.78,1777042675000
1777042677.892,177.892,0.44,0.45,0.55,0.56,0.01,0.01,78033.62,1777042676000
1777042678.634,178.634,0.44,0.45,0.55,0.56,0.01,0.01,78033.16,1777042677000
1777042678.995,178.995,0.44,0.45,0.55,0.56,0.01,0.01,78033.16,1777042677000
1777042679.429,179.429,0.44,0.47,0.54,0.56,0.03,0.02,78033.16,1777042678000
1777042680.116,180.116,0.45,0.46,0.54,0.55,0.01,0.01,78033.16,1777042678000
1777042680.472,180.472,0.46,0.47,0.53,0.54,0.01,0.01,78033.16,1777042678000
1777042680.979,180.979,0.47,0.48,0.52,0.54,0.01,0.02,78035.82,1777042679000
1777042681.32,181.32,0.47,0.48,0.52,0.53,0.01,0.01,78035.82,1777042679000
1777042681.705,181.705,0.47,0.48,0.52,0.53,0.01,0.01,78035.86,1777042680000
1777042682.209,182.209,0.47,0.48,0.52,0.53,0.01,0.01,78035.86,1777042680000
1777042682.566,182.566,0.47,0.48,0.52,0.53,0.01,0.01,78035.86,1777042680000
1777042682.992,182.992,0.47,0.48,0.52,0.53,0.01,0.01,78039.23,1777042681000
1777042683.437,183.437,0.47,0.48,0.52,0.53,0.01,0.01,78036.66,1777042682000
1777042684.146,184.146,0.47,0.48,0.52,0.53,0.01,0.01,78036.16,1777042683000
1777042684.736,184.736,0.47,0.49,0.52,0.53,0.02,0.01,78036.16,1777042683000
1777042685.075,185.075,0.47,0.49,0.52,0.53,0.02,0.01,78036.16,1777042683000
1777042685.458,185.458,0.47,0.49,0.51,0.53,0.02,0.02,78036.16,1777042683000
1777042685.921,185.921,0.47,0.48,0.52,0.53,0.01,0.01,78037.11,1777042684000
1777042686.273,186.273,0.47,0.48,0.52,0.53,0.01,0.01,78037.11,1777042684000
1777042686.611,186.611,0.44,0.47,0.52,0.54,0.03,0.02,78037.24,1777042685000
1777042686.965,186.965,0.46,0.47,0.53,0.54,0.01,0.01,78037.24,1777042685000
1777042687.598,187.598,0.45,0.47,0.53,0.55,0.02,0.02,78037.72,1777042686000
1777042688.0,188.0,0.46,0.47,0.53,0.54,0.01,0.01,78037.72,1777042686000
1777042688.343,188.343,0.46,0.47,0.53,0.54,0.01,0.01,78037.32,1777042687000
1777042688.679,188.679,0.47,0.48,0.52,0.53,0.01,0.01,78037.32,1777042687000
1777042689.053,189.053,0.49,0.5,0.5,0.51,0.01,0.01,78037.32,1777042687000
1777042689.673,189.673,0.49,0.5,0.5,0.51,0.01,0.01,78036.93,1777042688000
1777042690.135,190.135,0.49,0.5,0.5,0.51,0.01,0.01,78036.93,1777042688000
1777042690.78,190.78,0.5,0.51,0.49,0.5,0.01,0.01,78038.56,1777042689000
1777042691.246,191.246,0.5,0.51,0.49,0.5,0.01,0.01,78038.56,1777042689000
1777042691.697,191.697,0.5,0.51,0.49,0.5,0.01,0.01,78040.46,1777042690000
1777042692.047,192.047,0.5,0.54,0.47,0.5,0.04,0.03,78040.46,1777042690000
1777042692.401,192.401,0.61,0.62,0.38,0.39,0.01,0.01,78040.46,1777042690000
1777042692.754,192.754,0.55,0.58,0.42,0.45,0.03,0.03,78041.13,1777042691000
1777042693.163,193.163,0.55,0.56,0.44,0.45,0.01,0.01,78041.13,1777042691000
1777042693.56,193.56,0.55,0.56,0.44,0.45,0.01,0.01,78047.78,1777042692000
1777042693.956,193.956,0.55,0.56,0.44,0.45,0.01,0.01,78047.78,1777042692000
1777042694.366,194.366,0.55,0.56,0.44,0.45,0.01,0.01,78047.55,1777042693000
1777042694.716,194.716,0.55,0.57,0.44,0.45,0.02,0.01,78047.55,1777042693000
1777042695.084,195.084,0.59,0.63,0.39,0.41,0.04,0.02,78047.55,1777042693000
1777042695.709,195.709,0.62,0.65,0.35,0.38,0.03,0.03,78046.31,1777042694000
1777042696.129,196.129,0.64,0.65,0.35,0.38,0.01,0.03,78047.8,1777042695000
1777042696.47,196.47,0.64,0.65,0.35,0.36,0.01,0.01,78047.8,1777042695000
1777042696.87,196.87,0.64,0.66,0.34,0.36,0.02,0.02,78047.8,1777042695000
1777042697.205,197.205,0.64,0.65,0.35,0.36,0.01,0.01,78054.05,1777042696000
1777042697.654,197.654,0.64,0.65,0.35,0.36,0.01,0.01,78054.05,1777042696000
1777042698.065,198.065,0.64,0.65,0.35,0.36,0.01,0.01,78054.05,1777042696000
1777042698.621,198.621,0.64,0.65,0.35,0.36,0.01,0.01,78054.17,1777042697000
1777042698.955,198.955,0.64,0.65,0.35,0.36,0.01,0.01,78054.17,1777042697000
1777042699.372,199.372,0.64,0.65,0.35,0.36,0.01,0.01,78054.17,1777042697000
1777042699.823,199.823,0.65,0.66,0.35,0.36,0.01,0.01,78055.24,1777042698000
1777042700.192,200.192,0.65,0.66,0.34,0.35,0.01,0.01,78055.24,1777042699000
1777042700.528,200.528,0.65,0.66,0.34,0.35,0.01,0.01,78055.24,1777042699000
1777042700.986,200.986,0.65,0.66,0.34,0.35,0.01,0.01,78055.24,1777042699000
1777042701.399,201.399,0.64,0.65,0.34,0.36,0.01,0.02,78055.56,1777042700000
1777042702.463,202.463,0.64,0.65,0.35,0.36,0.01,0.01,78054.31,1777042701000
1777042702.898,202.898,0.64,0.65,0.35,0.36,0.01,0.01,78054.31,1777042701000
1777042703.435,203.435,0.64,0.65,0.35,0.36,0.01,0.01,78054.43,1777042702000
1777042703.899,203.899,0.64,0.65,0.35,0.36,0.01,0.01,78054.43,1777042702000
1777042704.234,204.234,0.64,0.65,0.35,0.36,0.01,0.01,78054.58,1777042703000
1777042704.644,204.644,0.64,0.65,0.35,0.36,0.01,0.01,78054.58,1777042703000
1777042705.024,205.024,0.64,0.65,0.35,0.36,0.01,0.01,78054.58,1777042703000
1777042705.387,205.387,0.64,0.65,0.35,0.36,0.01,0.01,78054.58,1777042703000
1777042705.812,205.812,0.64,0.65,0.35,0.36,0.01,0.01,78055.35,1777042704000
1777042706.172,206.172,0.64,0.65,0.35,0.36,0.01,0.01,78055.35,1777042704000
1777042706.558,206.558,0.64,0.65,0.35,0.36,0.01,0.01,78055.35,1777042705000
1777042707.067,207.067,0.64,0.65,0.35,0.36,0.01,0.01,78055.35,1777042705000
1777042707.45,207.45,0.64,0.65,0.35,0.36,0.01,0.01,78055.37,1777042706000
1777042707.941,207.941,0.64,0.65,0.35,0.36,0.01,0.01,78055.37,1777042706000
1777042708.361,208.361,0.64,0.65,0.35,0.36,0.01,0.01,78055.37,1777042706000
1777042708.798,208.798,0.64,0.65,0.35,0.36,0.01,0.01,78055.37,1777042706000
1777042709.179,209.179,0.64,0.65,0.35,0.36,0.01,0.01,78055.72,1777042707000
1777042709.65,209.65,0.66,0.69,0.31,0.34,0.03,0.03,78055.73,1777042708000
1777042709.987,209.987,0.67,0.7,0.32,0.33,0.03,0.01,78055.73,1777042708000
1777042710.395,210.395,0.7,0.71,0.27,0.31,0.01,0.04,78055.74,1777042709000
1777042710.791,210.791,0.73,0.74,0.26,0.3,0.01,0.04,78055.74,1777042709000
1777042711.14,211.14,0.73,0.74,0.26,0.27,0.01,0.01,78055.74,1777042709000
1777042711.484,211.484,0.72,0.73,0.26,0.28,0.01,0.02,78059.21,1777042710000
1777042711.874,211.874,0.71,0.72,0.28,0.29,0.01,0.01,78059.21,1777042710000
1777042712.234,212.234,0.71,0.72,0.28,0.29,0.01,0.01,78059.21,1777042710000
1777042712.577,212.577,0.71,0.72,0.28,0.29,0.01,0.01,78064.34,1777042711000
1777042713.044,213.044,0.71,0.72,0.28,0.29,0.01,0.01,78064.34,1777042711000
1777042713.415,213.415,0.71,0.72,0.28,0.29,0.01,0.01,78062.9,1777042712000
1777042713.986,213.986,0.71,0.72,0.28,0.29,0.01,0.01,78062.49,1777042713000
1777042714.362,214.362,0.71,0.72,0.28,0.29,0.01,0.01,78062.49,1777042713000
1777042715.085,215.085,0.71,0.72,0.28,0.29,0.01,0.01,78062.49,1777042713000
1777042715.498,215.498,0.64,0.72,0.28,0.36,0.08,0.08,78061.85,1777042714000
1777042715.862,215.862,0.51,0.52,0.48,0.49,0.01,0.01,78061.85,1777042714000
1777042716.216,216.216,0.51,0.52,0.48,0.49,0.01,0.01,78061.17,1777042715000
1777042716.579,216.579,0.51,0.53,0.47,0.49,0.02,0.02,78061.17,1777042715000
1777042716.936,216.936,0.53,0.54,0.46,0.47,0.01,0.01,78061.17,1777042715000
1777042717.334,217.334,0.53,0.54,0.46,0.47,0.01,0.01,78049.3,1777042716000
1777042717.703,217.703,0.53,0.54,0.46,0.47,0.01,0.01,78049.3,1777042716000
1777042718.068,218.068,0.52,0.54,0.46,0.47,0.02,0.01,78049.3,1777042716000
1777042718.544,218.544,0.51,0.54,0.46,0.47,0.03,0.01,78047.67,1777042717000
1777042719.011,219.011,0.51,0.52,0.46,0.49,0.01,0.03,78047.67,1777042717000
1777042719.357,219.357,0.47,0.5,0.5,0.51,0.03,0.01,78047.67,1777042717000
1777042719.692,219.692,0.46,0.48,0.52,0.54,0.02,0.02,78044.8,1777042718000
1777042720.073,220.073,0.45,0.47,0.53,0.55,0.02,0.02,78044.8,1777042718000
1777042720.484,220.484,0.4,0.41,0.58,0.6,0.01,0.02,78044.76,1777042719000
1777042720.828,220.828,0.46,0.49,0.51,0.54,0.03,0.03,78044.76,1777042719000
1777042721.164,221.164,0.55,0.56,0.44,0.47,0.01,0.03,78044.76,1777042719000
1777042721.563,221.563,0.55,0.56,0.44,0.45,0.01,0.01,78043.2,1777042720000
1777042722.025,222.025,0.55,0.56,0.44,0.45,0.01,0.01,78043.2,1777042720000
1777042722.406,222.406,0.52,0.53,0.46,0.47,0.01,0.01,78041.48,1777042721000
1777042722.791,222.791,0.52,0.53,0.47,0.48,0.01,0.01,78041.48,1777042721000
1777042723.21,223.21,0.52,0.53,0.47,0.48,0.01,0.01,78041.48,1777042721000
1777042723.572,223.572,0.51,0.52,0.48,0.49,0.01,0.01,78044.16,1777042722000
1777042724.14,224.14,0.51,0.52,0.48,0.49,0.01,0.01,78044.16,1777042722000
1777042724.794,224.794,0.51,0.52,0.48,0.49,0.01,0.01,78044.39,1777042723000
1777042725.281,225.281,0.51,0.52,0.48,0.49,0.01,0.01,78044.39,1777042723000
1777042725.676,225.676,0.51,0.52,0.48,0.49,0.01,0.01,78044.13,1777042724000
1777042726.052,226.052,0.49,0.51,0.48,0.51,0.02,0.03,78044.13,1777042724000
1777042726.403,226.403,0.39,0.47,0.53,0.61,0.08,0.08,78044.02,1777042725000
1777042726.757,226.757,0.39,0.4,0.6,0.61,0.01,0.01,78044.02,1777042725000
1777042727.24,227.24,0.39,0.4,0.6,0.61,0.01,0.01,78044.02,1777042725000
1777042727.622,227.622,0.39,0.4,0.6,0.61,0.01,0.01,78042.71,1777042726000
1777042728.015,228.015,0.39,0.4,0.6,0.61,0.01,0.01,78042.71,1777042726000
1777042728.363,228.363,0.38,0.39,0.61,0.62,0.01,0.01,78036.22,1777042727000
1777042728.771,228.771,0.38,0.39,0.61,0.62,0.01,0.01,78036.22,1777042727000
1777042729.302,229.302,0.38,0.39,0.61,0.62,0.01,0.01,78034.29,1777042728000
1777042729.687,229.687,0.38,0.39,0.61,0.62,0.01,0.01,78034.29,1777042728000
1777042730.032,230.032,0.38,0.39,0.61,0.62,0.01,0.01,78033.07,1777042729000
1777042730.965,230.965,0.38,0.4,0.61,0.62,0.02,0.01,78033.07,1777042729000
1777042731.347,231.347,0.45,0.46,0.52,0.56,0.01,0.04,78033.53,1777042730000
1777042731.732,231.732,0.45,0.48,0.53,0.55,0.03,0.02,78033.53,1777042730000
1777042732.12,232.12,0.54,0.56,0.44,0.46,0.02,0.02,78033.53,1777042730000
1777042732.454,232.454,0.55,0.57,0.44,0.45,0.02,0.01,78036.0,1777042731000
1777042732.79,232.79,0.56,0.57,0.43,0.44,0.01,0.01,78036.0,1777042731000
1777042733.129,233.129,0.56,0.57,0.43,0.44,0.01,0.01,78036.0,1777042731000
1777042733.494,233.494,0.57,0.58,0.42,0.43,0.01,0.01,78039.24,1777042732000
1777042733.877,233.877,0.57,0.58,0.42,0.43,0.01,0.01,78039.24,1777042732000
1777042734.271,234.271,0.56,0.57,0.43,0.44,0.01,0.01,78042.8,1777042733000
1777042735.085,235.085,0.56,0.57,0.43,0.44,0.01,0.01,78042.8,1777042733000
1777042735.496,235.496,0.57,0.58,0.42,0.43,0.01,0.01,78042.8,1777042733000
1777042736.157,236.157,0.57,0.58,0.42,0.43,0.01,0.01,78044.76,1777042735000
1777042736.639,236.639,0.57,0.58,0.42,0.43,0.01,0.01,78044.76,1777042735000
1777042736.98,236.98,0.58,0.59,0.41,0.42,0.01,0.01,78044.76,1777042735000
1777042737.357,237.357,0.58,0.59,0.41,0.42,0.01,0.01,78044.68,1777042736000
1777042737.739,237.739,0.52,0.55,0.41,0.42,0.03,0.01,78044.68,1777042736000
1777042738.112,238.112,0.52,0.53,0.47,0.48,0.01,0.01,78044.68,1777042736000
1777042738.48,238.48,0.52,0.53,0.47,0.48,0.01,0.01,78045.84,1777042737000
1777042739.284,239.284,0.52,0.53,0.47,0.48,0.01,0.01,78045.84,1777042737000
1777042739.771,239.771,0.55,0.58,0.44,0.47,0.03,0.03,78045.76,1777042738000
1777042740.219,240.219,0.58,0.59,0.42,0.45,0.01,0.03,78045.75,1777042739000
1777042740.597,240.597,0.58,0.59,0.41,0.42,0.01,0.01,78045.75,1777042739000
1777042741.116,241.116,0.57,0.58,0.42,0.43,0.01,0.01,78044.51,1777042740000
1777042742.132,242.132,0.57,0.58,0.42,0.43,0.01,0.01,78044.51,1777042740000
1777042742.466,242.466,0.56,0.58,0.42,0.43,0.02,0.01,78044.8,1777042741000
1777042743.31,243.31,0.56,0.57,0.43,0.44,0.01,0.01,78043.53,1777042742000
1777042743.708,243.708,0.57,0.58,0.43,0.44,0.01,0.01,78043.53,1777042742000
1777042744.38,244.38,0.57,0.58,0.42,0.43,0.01,0.01,78043.53,1777042742000
1777042744.752,244.752,0.57,0.58,0.42,0.43,0.01,0.01,78044.29,1777042743000
1777042745.172,245.172,0.58,0.59,0.41,0.42,0.01,0.01,78044.69,1777042744000
1777042745.548,245.548,0.59,0.6,0.4,0.42,0.01,0.02,78044.69,1777042744000
1777042745.912,245.912,0.59,0.6,0.4,0.41,0.01,0.01,78044.69,1777042744000
1777042746.3,246.3,0.57,0.59,0.4,0.41,0.02,0.01,78045.59,1777042745000
1777042746.643,246.643,0.54,0.55,0.45,0.46,0.01,0.01,78045.59,1777042745000
1777042747.022,247.022,0.53,0.54,0.46,0.47,0.01,0.01,78045.59,1777042745000
1777042747.428,247.428,0.52,0.54,0.46,0.47,0.02,0.01,78045.88,1777042746000
1777042747.776,247.776,0.53,0.54,0.46,0.47,0.01,0.01,78045.88,1777042746000
1777042748.162,248.162,0.53,0.54,0.46,0.47,0.01,0.01,78045.88,1777042746000
1777042748.519,248.519,0.53,0.54,0.46,0.47,0.01,0.01,78045.63,1777042747000
1777042748.955,248.955,0.53,0.54,0.46,0.47,0.01,0.01,78045.63,1777042747000
1777042749.354,249.354,0.53,0.54,0.46,0.47,0.01,0.01,78044.95,1777042748000
1777042749.767,249.767,0.52,0.53,0.46,0.47,0.01,0.01,78044.95,1777042748000
1777042750.107,250.107,0.45,0.48,0.52,0.54,0.03,0.02,78045.31,1777042749000
1777042750.452,250.452,0.47,0.48,0.52,0.53,0.01,0.01,78045.31,1777042749000
1777042750.825,250.825,0.5,0.51,0.49,0.5,0.01,0.01,78045.31,1777042749000
1777042751.23,251.23,0.51,0.52,0.48,0.49,0.01,0.01,78045.31,1777042749000
1777042751.573,251.573,0.5,0.51,0.49,0.5,0.01,0.01,78044.85,1777042750000
1777042751.944,251.944,0.5,0.51,0.49,0.5,0.01,0.01,78044.85,1777042750000
1777042752.494,252.494,0.49,0.5,0.49,0.5,0.01,0.01,78043.83,1777042751000
1777042752.983,252.983,0.52,0.53,0.47,0.48,0.01,0.01,78043.83,1777042751000
1777042753.379,253.379,0.5,0.53,0.47,0.48,0.03,0.01,78043.83,1777042751000
1777042753.999,253.999,0.5,0.52,0.49,0.5,0.02,0.01,78043.39,1777042752000
1777042754.398,254.398,0.49,0.54,0.46,0.47,0.05,0.01,78043.39,1777042752000
1777042755.01,255.01,0.49,0.5,0.5,0.51,0.01,0.01,78043.07,1777042753000
1777042755.392,255.392,0.52,0.53,0.47,0.5,0.01,0.03,78042.91,1777042754000
1777042755.819,255.819,0.54,0.55,0.45,0.48,0.01,0.03,78042.91,1777042754000
1777042756.157,256.157,0.54,0.55,0.44,0.47,0.01,0.03,78042.91,1777042754000
1777042756.544,256.544,0.49,0.5,0.5,0.52,0.01,0.02,78043.05,1777042755000
1777042756.935,256.935,0.49,0.5,0.5,0.51,0.01,0.01,78043.05,1777042755000
1777042757.29,257.29,0.49,0.5,0.5,0.51,0.01,0.01,78043.05,1777042755000
1777042757.625,257.625,0.55,0.56,0.44,0.45,0.01,0.01,78043.05,1777042756000
1777042757.983,257.983,0.52,0.54,0.46,0.48,0.02,0.02,78043.14,1777042757000
1777042758.36,258.36,0.53,0.58,0.46,0.48,0.05,0.02,78043.14,1777042757000
1777042758.83,258.83,0.57,0.58,0.42,0.47,0.01,0.05,78043.14,1777042757000
1777042759.417,259.417,0.59,0.6,0.41,0.43,0.01,0.02,78041.92,1777042758000
1777042759.752,259.752,0.61,0.63,0.37,0.38,0.02,0.01,78041.92,1777042758000
1777042760.133,260.133,0.61,0.62,0.38,0.39,0.01,0.01,78041.92,1777042758000
1777042760.485,260.485,0.64,0.65,0.35,0.36,0.01,0.01,78041.83,1777042759000
1777042760.82,260.82,0.65,0.66,0.34,0.36,0.01,0.02,78041.83,1777042759000
1777042761.17,261.17,0.65,0.66,0.34,0.35,0.01,0.01,78041.83,1777042759000
1777042761.516,261.516,0.63,0.64,0.35,0.36,0.01,0.01,78043.65,1777042760000
1777042761.95,261.95,0.65,0.67,0.34,0.37,0.02,0.03,78043.65,1777042760000
1777042762.285,262.285,0.67,0.68,0.32,0.33,0.01,0.01,78044.27,1777042761000
1777042762.621,262.621,0.68,0.69,0.31,0.33,0.01,0.02,78044.27,1777042761000
1777042763.148,263.148,0.68,0.69,0.31,0.32,0.01,0.01,78044.27,1777042761000
1777042763.502,263.502,0.68,0.69,0.31,0.32,0.01,0.01,78045.94,1777042762000
1777042763.86,263.86,0.68,0.69,0.31,0.32,0.01,0.01,78045.94,1777042762000
1777042764.235,264.235,0.67,0.69,0.31,0.32,0.02,0.01,78046.34,1777042763000
1777042764.57,264.57,0.67,0.68,0.32,0.33,0.01,0.01,78046.34,1777042763000
1777042764.981,264.981,0.66,0.67,0.33,0.34,0.01,0.01,78047.26,1777042764000
1777042765.417,265.417,0.66,0.67,0.33,0.34,0.01,0.01,78047.26,1777042764000
1777042765.79,265.79,0.65,0.66,0.34,0.35,0.01,0.01,78047.26,1777042764000
1777042766.383,266.383,0.63,0.64,0.36,0.37,0.01,0.01,78047.26,1777042764000
1777042766.717,266.717,0.63,0.64,0.36,0.37,0.01,0.01,78046.88,1777042765000
1777042767.126,267.126,0.63,0.64,0.36,0.37,0.01,0.01,78046.88,1777042765000
1777042767.475,267.475,0.63,0.64,0.36,0.37,0.01,0.01,78046.88,1777042765000
1777042767.833,267.833,0.63,0.64,0.36,0.37,0.01,0.01,78046.88,1777042765000
1777042768.315,268.315,0.63,0.64,0.36,0.37,0.01,0.01,78046.94,1777042766000
1777042768.794,268.794,0.63,0.64,0.36,0.37,0.01,0.01,78046.94,1777042766000
1777042769.14,269.14,0.57,0.58,0.42,0.43,0.01,0.01,78046.88,1777042767000
1777042769.477,269.477,0.57,0.58,0.42,0.43,0.01,0.01,78046.88,1777042767000
1777042769.813,269.813,0.57,0.58,0.42,0.43,0.01,0.01,78046.88,1777042768000
1777042770.174,270.174,0.57,0.58,0.42,0.43,0.01,0.01,78046.88,1777042768000
1777042771.056,271.056,0.57,0.58,0.42,0.43,0.01,0.01,78045.55,1777042769000
1777042771.515,271.515,0.57,0.58,0.42,0.43,0.01,0.01,78045.15,1777042770000
1777042771.904,271.904,0.57,0.59,0.42,0.43,0.02,0.01,78045.15,1777042770000
1777042772.371,272.371,0.6,0.61,0.4,0.42,0.01,0.02,78045.15,1777042770000
1777042772.73,272.73,0.6,0.61,0.39,0.4,0.01,0.01,78045.15,1777042770000
1777042773.363,273.363,0.62,0.63,0.37,0.4,0.01,0.03,78045.56,1777042771000
1777042773.707,273.707,0.62,0.63,0.37,0.38,0.01,0.01,78045.84,1777042772000
1777042774.44,274.44,0.62,0.63,0.37,0.38,0.01,0.01,78045.84,1777042772000
1777042774.825,274.825,0.62,0.63,0.37,0.38,0.01,0.01,78046.72,1777042773000
1777042775.299,275.299,0.62,0.67,0.33,0.38,0.05,0.05,78046.87,1777042774000
1777042775.643,275.643,0.68,0.69,0.32,0.33,0.01,0.01,78046.87,1777042774000
1777042775.979,275.979,0.69,0.7,0.3,0.31,0.01,0.01,78046.87,1777042774000
1777042776.481,276.481,0.6,0.63,0.37,0.38,0.03,0.01,78046.87,1777042774000
1777042776.935,276.935,0.6,0.61,0.39,0.4,0.01,0.01,78046.93,1777042775000
1777042777.271,277.271,0.57,0.58,0.42,0.43,0.01,0.01,78046.93,1777042775000
1777042777.795,277.795,0.6,0.61,0.37,0.4,0.01,0.03,78046.93,1777042776000
1777042778.192,278.192,0.63,0.64,0.36,0.37,0.01,0.01,78046.93,1777042776000
1777042778.659,278.659,0.64,0.65,0.36,0.37,0.01,0.01,78046.85,1777042777000
1777042779.007,279.007,0.66,0.67,0.33,0.34,0.01,0.01,78046.85,1777042777000
1777042779.34,279.34,0.66,0.67,0.33,0.34,0.01,0.01,78046.85,1777042777000
1777042779.714,279.714,0.66,0.67,0.33,0.34,0.01,0.01,78046.85,1777042777000
1777042780.145,280.145,0.66,0.67,0.33,0.34,0.01,0.01,78045.44,1777042778000
1777042780.505,280.505,0.66,0.67,0.33,0.34,0.01,0.01,78045.44,1777042778000
1777042780.847,280.847,0.66,0.67,0.33,0.34,0.01,0.01,78046.59,1777042779000
1777042781.19,281.19,0.69,0.7,0.3,0.31,0.01,0.01,78046.59,1777042779000
1777042781.527,281.527,0.69,0.7,0.3,0.31,0.01,0.01,78046.59,1777042779000
1777042781.927,281.927,0.69,0.7,0.3,0.31,0.01,0.01,78046.85,1777042780000
1777042782.279,282.279,0.69,0.7,0.3,0.31,0.01,0.01,78046.85,1777042780000
1777042782.623,282.623,0.66,0.67,0.33,0.34,0.01,0.01,78047.11,1777042781000
1777042783.094,283.094,0.64,0.65,0.34,0.36,0.01,0.02,78047.11,1777042781000
1777042783.431,283.431,0.62,0.64,0.36,0.37,0.02,0.01,78047.89,1777042782000
1777042784.038,284.038,0.69,0.7,0.34,0.36,0.01,0.02,78047.89,1777042782000
1777042784.446,284.446,0.69,0.7,0.3,0.31,0.01,0.01,78047.89,1777042782000
1777042784.796,284.796,0.71,0.72,0.29,0.3,0.01,0.01,78047.96,1777042783000
1777042785.213,285.213,0.71,0.73,0.27,0.29,0.02,0.02,78047.96,1777042783000
1777042785.547,285.547,0.71,0.73,0.27,0.29,0.02,0.02,78047.96,1777042783000
1777042785.889,285.889,0.68,0.73,0.27,0.28,0.05,0.01,78048.11,1777042784000
1777042786.242,286.242,0.66,0.67,0.31,0.34,0.01,0.03,78048.11,1777042784000
1777042786.597,286.597,0.66,0.67,0.33,0.34,0.01,0.01,78048.58,1777042785000
1777042786.98,286.98,0.73,0.74,0.26,0.27,0.01,0.01,78048.58,1777042785000
1777042787.493,287.493,0.89,0.9,0.1,0.11,0.01,0.01,78047.68,1777042786000
1777042787.86,287.86,0.89,0.9,0.1,0.11,0.01,0.01,78047.68,1777042786000
1777042788.242,288.242,0.89,0.9,0.1,0.11,0.01,0.01,78047.68,1777042787000
1777042788.58,288.58,0.89,0.9,0.1,0.11,0.01,0.01,78047.68,1777042787000
1777042788.925,288.925,0.89,0.9,0.1,0.11,0.01,0.01,78047.68,1777042787000
1777042789.272,289.272,0.91,0.92,0.08,0.09,0.01,0.01,78047.68,1777042787000
1777042789.655,289.655,0.92,0.94,0.07,0.08,0.02,0.01,78056.09,1777042788000
1777042789.991,289.991,0.93,0.95,0.06,0.07,0.02,0.01,78056.09,1777042788000
1777042790.332,290.332,0.94,0.95,0.05,0.07,0.01,0.02,78056.09,1777042788000
1777042790.67,290.67,0.94,0.95,0.05,0.06,0.01,0.01,78056.71,1777042789000
1777042791.009,291.009,0.94,0.95,0.05,0.06,0.01,0.01,78056.71,1777042789000
1777042791.419,291.419,0.95,0.96,0.04,0.05,0.01,0.01,78061.2,1777042790000
1777042791.78,291.78,0.96,0.97,0.03,0.04,0.01,0.01,78061.2,1777042790000
1777042792.157,292.157,0.96,0.97,0.03,0.04,0.01,0.01,78061.2,1777042790000
1777042792.538,292.538,0.96,0.97,0.03,0.04,0.01,0.01,78064.15,1777042791000
1777042792.884,292.884,0.96,0.97,0.03,0.04,0.01,0.01,78064.15,1777042791000
1777042793.222,293.222,0.96,0.97,0.03,0.04,0.01,0.01,78064.15,1777042791000
1777042793.608,293.608,0.97,0.99,0.02,0.04,0.02,0.02,78064.15,1777042791000
1777042793.979,293.979,0.97,0.99,0.02,0.03,0.02,0.01,78067.11,1777042792000
1777042794.32,294.32,0.98,0.99,0.01,0.02,0.01,0.01,78067.22,1777042793000
1777042794.661,294.661,0.98,0.99,0.01,0.02,0.01,0.01,78067.22,1777042793000
1777042795.147,295.147,0.98,0.99,0.01,0.02,0.01,0.01,78067.22,1777042793000
1777042795.664,295.664,0.98,0.99,0.01,0.02,0.01,0.01,78069.18,1777042794000
1777042796.016,296.016,0.98,0.99,0.01,0.02,0.01,0.01,78069.18,1777042794000
1777042796.438,296.438,0.99,0.99,0.01,0.01,0.0,0.0,78069.18,1777042794000
1777042796.777,296.777,0.99,0.99,0.01,0.01,0.0,0.0,78067.68,1777042795000
1777042797.299,297.299,0.99,0.99,0.01,0.01,0.0,0.0,78067.68,1777042795000
1777042797.67,297.67,0.99,0.99,0.01,0.01,0.0,0.0,78068.05,1777042796000
1777042798.095,298.095,0.99,0.99,0.01,0.01,0.0,0.0,78068.1,1777042797000
1777042798.803,298.803,0.99,0.99,0.01,0.01,0.0,0.0,78068.1,1777042797000
1777042799.155,299.155,0.99,0.99,0.01,0.01,0.0,0.0,78067.11,1777042798000
1777042799.945,299.945,0.99,0.99,0.01,0.01,0.0,0.0,78067.11,1777042798000
1777042800.32,300.32,0.99,0.99,0.01,0.01,0.0,0.0,78067.11,1777042799000
1777042800.774,300.774,0.99,0.99,0.01,0.01,0.0,0.0,78067.11,1777042799000
1777042801.399,301.399,0.99,0.99,0.01,0.01,0.0,0.0,78068.84,1777042800000
1777042802.387,302.387,0.99,0.99,0.01,0.01,0.0,0.0,78068.43,1777042801000

# RESULT,winner=Up,slug=btc-updown-5m-1777042500,ticks=667
