timestamp,elapsed_sec,up_bid,up_ask,down_bid,down_ask,up_spread,down_spread,btc_price,btc_oracle_ts
1777115100.693,0.693,0.53,0.54,0.46,0.47,0.01,0.01,77790.74,1777115099000
1777115101.032,1.032,0.53,0.55,0.46,0.47,0.02,0.01,77790.74,1777115099000
1777115101.485,1.485,0.54,0.55,0.45,0.47,0.01,0.02,77790.8,1777115100000
1777115102.179,2.179,0.54,0.55,0.45,0.46,0.01,0.01,77790.8,1777115100000
1777115103.572,3.572,0.54,0.55,0.45,0.46,0.01,0.01,77790.8,1777115101000
1777115104.233,4.233,0.54,0.55,0.45,0.46,0.01,0.01,77790.88,1777115102000
1777115104.666,4.666,0.54,0.55,0.45,0.46,0.01,0.01,77791.55,1777115103000
1777115105.051,5.051,0.54,0.55,0.45,0.46,0.01,0.01,77791.55,1777115103000
1777115105.596,5.596,0.54,0.56,0.45,0.46,0.02,0.01,77791.53,1777115104000
1777115105.981,5.981,0.54,0.55,0.44,0.46,0.01,0.02,77791.53,1777115104000
1777115107.175,7.175,0.54,0.55,0.45,0.46,0.01,0.01,77791.53,1777115106000
1777115108.008,8.008,0.54,0.55,0.45,0.46,0.01,0.01,77791.53,1777115106000
1777115108.429,8.429,0.54,0.55,0.45,0.46,0.01,0.01,77791.53,1777115106000
1777115108.878,8.878,0.54,0.55,0.45,0.46,0.01,0.01,77791.53,1777115106000
1777115109.697,9.697,0.54,0.55,0.45,0.46,0.01,0.01,77791.56,1777115108000
1777115110.336,10.336,0.54,0.55,0.45,0.46,0.01,0.01,77791.56,1777115108000
1777115110.723,10.723,0.54,0.55,0.45,0.46,0.01,0.01,77791.57,1777115109000
1777115111.254,11.254,0.54,0.55,0.45,0.46,0.01,0.01,77791.57,1777115110000
1777115111.6,11.6,0.54,0.55,0.45,0.46,0.01,0.01,77791.57,1777115110000
1777115112.23,12.23,0.53,0.55,0.45,0.46,0.02,0.01,77791.59,1777115111000
1777115112.646,12.646,0.54,0.55,0.45,0.46,0.01,0.01,77791.59,1777115111000
1777115113.001,13.001,0.54,0.55,0.45,0.46,0.01,0.01,77791.59,1777115111000
1777115113.362,13.362,0.53,0.55,0.45,0.47,0.02,0.02,77791.59,1777115111000
1777115113.852,13.852,0.53,0.54,0.46,0.47,0.01,0.01,77791.09,1777115112000
1777115114.359,14.359,0.53,0.54,0.46,0.47,0.01,0.01,77791.12,1777115113000
1777115115.044,15.044,0.53,0.54,0.46,0.47,0.01,0.01,77791.12,1777115114000
1777115115.485,15.485,0.53,0.54,0.46,0.47,0.01,0.01,77791.12,1777115114000
1777115115.973,15.973,0.53,0.54,0.46,0.47,0.01,0.01,77791.12,1777115115000
1777115116.541,16.541,0.53,0.54,0.46,0.47,0.01,0.01,77791.12,1777115115000
1777115117.121,17.121,0.53,0.54,0.46,0.47,0.01,0.01,77791.09,1777115116000
1777115117.779,17.779,0.53,0.54,0.46,0.47,0.01,0.01,77791.09,1777115116000
1777115118.209,18.209,0.53,0.54,0.46,0.47,0.01,0.01,77790.36,1777115117000
1777115118.78,18.78,0.53,0.54,0.46,0.47,0.01,0.01,77790.36,1777115117000
1777115119.368,19.368,0.53,0.54,0.46,0.47,0.01,0.01,77790.35,1777115118000
1777115119.71,19.71,0.53,0.54,0.46,0.47,0.01,0.01,77790.35,1777115118000
1777115120.27,20.27,0.53,0.54,0.46,0.47,0.01,0.01,77790.35,1777115119000
1777115120.716,20.716,0.53,0.54,0.46,0.47,0.01,0.01,77790.35,1777115119000
1777115121.084,21.084,0.53,0.54,0.46,0.47,0.01,0.01,77790.32,1777115120000
1777115121.436,21.436,0.53,0.54,0.46,0.47,0.01,0.01,77790.32,1777115120000
1777115122.085,22.085,0.53,0.54,0.46,0.47,0.01,0.01,77790.32,1777115120000
1777115122.478,22.478,0.53,0.54,0.46,0.47,0.01,0.01,77790.32,1777115120000
1777115122.821,22.821,0.53,0.54,0.46,0.47,0.01,0.01,77790.34,1777115121000
1777115123.168,23.168,0.53,0.54,0.46,0.47,0.01,0.01,77789.96,1777115122000
1777115123.664,23.664,0.53,0.54,0.46,0.47,0.01,0.01,77789.96,1777115122000
1777115124.48,24.48,0.53,0.54,0.46,0.47,0.01,0.01,77789.99,1777115123000
1777115124.888,24.888,0.53,0.54,0.46,0.47,0.01,0.01,77789.99,1777115123000
1777115125.618,25.618,0.53,0.54,0.46,0.47,0.01,0.01,77790.07,1777115124000
1777115125.964,25.964,0.53,0.54,0.46,0.47,0.01,0.01,77790.07,1777115124000
1777115126.431,26.431,0.53,0.54,0.46,0.47,0.01,0.01,77790.03,1777115125000
1777115126.957,26.957,0.53,0.54,0.46,0.47,0.01,0.01,77790.03,1777115125000
1777115127.339,27.339,0.53,0.54,0.46,0.47,0.01,0.01,77789.99,1777115126000
1777115127.862,27.862,0.53,0.54,0.46,0.47,0.01,0.01,77789.99,1777115126000
1777115128.225,28.225,0.53,0.54,0.46,0.47,0.01,0.01,77789.99,1777115126000
1777115128.764,28.764,0.53,0.54,0.46,0.47,0.01,0.01,77789.92,1777115127000
1777115129.399,29.399,0.53,0.54,0.46,0.47,0.01,0.01,77789.85,1777115128000
1777115129.754,29.754,0.53,0.54,0.46,0.47,0.01,0.01,77789.85,1777115128000
1777115130.207,30.207,0.53,0.54,0.46,0.47,0.01,0.01,77789.81,1777115129000
1777115130.566,30.566,0.53,0.54,0.46,0.47,0.01,0.01,77789.81,1777115129000
1777115131.26,31.26,0.53,0.54,0.46,0.47,0.01,0.01,77789.81,1777115130000
1777115132.567,32.567,0.53,0.54,0.46,0.47,0.01,0.01,77787.21,1777115131000
1777115132.917,32.917,0.53,0.54,0.46,0.47,0.01,0.01,77787.21,1777115131000
1777115133.273,33.273,0.53,0.54,0.46,0.47,0.01,0.01,77783.01,1777115132000
1777115133.611,33.611,0.5,0.54,0.46,0.5,0.04,0.04,77783.01,1777115132000
1777115134.1,34.1,0.38,0.49,0.51,0.53,0.11,0.02,77783.01,1777115132000
1777115134.443,34.443,0.38,0.46,0.54,0.62,0.08,0.08,77781.32,1777115133000
1777115134.85,34.85,0.38,0.46,0.54,0.62,0.08,0.08,77781.32,1777115133000
1777115135.203,35.203,0.38,0.43,0.57,0.62,0.05,0.05,77781.32,1777115133000
1777115135.58,35.58,0.38,0.39,0.61,0.62,0.01,0.01,77781.31,1777115134000
1777115135.919,35.919,0.38,0.39,0.61,0.62,0.01,0.01,77781.31,1777115134000
1777115136.325,36.325,0.38,0.39,0.61,0.62,0.01,0.01,77781.31,1777115135000
1777115136.883,36.883,0.35,0.36,0.63,0.65,0.01,0.02,77781.31,1777115135000
1777115138.356,38.356,0.35,0.36,0.64,0.65,0.01,0.01,77776.32,1777115137000
1777115138.732,38.732,0.35,0.36,0.64,0.65,0.01,0.01,77776.32,1777115137000
1777115139.148,39.148,0.35,0.36,0.64,0.65,0.01,0.01,77775.92,1777115138000
1777115140.048,40.048,0.35,0.36,0.64,0.65,0.01,0.01,77775.89,1777115139000
1777115140.696,40.696,0.35,0.36,0.64,0.65,0.01,0.01,77775.89,1777115139000
1777115141.063,41.063,0.35,0.36,0.64,0.65,0.01,0.01,77775.89,1777115139000
1777115141.526,41.526,0.35,0.36,0.64,0.65,0.01,0.01,77775.08,1777115140000
1777115141.909,41.909,0.35,0.36,0.64,0.65,0.01,0.01,77775.08,1777115140000
1777115142.272,42.272,0.35,0.36,0.64,0.65,0.01,0.01,77776.68,1777115141000
1777115142.77,42.77,0.32,0.35,0.64,0.66,0.03,0.02,77776.68,1777115141000
1777115143.107,43.107,0.32,0.33,0.67,0.68,0.01,0.01,77776.68,1777115141000
1777115143.476,43.476,0.32,0.33,0.67,0.68,0.01,0.01,77775.29,1777115142000
1777115144.028,44.028,0.32,0.33,0.67,0.68,0.01,0.01,77775.29,1777115142000
1777115144.81,44.81,0.32,0.33,0.67,0.68,0.01,0.01,77775.29,1777115143000
1777115145.176,45.176,0.33,0.34,0.67,0.68,0.01,0.01,77775.29,1777115143000
1777115145.561,45.561,0.33,0.34,0.66,0.67,0.01,0.01,77775.29,1777115143000
1777115145.915,45.915,0.35,0.41,0.59,0.65,0.06,0.06,77775.32,1777115144000
1777115146.294,46.294,0.35,0.41,0.59,0.65,0.06,0.06,77775.32,1777115144000
1777115147.281,47.281,0.33,0.36,0.59,0.65,0.03,0.06,77775.32,1777115145000
1777115147.624,47.624,0.33,0.36,0.64,0.67,0.03,0.03,77775.37,1777115146000
1777115148.004,48.004,0.36,0.39,0.61,0.64,0.03,0.03,77775.37,1777115146000
1777115148.382,48.382,0.36,0.37,0.63,0.64,0.01,0.01,77775.32,1777115147000
1777115148.737,48.737,0.38,0.39,0.61,0.62,0.01,0.01,77775.32,1777115147000
1777115149.367,49.367,0.38,0.39,0.61,0.62,0.01,0.01,77775.14,1777115148000
1777115149.955,49.955,0.37,0.38,0.61,0.63,0.01,0.02,77775.14,1777115148000
1777115150.463,50.463,0.37,0.38,0.62,0.63,0.01,0.01,77775.21,1777115149000
1777115150.881,50.881,0.37,0.38,0.62,0.63,0.01,0.01,77775.21,1777115149000
1777115151.262,51.262,0.37,0.39,0.62,0.63,0.02,0.01,77775.22,1777115150000
1777115152.178,52.178,0.37,0.38,0.62,0.63,0.01,0.01,77775.22,1777115151000
1777115152.695,52.695,0.37,0.38,0.62,0.63,0.01,0.01,77775.22,1777115151000
1777115153.041,53.041,0.37,0.38,0.62,0.63,0.01,0.01,77775.22,1777115151000
1777115154.073,54.073,0.37,0.38,0.62,0.63,0.01,0.01,77775.18,1777115152000
1777115154.509,54.509,0.37,0.38,0.62,0.63,0.01,0.01,77775.24,1777115153000
1777115154.847,54.847,0.37,0.38,0.62,0.63,0.01,0.01,77775.24,1777115153000
1777115155.237,55.237,0.37,0.38,0.62,0.63,0.01,0.01,77776.23,1777115154000
1777115155.574,55.574,0.37,0.38,0.62,0.63,0.01,0.01,77776.23,1777115154000
1777115155.944,55.944,0.37,0.38,0.62,0.63,0.01,0.01,77776.23,1777115154000
1777115156.313,56.313,0.37,0.38,0.62,0.63,0.01,0.01,77776.23,1777115155000
1777115156.784,56.784,0.37,0.38,0.62,0.63,0.01,0.01,77776.23,1777115155000
1777115157.328,57.328,0.37,0.38,0.62,0.63,0.01,0.01,77776.23,1777115155000
1777115157.773,57.773,0.37,0.38,0.62,0.63,0.01,0.01,77776.24,1777115156000
1777115158.172,58.172,0.36,0.38,0.62,0.63,0.02,0.01,77776.24,1777115157000
1777115158.913,58.913,0.36,0.38,0.62,0.64,0.02,0.02,77776.24,1777115157000
1777115160.091,60.091,0.37,0.38,0.62,0.64,0.01,0.02,77776.24,1777115158000
1777115160.534,60.534,0.37,0.38,0.62,0.63,0.01,0.01,77776.2,1777115159000
1777115161.15,61.15,0.36,0.38,0.62,0.64,0.02,0.02,77776.2,1777115160000
1777115161.54,61.54,0.37,0.38,0.62,0.63,0.01,0.01,77776.2,1777115160000
1777115162.071,62.071,0.37,0.38,0.62,0.63,0.01,0.01,77776.2,1777115160000
1777115162.821,62.821,0.37,0.38,0.62,0.63,0.01,0.01,77776.21,1777115161000
1777115163.366,63.366,0.37,0.38,0.62,0.63,0.01,0.01,77776.21,1777115161000
1777115163.719,63.719,0.37,0.39,0.61,0.63,0.02,0.02,77776.23,1777115162000
1777115164.276,64.276,0.37,0.38,0.61,0.63,0.01,0.02,77776.23,1777115162000
1777115164.629,64.629,0.39,0.4,0.6,0.61,0.01,0.01,77778.26,1777115163000
1777115165.097,65.097,0.4,0.41,0.59,0.6,0.01,0.01,77778.26,1777115163000
1777115165.469,65.469,0.4,0.41,0.59,0.6,0.01,0.01,77778.26,1777115164000
1777115165.855,65.855,0.4,0.41,0.59,0.6,0.01,0.01,77778.26,1777115164000
1777115166.212,66.212,0.39,0.4,0.6,0.61,0.01,0.01,77778.78,1777115165000
1777115166.923,66.923,0.39,0.4,0.6,0.61,0.01,0.01,77778.78,1777115165000
1777115167.449,67.449,0.39,0.4,0.6,0.61,0.01,0.01,77778.78,1777115165000
1777115167.854,67.854,0.39,0.41,0.59,0.6,0.02,0.01,77778.78,1777115166000
1777115168.266,68.266,0.39,0.4,0.6,0.61,0.01,0.01,77778.76,1777115167000
1777115168.715,68.715,0.39,0.41,0.6,0.61,0.02,0.01,77778.76,1777115167000
1777115169.337,69.337,0.4,0.41,0.59,0.61,0.01,0.02,77778.76,1777115168000
1777115169.829,69.829,0.39,0.41,0.59,0.61,0.02,0.02,77778.76,1777115168000
1777115170.165,70.165,0.39,0.4,0.59,0.61,0.01,0.02,77778.05,1777115169000
1777115170.573,70.573,0.39,0.4,0.6,0.61,0.01,0.01,77778.05,1777115169000
1777115170.982,70.982,0.39,0.4,0.6,0.62,0.01,0.02,77778.05,1777115169000
1777115171.331,71.331,0.39,0.4,0.6,0.63,0.01,0.03,77778.05,1777115169000
1777115171.759,71.759,0.38,0.39,0.6,0.62,0.01,0.02,77778.11,1777115170000
1777115172.097,72.097,0.38,0.39,0.61,0.62,0.01,0.01,77778.17,1777115171000
1777115172.455,72.455,0.39,0.4,0.6,0.61,0.01,0.01,77778.17,1777115171000
1777115172.826,72.826,0.39,0.4,0.6,0.61,0.01,0.01,77778.17,1777115171000
1777115173.16,73.16,0.38,0.39,0.6,0.61,0.01,0.01,77778.2,1777115172000
1777115173.497,73.497,0.38,0.39,0.61,0.62,0.01,0.01,77778.2,1777115172000
1777115173.856,73.856,0.38,0.39,0.61,0.62,0.01,0.01,77778.2,1777115172000
1777115174.459,74.459,0.38,0.39,0.61,0.62,0.01,0.01,77778.16,1777115173000
1777115174.933,74.933,0.38,0.39,0.61,0.62,0.01,0.01,77778.16,1777115173000
1777115175.516,75.516,0.38,0.4,0.61,0.62,0.02,0.01,77778.17,1777115174000
1777115176.151,76.151,0.38,0.4,0.6,0.62,0.02,0.02,77778.17,1777115174000
1777115176.559,76.559,0.38,0.4,0.6,0.62,0.02,0.02,77778.65,1777115175000
1777115176.96,76.96,0.39,0.4,0.6,0.61,0.01,0.01,77778.65,1777115175000
1777115177.302,77.302,0.38,0.4,0.6,0.62,0.02,0.02,77778.65,1777115176000
1777115177.747,77.747,0.38,0.39,0.61,0.62,0.01,0.01,77778.65,1777115176000
1777115178.099,78.099,0.39,0.4,0.6,0.61,0.01,0.01,77778.65,1777115176000
1777115178.447,78.447,0.39,0.4,0.6,0.61,0.01,0.01,77778.2,1777115177000
1777115178.797,78.797,0.39,0.4,0.6,0.61,0.01,0.01,77778.2,1777115177000
1777115179.207,79.207,0.39,0.4,0.6,0.61,0.01,0.01,77778.18,1777115178000
1777115179.855,79.855,0.4,0.41,0.59,0.61,0.01,0.02,77778.18,1777115178000
1777115180.2,80.2,0.41,0.42,0.58,0.6,0.01,0.02,77778.18,1777115178000
1777115180.549,80.549,0.41,0.42,0.58,0.59,0.01,0.01,77778.72,1777115179000
1777115180.944,80.944,0.4,0.42,0.58,0.59,0.02,0.01,77778.72,1777115179000
1777115181.653,81.653,0.4,0.41,0.58,0.6,0.01,0.02,77778.72,1777115180000
1777115182.193,82.193,0.4,0.41,0.59,0.6,0.01,0.01,77778.71,1777115181000
1777115182.804,82.804,0.37,0.39,0.62,0.63,0.02,0.01,77778.71,1777115181000
1777115183.316,83.316,0.37,0.39,0.61,0.63,0.02,0.02,77778.82,1777115182000
1777115183.83,83.83,0.37,0.39,0.61,0.63,0.02,0.02,77778.82,1777115182000
1777115184.592,84.592,0.37,0.38,0.61,0.63,0.01,0.02,77778.22,1777115183000
1777115185.067,85.067,0.37,0.38,0.62,0.63,0.01,0.01,77778.22,1777115183000
1777115185.476,85.476,0.37,0.38,0.62,0.63,0.01,0.01,77778.29,1777115184000
1777115186.055,86.055,0.37,0.38,0.62,0.63,0.01,0.01,77778.29,1777115184000
1777115186.412,86.412,0.36,0.38,0.62,0.63,0.02,0.01,77778.29,1777115184000
1777115187.129,87.129,0.36,0.38,0.62,0.64,0.02,0.02,77778.9,1777115186000
1777115188.206,88.206,0.36,0.37,0.63,0.64,0.01,0.01,77778.9,1777115186000
1777115189.059,89.059,0.37,0.38,0.61,0.64,0.01,0.03,77778.9,1777115187000
1777115189.648,89.648,0.37,0.39,0.61,0.63,0.02,0.02,77778.86,1777115188000
1777115190.525,90.525,0.37,0.39,0.61,0.63,0.02,0.02,77778.81,1777115189000
1777115190.912,90.912,0.37,0.38,0.62,0.63,0.01,0.01,77778.81,1777115189000
1777115191.437,91.437,0.37,0.38,0.62,0.63,0.01,0.01,77778.81,1777115190000
1777115192.273,92.273,0.37,0.38,0.62,0.63,0.01,0.01,77778.81,1777115191000
1777115192.629,92.629,0.37,0.38,0.62,0.63,0.01,0.01,77778.81,1777115191000
1777115193.162,93.162,0.37,0.38,0.62,0.63,0.01,0.01,77778.81,1777115191000
1777115193.699,93.699,0.36,0.37,0.63,0.64,0.01,0.01,77778.84,1777115192000
1777115194.163,94.163,0.35,0.37,0.63,0.64,0.02,0.01,77778.84,1777115193000
1777115194.681,94.681,0.32,0.33,0.67,0.68,0.01,0.01,77778.84,1777115193000
1777115195.015,95.015,0.32,0.33,0.67,0.68,0.01,0.01,77778.84,1777115193000
1777115196.041,96.041,0.32,0.33,0.67,0.68,0.01,0.01,77778.93,1777115194000
1777115196.449,96.449,0.32,0.33,0.67,0.68,0.01,0.01,77778.64,1777115195000
1777115196.837,96.837,0.32,0.33,0.67,0.68,0.01,0.01,77778.64,1777115195000
1777115197.269,97.269,0.32,0.33,0.67,0.68,0.01,0.01,77778.58,1777115196000
1777115197.909,97.909,0.31,0.33,0.67,0.68,0.02,0.01,77778.58,1777115196000
1777115198.276,98.276,0.31,0.33,0.67,0.69,0.02,0.02,77778.58,1777115196000
1777115198.669,98.669,0.31,0.33,0.67,0.69,0.02,0.02,77778.64,1777115197000
1777115199.446,99.446,0.31,0.32,0.67,0.69,0.01,0.02,77778.6,1777115198000
1777115199.81,99.81,0.31,0.32,0.68,0.69,0.01,0.01,77778.6,1777115198000
1777115200.218,100.218,0.31,0.32,0.68,0.69,0.01,0.01,77776.85,1777115199000
1777115200.566,100.566,0.31,0.32,0.68,0.69,0.01,0.01,77776.85,1777115199000
1777115201.145,101.145,0.31,0.32,0.68,0.69,0.01,0.01,77776.8,1777115200000
1777115201.629,101.629,0.31,0.32,0.68,0.69,0.01,0.01,77776.8,1777115200000
1777115202.075,102.075,0.3,0.32,0.68,0.7,0.02,0.02,77776.88,1777115201000
1777115203.145,103.145,0.3,0.32,0.68,0.7,0.02,0.02,77776.84,1777115202000
1777115204.113,104.113,0.3,0.32,0.68,0.7,0.02,0.02,77776.87,1777115203000
1777115204.477,104.477,0.31,0.32,0.68,0.7,0.01,0.02,77776.87,1777115203000
1777115204.864,104.864,0.3,0.32,0.68,0.7,0.02,0.02,77776.87,1777115203000
1777115205.267,105.267,0.3,0.32,0.68,0.7,0.02,0.02,77776.82,1777115204000
1777115205.6,105.6,0.31,0.32,0.68,0.7,0.01,0.02,77776.82,1777115204000
1777115206.036,106.036,0.31,0.32,0.68,0.69,0.01,0.01,77776.82,1777115204000
1777115206.387,106.387,0.31,0.32,0.68,0.69,0.01,0.01,77776.83,1777115205000
1777115206.754,106.754,0.31,0.32,0.68,0.69,0.01,0.01,77776.83,1777115205000
1777115207.11,107.11,0.3,0.32,0.68,0.7,0.02,0.02,77776.83,1777115205000
1777115207.573,107.573,0.29,0.31,0.69,0.71,0.02,0.02,77776.84,1777115206000
1777115208.068,108.068,0.28,0.29,0.71,0.73,0.01,0.02,77776.84,1777115206000
1777115208.531,108.531,0.31,0.32,0.68,0.7,0.01,0.02,77775.86,1777115207000
1777115208.892,108.892,0.31,0.32,0.68,0.69,0.01,0.01,77775.86,1777115207000
1777115209.228,109.228,0.31,0.32,0.68,0.69,0.01,0.01,77775.3,1777115208000
1777115209.692,109.692,0.31,0.32,0.68,0.69,0.01,0.01,77775.3,1777115208000
1777115210.079,110.079,0.31,0.32,0.68,0.69,0.01,0.01,77775.3,1777115208000
1777115210.422,110.422,0.31,0.32,0.68,0.69,0.01,0.01,77775.43,1777115209000
1777115210.847,110.847,0.31,0.32,0.68,0.69,0.01,0.01,77775.43,1777115209000
1777115211.299,111.299,0.31,0.32,0.68,0.69,0.01,0.01,77775.76,1777115210000
1777115211.999,111.999,0.31,0.32,0.68,0.69,0.01,0.01,77775.76,1777115210000
1777115212.431,112.431,0.31,0.32,0.68,0.69,0.01,0.01,77775.76,1777115211000
1777115212.768,112.768,0.31,0.32,0.68,0.69,0.01,0.01,77775.76,1777115211000
1777115213.15,113.15,0.31,0.32,0.68,0.69,0.01,0.01,77775.76,1777115212000
1777115213.493,113.493,0.31,0.32,0.68,0.69,0.01,0.01,77775.76,1777115212000
1777115214.107,114.107,0.31,0.32,0.68,0.69,0.01,0.01,77775.76,1777115212000
1777115214.5,114.5,0.31,0.32,0.68,0.69,0.01,0.01,77775.83,1777115213000
1777115214.991,114.991,0.31,0.32,0.68,0.69,0.01,0.01,77775.83,1777115213000
1777115215.361,115.361,0.31,0.32,0.68,0.69,0.01,0.01,77775.83,1777115214000
1777115215.971,115.971,0.31,0.32,0.68,0.69,0.01,0.01,77775.83,1777115214000
1777115216.963,116.963,0.31,0.32,0.68,0.69,0.01,0.01,77775.84,1777115216000
1777115217.428,117.428,0.31,0.32,0.68,0.69,0.01,0.01,77775.84,1777115216000
1777115217.871,117.871,0.31,0.32,0.68,0.69,0.01,0.01,77774.74,1777115217000
1777115218.377,118.377,0.31,0.32,0.68,0.69,0.01,0.01,77774.74,1777115217000
1777115218.716,118.716,0.31,0.32,0.68,0.69,0.01,0.01,77774.74,1777115217000
1777115220.224,120.224,0.31,0.32,0.68,0.69,0.01,0.01,77775.6,1777115219000
1777115220.592,120.592,0.26,0.31,0.69,0.74,0.05,0.05,77775.6,1777115219000
1777115220.936,120.936,0.29,0.3,0.69,0.74,0.01,0.05,77775.6,1777115219000
1777115221.328,121.328,0.29,0.3,0.7,0.71,0.01,0.01,77775.6,1777115220000
1777115221.843,121.843,0.28,0.29,0.7,0.72,0.01,0.02,77775.6,1777115220000
1777115222.21,122.21,0.28,0.29,0.71,0.72,0.01,0.01,77775.6,1777115220000
1777115222.558,122.558,0.27,0.29,0.71,0.72,0.02,0.01,77775.76,1777115221000
1777115223.166,123.166,0.27,0.28,0.72,0.73,0.01,0.01,77775.81,1777115222000
1777115223.723,123.723,0.27,0.28,0.72,0.73,0.01,0.01,77775.81,1777115222000
1777115224.064,124.064,0.27,0.28,0.72,0.73,0.01,0.01,77775.81,1777115222000
1777115225.007,125.007,0.27,0.28,0.72,0.73,0.01,0.01,77775.76,1777115223000
1777115225.689,125.689,0.27,0.28,0.72,0.73,0.01,0.01,77775.68,1777115224000
1777115226.237,126.237,0.27,0.28,0.72,0.73,0.01,0.01,77775.68,1777115224000
1777115226.657,126.657,0.27,0.28,0.72,0.73,0.01,0.01,77775.63,1777115225000
1777115227.058,127.058,0.27,0.28,0.72,0.73,0.01,0.01,77775.63,1777115226000
1777115227.786,127.786,0.27,0.28,0.72,0.73,0.01,0.01,77775.63,1777115226000
1777115228.152,128.152,0.26,0.27,0.72,0.74,0.01,0.02,77775.77,1777115227000
1777115228.537,128.537,0.26,0.27,0.73,0.74,0.01,0.01,77775.77,1777115227000
1777115228.976,128.976,0.26,0.27,0.73,0.74,0.01,0.01,77775.77,1777115227000
1777115229.501,129.501,0.26,0.27,0.73,0.74,0.01,0.01,77774.64,1777115228000
1777115230.014,130.014,0.26,0.27,0.73,0.74,0.01,0.01,77774.64,1777115228000
1777115231.135,131.135,0.26,0.27,0.73,0.74,0.01,0.01,77775.6,1777115229000
1777115232.089,132.089,0.25,0.26,0.74,0.75,0.01,0.01,77775.64,1777115231000
1777115232.515,132.515,0.25,0.26,0.74,0.75,0.01,0.01,77775.64,1777115231000
1777115233.199,133.199,0.25,0.26,0.74,0.75,0.01,0.01,77775.64,1777115231000
1777115234.248,134.248,0.25,0.26,0.74,0.75,0.01,0.01,77775.65,1777115233000
1777115234.621,134.621,0.25,0.26,0.74,0.75,0.01,0.01,77775.65,1777115233000
1777115235.181,135.181,0.25,0.26,0.74,0.75,0.01,0.01,77775.65,1777115233000
1777115235.607,135.607,0.25,0.26,0.74,0.75,0.01,0.01,77775.64,1777115234000
1777115236.274,136.274,0.25,0.26,0.74,0.75,0.01,0.01,77775.64,1777115235000
1777115236.634,136.634,0.25,0.26,0.74,0.75,0.01,0.01,77775.64,1777115235000
1777115237.277,137.277,0.25,0.26,0.74,0.75,0.01,0.01,77775.67,1777115236000
1777115237.614,137.614,0.25,0.26,0.74,0.75,0.01,0.01,77775.67,1777115236000
1777115238.277,138.277,0.25,0.26,0.74,0.75,0.01,0.01,77775.67,1777115237000
1777115238.902,138.902,0.25,0.26,0.74,0.75,0.01,0.01,77775.67,1777115237000
1777115239.985,139.985,0.25,0.26,0.74,0.75,0.01,0.01,77775.67,1777115238000
1777115240.408,140.408,0.25,0.26,0.74,0.75,0.01,0.01,77775.67,1777115238000
1777115241.147,141.147,0.25,0.26,0.74,0.75,0.01,0.01,77775.89,1777115240000
1777115241.803,141.803,0.25,0.26,0.74,0.75,0.01,0.01,77775.89,1777115240000
1777115242.305,142.305,0.25,0.26,0.74,0.75,0.01,0.01,77775.89,1777115240000
1777115242.746,142.746,0.27,0.28,0.72,0.73,0.01,0.01,77775.9,1777115241000
1777115243.124,143.124,0.27,0.28,0.72,0.73,0.01,0.01,77775.9,1777115242000
1777115243.485,143.485,0.27,0.28,0.72,0.73,0.01,0.01,77775.9,1777115242000
1777115243.953,143.953,0.27,0.28,0.72,0.73,0.01,0.01,77775.9,1777115242000
1777115244.287,144.287,0.26,0.27,0.73,0.74,0.01,0.01,77775.91,1777115243000
1777115244.651,144.651,0.25,0.26,0.74,0.75,0.01,0.01,77775.91,1777115243000
1777115245.0,145.0,0.25,0.26,0.74,0.75,0.01,0.01,77775.91,1777115243000
1777115245.538,145.538,0.27,0.3,0.72,0.75,0.03,0.03,77776.16,1777115244000
1777115245.894,145.894,0.27,0.3,0.7,0.73,0.03,0.03,77776.16,1777115244000
1777115246.287,146.287,0.29,0.32,0.69,0.71,0.03,0.02,77776.16,1777115244000
1777115246.675,146.675,0.31,0.32,0.68,0.69,0.01,0.01,77776.13,1777115245000
1777115247.199,147.199,0.25,0.32,0.68,0.71,0.07,0.03,77776.13,1777115245000
1777115247.594,147.594,0.26,0.32,0.68,0.74,0.06,0.06,77778.11,1777115246000
1777115247.935,147.935,0.26,0.33,0.67,0.74,0.07,0.07,77778.11,1777115247000
1777115248.313,148.313,0.28,0.35,0.65,0.74,0.07,0.09,77778.11,1777115247000
1777115248.771,148.771,0.28,0.31,0.69,0.72,0.03,0.03,77778.11,1777115247000
1777115249.124,149.124,0.31,0.32,0.68,0.69,0.01,0.01,77778.17,1777115248000
1777115249.469,149.469,0.31,0.32,0.68,0.69,0.01,0.01,77778.17,1777115248000
1777115249.878,149.878,0.3,0.32,0.68,0.7,0.02,0.02,77778.17,1777115248000
1777115250.217,150.217,0.3,0.31,0.69,0.7,0.01,0.01,77778.16,1777115249000
1777115250.59,150.59,0.3,0.31,0.69,0.7,0.01,0.01,77778.16,1777115249000
1777115250.968,150.968,0.28,0.29,0.71,0.72,0.01,0.01,77778.16,1777115249000
1777115251.313,151.313,0.25,0.28,0.71,0.74,0.03,0.03,77778.16,1777115249000
1777115251.687,151.687,0.24,0.25,0.75,0.76,0.01,0.01,77777.82,1777115250000
1777115252.433,152.433,0.23,0.24,0.76,0.77,0.01,0.01,77777.82,1777115251000
1777115252.774,152.774,0.23,0.24,0.76,0.77,0.01,0.01,77777.82,1777115251000
1777115253.222,153.222,0.23,0.24,0.76,0.77,0.01,0.01,77777.78,1777115252000
1777115253.619,153.619,0.23,0.24,0.76,0.77,0.01,0.01,77777.78,1777115252000
1777115254.551,154.551,0.23,0.24,0.76,0.77,0.01,0.01,77777.78,1777115252000
1777115254.898,154.898,0.23,0.24,0.76,0.77,0.01,0.01,77777.94,1777115253000
1777115255.237,155.237,0.23,0.24,0.76,0.77,0.01,0.01,77777.92,1777115254000
1777115255.585,155.585,0.23,0.24,0.76,0.77,0.01,0.01,77777.92,1777115254000
1777115256.057,156.057,0.23,0.24,0.76,0.77,0.01,0.01,77777.92,1777115254000
1777115256.429,156.429,0.19,0.22,0.78,0.81,0.03,0.03,77777.92,1777115254000
1777115256.971,156.971,0.19,0.22,0.78,0.81,0.03,0.03,77777.92,1777115254000
1777115257.445,157.445,0.19,0.21,0.78,0.81,0.02,0.03,77777.92,1777115254000
1777115257.868,157.868,0.2,0.21,0.79,0.81,0.01,0.02,77776.14,1777115256000
1777115258.266,158.266,0.19,0.2,0.8,0.81,0.01,0.01,77776.14,1777115256000
1777115258.942,158.942,0.19,0.2,0.8,0.81,0.01,0.01,77774.59,1777115257000
1777115259.475,159.475,0.19,0.2,0.8,0.81,0.01,0.01,77773.65,1777115258000
1777115260.047,160.047,0.19,0.2,0.8,0.81,0.01,0.01,77773.65,1777115258000
1777115260.521,160.521,0.19,0.2,0.8,0.81,0.01,0.01,77773.67,1777115259000
1777115261.104,161.104,0.19,0.2,0.8,0.81,0.01,0.01,77773.66,1777115260000
1777115262.48,162.48,0.19,0.2,0.8,0.81,0.01,0.01,77773.66,1777115261000
1777115262.83,162.83,0.19,0.2,0.8,0.81,0.01,0.01,77773.66,1777115261000
1777115263.257,163.257,0.19,0.21,0.8,0.81,0.02,0.01,77774.56,1777115262000
1777115263.595,163.595,0.19,0.2,0.8,0.81,0.01,0.01,77774.56,1777115262000
1777115264.204,164.204,0.21,0.22,0.78,0.79,0.01,0.01,77774.56,1777115262000
1777115264.631,164.631,0.2,0.21,0.79,0.8,0.01,0.01,77774.63,1777115263000
1777115265.043,165.043,0.2,0.21,0.79,0.8,0.01,0.01,77774.63,1777115263000
1777115265.377,165.377,0.16,0.19,0.81,0.84,0.03,0.03,77774.49,1777115264000
1777115265.731,165.731,0.11,0.12,0.86,0.88,0.01,0.02,77774.49,1777115264000
1777115266.067,166.067,0.11,0.12,0.88,0.89,0.01,0.01,77774.49,1777115264000
1777115266.491,166.491,0.11,0.12,0.88,0.89,0.01,0.01,77774.49,1777115264000
1777115267.047,167.047,0.11,0.12,0.88,0.89,0.01,0.01,77772.61,1777115265000
1777115267.522,167.522,0.11,0.12,0.88,0.89,0.01,0.01,77768.35,1777115266000
1777115268.492,168.492,0.11,0.12,0.88,0.89,0.01,0.01,77768.35,1777115266000
1777115268.841,168.841,0.11,0.12,0.88,0.89,0.01,0.01,77762.39,1777115267000
1777115269.224,169.224,0.11,0.12,0.88,0.89,0.01,0.01,77762.39,1777115268000
1777115269.62,169.62,0.11,0.12,0.88,0.89,0.01,0.01,77762.39,1777115268000
1777115270.034,170.034,0.11,0.12,0.88,0.89,0.01,0.01,77762.39,1777115268000
1777115270.511,170.511,0.11,0.12,0.88,0.89,0.01,0.01,77762.5,1777115269000
1777115270.844,170.844,0.11,0.12,0.88,0.89,0.01,0.01,77762.5,1777115269000
1777115271.413,171.413,0.09,0.11,0.89,0.91,0.02,0.02,77762.5,1777115270000
1777115271.78,171.78,0.09,0.1,0.9,0.93,0.01,0.03,77762.5,1777115270000
1777115272.135,172.135,0.09,0.1,0.9,0.91,0.01,0.01,77762.5,1777115271000
1777115272.49,172.49,0.08,0.09,0.91,0.92,0.01,0.01,77762.5,1777115271000
1777115272.899,172.899,0.08,0.09,0.91,0.92,0.01,0.01,77762.5,1777115271000
1777115273.457,173.457,0.08,0.09,0.91,0.92,0.01,0.01,77762.06,1777115272000
1777115274.003,174.003,0.08,0.09,0.91,0.92,0.01,0.01,77762.06,1777115272000
1777115274.701,174.701,0.08,0.09,0.91,0.93,0.01,0.02,77762.07,1777115273000
1777115275.281,175.281,0.08,0.09,0.91,0.92,0.01,0.01,77762.16,1777115274000
1777115275.619,175.619,0.08,0.1,0.91,0.92,0.02,0.01,77762.16,1777115274000
1777115276.317,176.317,0.08,0.1,0.9,0.92,0.02,0.02,77762.09,1777115275000
1777115276.747,176.747,0.08,0.1,0.9,0.92,0.02,0.02,77762.09,1777115275000
1777115277.995,177.995,0.09,0.1,0.9,0.91,0.01,0.01,77762.23,1777115277000
1777115278.86,178.86,0.09,0.14,0.89,0.91,0.05,0.02,77762.23,1777115277000
1777115279.263,179.263,0.13,0.21,0.79,0.87,0.08,0.08,77771.29,1777115278000
1777115279.599,179.599,0.13,0.26,0.74,0.87,0.13,0.13,77771.29,1777115278000
1777115279.97,179.97,0.17,0.18,0.81,0.85,0.01,0.04,77771.29,1777115278000
1777115280.316,180.316,0.17,0.18,0.82,0.83,0.01,0.01,77771.29,1777115278000
1777115281.051,181.051,0.18,0.19,0.81,0.82,0.01,0.01,77771.7,1777115279000
1777115281.392,181.392,0.18,0.19,0.81,0.82,0.01,0.01,77771.7,1777115279000
1777115282.132,182.132,0.18,0.19,0.81,0.82,0.01,0.01,77771.86,1777115280000
1777115282.714,182.714,0.18,0.19,0.81,0.82,0.01,0.01,77771.85,1777115281000
1777115283.235,183.235,0.18,0.19,0.81,0.82,0.01,0.01,77771.85,1777115281000
1777115283.73,183.73,0.18,0.19,0.81,0.82,0.01,0.01,77771.82,1777115282000
1777115284.078,184.078,0.18,0.19,0.81,0.82,0.01,0.01,77771.82,1777115283000
1777115284.416,184.416,0.18,0.19,0.81,0.82,0.01,0.01,77771.82,1777115283000
1777115284.887,184.887,0.18,0.19,0.81,0.82,0.01,0.01,77771.82,1777115283000
1777115285.25,185.25,0.18,0.19,0.81,0.82,0.01,0.01,77771.79,1777115284000
1777115285.756,185.756,0.17,0.18,0.82,0.83,0.01,0.01,77771.79,1777115284000
1777115286.288,186.288,0.13,0.14,0.86,0.87,0.01,0.01,77771.79,1777115284000
1777115286.642,186.642,0.12,0.14,0.86,0.87,0.02,0.01,77771.08,1777115285000
1777115287.165,187.165,0.11,0.12,0.88,0.89,0.01,0.01,77769.66,1777115286000
1777115288.441,188.441,0.11,0.12,0.88,0.89,0.01,0.01,77769.66,1777115286000
1777115288.976,188.976,0.11,0.12,0.88,0.89,0.01,0.01,77767.2,1777115287000
1777115289.528,189.528,0.11,0.12,0.88,0.89,0.01,0.01,77767.2,1777115287000
1777115289.866,189.866,0.11,0.12,0.88,0.89,0.01,0.01,77766.55,1777115288000
1777115290.303,190.303,0.11,0.12,0.88,0.89,0.01,0.01,77766.51,1777115289000
1777115290.64,190.64,0.11,0.12,0.88,0.89,0.01,0.01,77766.51,1777115289000
1777115291.388,191.388,0.11,0.12,0.88,0.89,0.01,0.01,77766.51,1777115289000
1777115291.744,191.744,0.1,0.12,0.88,0.9,0.02,0.02,77766.51,1777115289000
1777115292.383,192.383,0.1,0.13,0.87,0.9,0.03,0.03,77766.55,1777115291000
1777115292.859,192.859,0.11,0.12,0.88,0.89,0.01,0.01,77766.55,1777115291000
1777115293.246,193.246,0.11,0.12,0.88,0.89,0.01,0.01,77766.6,1777115292000
1777115293.637,193.637,0.11,0.12,0.88,0.89,0.01,0.01,77766.6,1777115292000
1777115294.406,194.406,0.11,0.12,0.88,0.89,0.01,0.01,77766.6,1777115292000
1777115294.79,194.79,0.11,0.12,0.88,0.89,0.01,0.01,77766.62,1777115293000
1777115295.797,195.797,0.11,0.12,0.88,0.89,0.01,0.01,77766.66,1777115294000
1777115296.895,196.895,0.11,0.12,0.88,0.89,0.01,0.01,77766.66,1777115295000
1777115297.728,197.728,0.11,0.12,0.88,0.89,0.01,0.01,77766.67,1777115296000
1777115298.538,198.538,0.11,0.12,0.88,0.89,0.01,0.01,77766.67,1777115297000
1777115299.262,199.262,0.11,0.12,0.88,0.89,0.01,0.01,77766.83,1777115298000
1777115299.757,199.757,0.11,0.12,0.88,0.89,0.01,0.01,77766.83,1777115298000
1777115300.132,200.132,0.11,0.12,0.88,0.89,0.01,0.01,77766.85,1777115299000
1777115300.582,200.582,0.11,0.14,0.88,0.89,0.03,0.01,77766.85,1777115299000
1777115300.977,200.977,0.11,0.14,0.87,0.89,0.03,0.02,77766.85,1777115299000
1777115301.351,201.351,0.11,0.12,0.88,0.89,0.01,0.01,77766.85,1777115299000
1777115301.935,201.935,0.12,0.13,0.87,0.88,0.01,0.01,77766.82,1777115300000
1777115302.3,202.3,0.12,0.13,0.87,0.88,0.01,0.01,77766.82,1777115301000
1777115302.713,202.713,0.12,0.13,0.87,0.88,0.01,0.01,77766.82,1777115301000
1777115303.097,203.097,0.12,0.13,0.87,0.88,0.01,0.01,77766.83,1777115302000
1777115304.174,204.174,0.12,0.13,0.87,0.88,0.01,0.01,77766.83,1777115302000
1777115304.533,204.533,0.12,0.13,0.87,0.88,0.01,0.01,77766.83,1777115303000
1777115305.254,205.254,0.12,0.13,0.87,0.88,0.01,0.01,77766.83,1777115303000
1777115306.097,206.097,0.12,0.13,0.87,0.88,0.01,0.01,77766.85,1777115305000
1777115306.441,206.441,0.12,0.13,0.87,0.88,0.01,0.01,77766.85,1777115305000
1777115306.841,206.841,0.15,0.16,0.84,0.85,0.01,0.01,77766.85,1777115305000
1777115307.193,207.193,0.12,0.13,0.84,0.88,0.01,0.04,77766.85,1777115305000
1777115307.804,207.804,0.15,0.16,0.84,0.85,0.01,0.01,77767.63,1777115306000
1777115308.197,208.197,0.15,0.16,0.84,0.85,0.01,0.01,77767.63,1777115306000
1777115308.627,208.627,0.15,0.16,0.84,0.85,0.01,0.01,77767.63,1777115306000
1777115309.127,209.127,0.15,0.16,0.84,0.85,0.01,0.01,77767.97,1777115307000
1777115309.543,209.543,0.15,0.16,0.84,0.85,0.01,0.01,77767.98,1777115308000
1777115309.878,209.878,0.14,0.15,0.85,0.86,0.01,0.01,77767.98,1777115308000
1777115310.442,210.442,0.13,0.14,0.85,0.87,0.01,0.02,77767.98,1777115308000
1777115310.979,210.979,0.13,0.14,0.86,0.87,0.01,0.01,77767.98,1777115309000
1777115311.317,211.317,0.13,0.14,0.86,0.87,0.01,0.01,77767.91,1777115310000
1777115311.689,211.689,0.13,0.14,0.86,0.87,0.01,0.01,77767.91,1777115310000
1777115312.146,212.146,0.13,0.14,0.86,0.87,0.01,0.01,77767.91,1777115310000
1777115312.729,212.729,0.13,0.14,0.86,0.87,0.01,0.01,77767.9,1777115311000
1777115313.065,213.065,0.13,0.14,0.86,0.87,0.01,0.01,77767.98,1777115312000
1777115314.155,214.155,0.13,0.14,0.86,0.87,0.01,0.01,77767.98,1777115312000
1777115314.594,214.594,0.11,0.14,0.86,0.89,0.03,0.03,77767.9,1777115313000
1777115315.033,215.033,0.11,0.12,0.88,0.89,0.01,0.01,77767.9,1777115313000
1777115315.373,215.373,0.11,0.12,0.88,0.89,0.01,0.01,77767.9,1777115313000
1777115315.863,215.863,0.1,0.12,0.88,0.9,0.02,0.02,77767.82,1777115314000
1777115316.197,216.197,0.1,0.11,0.89,0.9,0.01,0.01,77767.82,1777115315000
1777115316.553,216.553,0.1,0.11,0.89,0.9,0.01,0.01,77767.82,1777115315000
1777115316.912,216.912,0.1,0.11,0.89,0.9,0.01,0.01,77767.82,1777115315000
1777115317.574,217.574,0.1,0.11,0.89,0.9,0.01,0.01,77767.83,1777115316000
1777115318.246,218.246,0.08,0.11,0.89,0.9,0.03,0.01,77767.83,1777115316000
1777115318.979,218.979,0.07,0.09,0.91,0.93,0.02,0.02,77767.77,1777115318000
1777115319.448,219.448,0.07,0.08,0.91,0.93,0.01,0.02,77767.77,1777115318000
1777115320.142,220.142,0.07,0.08,0.92,0.94,0.01,0.02,77767.77,1777115318000
1777115320.528,220.528,0.07,0.08,0.92,0.93,0.01,0.01,77767.77,1777115319000
1777115320.952,220.952,0.06,0.07,0.92,0.93,0.01,0.01,77767.77,1777115319000
1777115321.394,221.394,0.06,0.1,0.9,0.94,0.04,0.04,77767.68,1777115320000
1777115321.881,221.881,0.06,0.08,0.92,0.93,0.02,0.01,77767.68,1777115320000
1777115322.265,222.265,0.07,0.08,0.92,0.93,0.01,0.01,77767.67,1777115321000
1777115322.703,222.703,0.09,0.1,0.9,0.91,0.01,0.01,77767.67,1777115321000
1777115323.106,223.106,0.1,0.11,0.9,0.91,0.01,0.01,77767.67,1777115321000
1777115323.471,223.471,0.1,0.11,0.89,0.9,0.01,0.01,77767.69,1777115322000
1777115323.846,223.846,0.1,0.11,0.89,0.9,0.01,0.01,77767.69,1777115322000
1777115324.238,224.238,0.1,0.11,0.89,0.9,0.01,0.01,77767.65,1777115323000
1777115324.597,224.597,0.1,0.11,0.89,0.9,0.01,0.01,77767.65,1777115323000
1777115324.946,224.946,0.1,0.11,0.89,0.9,0.01,0.01,77767.65,1777115323000
1777115325.286,225.286,0.1,0.11,0.89,0.9,0.01,0.01,77767.65,1777115323000
1777115325.655,225.655,0.09,0.1,0.89,0.91,0.01,0.02,77768.03,1777115324000
1777115326.036,226.036,0.09,0.1,0.9,0.91,0.01,0.01,77768.03,1777115324000
1777115326.805,226.805,0.09,0.1,0.9,0.91,0.01,0.01,77768.03,1777115325000
1777115327.316,227.316,0.09,0.1,0.9,0.91,0.01,0.01,77767.99,1777115326000
1777115327.794,227.794,0.09,0.1,0.9,0.91,0.01,0.01,77767.99,1777115326000
1777115328.276,228.276,0.09,0.1,0.9,0.91,0.01,0.01,77767.99,1777115327000
1777115328.612,228.612,0.09,0.1,0.9,0.91,0.01,0.01,77767.99,1777115327000
1777115328.998,228.998,0.09,0.1,0.9,0.91,0.01,0.01,77767.99,1777115327000
1777115329.338,229.338,0.09,0.1,0.9,0.91,0.01,0.01,77767.99,1777115328000
1777115329.74,229.74,0.09,0.1,0.9,0.91,0.01,0.01,77767.99,1777115328000
1777115330.183,230.183,0.09,0.1,0.9,0.91,0.01,0.01,77767.99,1777115328000
1777115330.645,230.645,0.09,0.1,0.9,0.91,0.01,0.01,77768.0,1777115329000
1777115331.358,231.358,0.09,0.1,0.9,0.91,0.01,0.01,77768.01,1777115330000
1777115332.023,232.023,0.09,0.1,0.9,0.91,0.01,0.01,77768.04,1777115331000
1777115333.068,233.068,0.09,0.1,0.9,0.91,0.01,0.01,77768.09,1777115332000
1777115333.458,233.458,0.09,0.1,0.9,0.91,0.01,0.01,77768.09,1777115332000
1777115334.054,234.054,0.09,0.1,0.9,0.91,0.01,0.01,77768.14,1777115333000
1777115334.922,234.922,0.06,0.1,0.9,0.91,0.04,0.01,77768.14,1777115333000
1777115336.112,236.112,0.06,0.1,0.9,0.94,0.04,0.04,77768.14,1777115335000
1777115336.515,236.515,0.05,0.08,0.9,0.94,0.03,0.04,77768.14,1777115335000
1777115336.99,236.99,0.07,0.08,0.92,0.94,0.01,0.02,77768.14,1777115335000
1777115337.47,237.47,0.07,0.08,0.92,0.93,0.01,0.01,77768.14,1777115335000
1777115337.86,237.86,0.07,0.08,0.92,0.93,0.01,0.01,77768.14,1777115335000
1777115338.308,238.308,0.07,0.08,0.92,0.93,0.01,0.01,77768.09,1777115336000
1777115338.873,238.873,0.05,0.06,0.94,0.95,0.01,0.01,77768.08,1777115337000
1777115339.208,239.208,0.05,0.06,0.94,0.95,0.01,0.01,77768.08,1777115338000
1777115339.582,239.582,0.05,0.06,0.94,0.95,0.01,0.01,77768.08,1777115338000
1777115339.953,239.953,0.05,0.06,0.94,0.95,0.01,0.01,77768.2,1777115339000
1777115340.438,240.438,0.05,0.06,0.94,0.95,0.01,0.01,77768.2,1777115339000
1777115340.803,240.803,0.05,0.06,0.94,0.95,0.01,0.01,77768.2,1777115339000
1777115341.964,241.964,0.05,0.06,0.94,0.95,0.01,0.01,77768.05,1777115341000
1777115342.327,242.327,0.05,0.06,0.94,0.95,0.01,0.01,77768.05,1777115341000
1777115342.663,242.663,0.05,0.06,0.94,0.95,0.01,0.01,77768.05,1777115341000
1777115343.16,243.16,0.05,0.06,0.94,0.95,0.01,0.01,77768.02,1777115342000
1777115343.505,243.505,0.05,0.06,0.94,0.95,0.01,0.01,77768.02,1777115342000
1777115343.975,243.975,0.05,0.06,0.94,0.95,0.01,0.01,77768.02,1777115342000
1777115344.329,244.329,0.05,0.06,0.94,0.95,0.01,0.01,77768.01,1777115343000
1777115344.692,244.692,0.05,0.06,0.94,0.95,0.01,0.01,77768.01,1777115343000
1777115345.085,245.085,0.04,0.05,0.94,0.96,0.01,0.02,77768.01,1777115343000
1777115345.478,245.478,0.04,0.05,0.95,0.96,0.01,0.01,77768.01,1777115344000
1777115346.128,246.128,0.04,0.05,0.95,0.96,0.01,0.01,77768.01,1777115344000
1777115346.552,246.552,0.05,0.06,0.94,0.96,0.01,0.02,77768.0,1777115345000
1777115347.026,247.026,0.05,0.06,0.94,0.95,0.01,0.01,77768.0,1777115346000
1777115347.624,247.624,0.04,0.05,0.94,0.95,0.01,0.01,77768.0,1777115346000
1777115348.198,248.198,0.04,0.05,0.95,0.96,0.01,0.01,77768.01,1777115347000
1777115348.677,248.677,0.04,0.05,0.95,0.96,0.01,0.01,77768.01,1777115347000
1777115349.187,249.187,0.04,0.05,0.95,0.96,0.01,0.01,77768.01,1777115348000
1777115349.961,249.961,0.04,0.05,0.95,0.96,0.01,0.01,77768.01,1777115348000
1777115350.521,250.521,0.04,0.05,0.95,0.96,0.01,0.01,77768.01,1777115349000
1777115351.158,251.158,0.04,0.05,0.95,0.96,0.01,0.01,77768.01,1777115349000
1777115351.62,251.62,0.04,0.05,0.95,0.96,0.01,0.01,77768.04,1777115350000
1777115351.953,251.953,0.03,0.04,0.96,0.97,0.01,0.01,77768.04,1777115350000
1777115352.639,252.639,0.03,0.04,0.96,0.97,0.01,0.01,77768.04,1777115350000
1777115353.231,253.231,0.03,0.04,0.96,0.97,0.01,0.01,77768.06,1777115351000
1777115353.646,253.646,0.03,0.04,0.96,0.97,0.01,0.01,77767.13,1777115352000
1777115353.979,253.979,0.03,0.04,0.96,0.97,0.01,0.01,77767.13,1777115352000
1777115354.576,254.576,0.03,0.04,0.96,0.97,0.01,0.01,77767.13,1777115352000
1777115354.917,254.917,0.03,0.04,0.96,0.97,0.01,0.01,77767.5,1777115353000
1777115355.505,255.505,0.03,0.04,0.96,0.97,0.01,0.01,77767.5,1777115354000
1777115355.962,255.962,0.03,0.04,0.96,0.97,0.01,0.01,77767.5,1777115354000
1777115356.451,256.451,0.03,0.04,0.96,0.97,0.01,0.01,77767.5,1777115355000
1777115357.265,257.265,0.03,0.04,0.96,0.97,0.01,0.01,77767.5,1777115355000
1777115357.671,257.671,0.03,0.04,0.96,0.97,0.01,0.01,77767.5,1777115355000
1777115358.153,258.153,0.03,0.04,0.96,0.97,0.01,0.01,77767.47,1777115356000
1777115358.488,258.488,0.03,0.04,0.96,0.97,0.01,0.01,77767.51,1777115357000
1777115359.053,259.053,0.03,0.04,0.96,0.97,0.01,0.01,77767.51,1777115357000
1777115359.495,259.495,0.03,0.04,0.96,0.97,0.01,0.01,77767.52,1777115358000
1777115359.876,259.876,0.02,0.04,0.96,0.97,0.02,0.01,77767.52,1777115358000
1777115360.576,260.576,0.03,0.04,0.96,0.97,0.01,0.01,77767.52,1777115358000
1777115360.914,260.914,0.02,0.03,0.96,0.97,0.01,0.01,77767.6,1777115359000
1777115361.396,261.396,0.02,0.03,0.97,0.98,0.01,0.01,77767.6,1777115360000
1777115361.756,261.756,0.02,0.03,0.97,0.98,0.01,0.01,77767.6,1777115360000
1777115362.162,262.162,0.02,0.03,0.97,0.98,0.01,0.01,77767.6,1777115360000
1777115363.062,263.062,0.02,0.03,0.97,0.98,0.01,0.01,77767.6,1777115361000
1777115363.566,263.566,0.02,0.03,0.97,0.98,0.01,0.01,77767.6,1777115361000
1777115364.051,264.051,0.02,0.04,0.97,0.98,0.02,0.01,77767.62,1777115362000
1777115364.416,264.416,0.02,0.04,0.96,0.98,0.02,0.02,77767.62,1777115363000
1777115364.766,264.766,0.02,0.04,0.96,0.98,0.02,0.02,77767.62,1777115363000
1777115365.159,265.159,0.02,0.04,0.96,0.98,0.02,0.02,77767.63,1777115364000
1777115365.512,265.512,0.03,0.04,0.96,0.97,0.01,0.01,77767.63,1777115364000
1777115366.33,266.33,0.02,0.03,0.97,0.98,0.01,0.01,77767.63,1777115364000
1777115366.676,266.676,0.02,0.03,0.97,0.98,0.01,0.01,77767.66,1777115365000
1777115367.311,267.311,0.02,0.03,0.97,0.98,0.01,0.01,77767.66,1777115365000
1777115368.101,268.101,0.02,0.03,0.97,0.98,0.01,0.01,77767.62,1777115367000
1777115368.584,268.584,0.02,0.03,0.97,0.98,0.01,0.01,77767.62,1777115367000
1777115368.961,268.961,0.02,0.03,0.97,0.98,0.01,0.01,77767.62,1777115367000
1777115369.32,269.32,0.02,0.03,0.97,0.98,0.01,0.01,77767.62,1777115367000
1777115369.884,269.884,0.02,0.03,0.97,0.98,0.01,0.01,77767.66,1777115368000
1777115370.336,270.336,0.02,0.03,0.97,0.98,0.01,0.01,77767.66,1777115368000
1777115370.762,270.762,0.02,0.03,0.97,0.98,0.01,0.01,77767.66,1777115368000
1777115371.363,271.363,0.02,0.03,0.97,0.98,0.01,0.01,77767.63,1777115370000
1777115371.775,271.775,0.02,0.03,0.97,0.98,0.01,0.01,77767.63,1777115370000
1777115372.268,272.268,0.02,0.03,0.97,0.98,0.01,0.01,77767.61,1777115371000
1777115372.61,272.61,0.02,0.03,0.97,0.98,0.01,0.01,77767.61,1777115371000
1777115372.958,272.958,0.02,0.03,0.97,0.98,0.01,0.01,77767.61,1777115371000
1777115373.343,273.343,0.01,0.02,0.98,0.99,0.01,0.01,77767.61,1777115371000
1777115374.114,274.114,0.01,0.02,0.98,0.99,0.01,0.01,77767.56,1777115373000
1777115374.472,274.472,0.01,0.02,0.98,0.99,0.01,0.01,77767.56,1777115373000
1777115374.827,274.827,0.01,0.02,0.98,0.99,0.01,0.01,77767.56,1777115373000
1777115375.336,275.336,0.01,0.02,0.98,0.99,0.01,0.01,77767.56,1777115373000
1777115375.687,275.687,0.01,0.02,0.98,0.99,0.01,0.01,77767.57,1777115374000
1777115376.212,276.212,0.01,0.02,0.98,0.99,0.01,0.01,77767.55,1777115375000
1777115376.766,276.766,0.01,0.02,0.98,0.99,0.01,0.01,77767.55,1777115375000
1777115377.42,277.42,0.01,0.02,0.98,0.99,0.01,0.01,77767.55,1777115375000
1777115377.865,277.865,0.01,0.02,0.98,0.99,0.01,0.01,77767.55,1777115376000
1777115378.317,278.317,0.01,0.02,0.98,0.99,0.01,0.01,77767.55,1777115377000
1777115378.711,278.711,0.01,0.02,0.98,0.99,0.01,0.01,77767.55,1777115377000
1777115379.189,279.189,0.01,0.02,0.98,0.99,0.01,0.01,77767.55,1777115377000
1777115379.693,279.693,0.01,0.02,0.98,0.99,0.01,0.01,77767.54,1777115378000
1777115380.045,280.045,0.01,0.01,0.98,0.99,0.0,0.01,77767.54,1777115378000
1777115380.475,280.475,0.01,0.01,0.99,0.99,0.0,0.0,77767.54,1777115379000
1777115380.811,280.811,0.01,0.01,0.99,0.99,0.0,0.0,77767.54,1777115379000
1777115381.9,281.9,0.01,0.01,0.99,0.99,0.0,0.0,77767.6,1777115380000
1777115382.384,282.384,0.01,0.01,0.99,0.99,0.0,0.0,77767.28,1777115381000
1777115383.229,283.229,0.01,0.01,0.99,0.99,0.0,0.0,77767.28,1777115381000
1777115383.746,283.746,0.01,0.01,0.99,0.99,0.0,0.0,77767.1,1777115382000
1777115384.257,284.257,0.01,0.01,0.99,0.99,0.0,0.0,77763.57,1777115383000
1777115385.232,285.232,0.01,0.01,0.99,0.99,0.0,0.0,77763.57,1777115383000
1777115385.887,285.887,0.01,0.01,0.99,0.99,0.0,0.0,77763.42,1777115384000
1777115386.239,286.239,0.01,0.01,0.99,0.99,0.0,0.0,77763.42,1777115384000
1777115386.589,286.589,0.01,0.01,0.99,0.99,0.0,0.0,77763.42,1777115385000
1777115386.927,286.927,0.01,0.01,0.99,0.99,0.0,0.0,77763.42,1777115385000
1777115388.158,288.158,0.01,0.01,0.99,0.99,0.0,0.0,77763.42,1777115386000
1777115388.932,288.932,0.01,0.01,0.99,0.99,0.0,0.0,77763.44,1777115388000
1777115389.437,289.437,0.01,0.01,0.99,0.99,0.0,0.0,77763.44,1777115388000
1777115390.337,290.337,0.01,0.01,0.99,0.99,0.0,0.0,77763.44,1777115389000
1777115391.258,291.258,0.01,0.01,0.99,0.99,0.0,0.0,77763.44,1777115390000
1777115392.449,292.449,0.01,0.01,0.99,0.99,0.0,0.0,77763.45,1777115391000
1777115393.071,293.071,0.01,0.01,0.99,0.99,0.0,0.0,77763.43,1777115392000
1777115394.417,294.417,0.01,0.01,0.99,0.99,0.0,0.0,77763.44,1777115393000
1777115395.067,295.067,0.01,0.01,0.99,0.99,0.0,0.0,77763.44,1777115394000
1777115395.901,295.901,0.01,0.01,0.99,0.99,0.0,0.0,77763.44,1777115394000
1777115396.63,296.63,0.01,0.01,0.99,0.99,0.0,0.0,77763.41,1777115395000
1777115397.275,297.275,0.01,0.01,0.99,0.99,0.0,0.0,77763.45,1777115396000
1777115397.918,297.918,0.01,0.01,0.99,0.99,0.0,0.0,77763.44,1777115397000
1777115398.6,298.6,0.01,0.01,0.99,0.99,0.0,0.0,77763.44,1777115397000
1777115399.069,299.069,0.01,0.01,0.99,0.99,0.0,0.0,77763.45,1777115398000
1777115400.207,300.207,0.01,0.01,0.99,0.99,0.0,0.0,77762.43,1777115399000
1777115400.862,300.862,0.01,0.01,0.99,0.99,0.0,0.0,77762.43,1777115399000

# RESULT,winner=Down,slug=btc-updown-5m-1777115100,ticks=583
