timestamp,elapsed_sec,up_bid,up_ask,down_bid,down_ask,up_spread,down_spread,btc_price
1775897700.815,0.815,0.53,0.54,0.46,0.47,0.01,0.01,72703.07
1775897701.208,1.208,0.53,0.54,0.46,0.47,0.01,0.01,72703.07
1775897701.628,1.628,0.53,0.54,0.46,0.47,0.01,0.01,72703.07
1775897702.232,2.232,0.53,0.54,0.46,0.49,0.01,0.03,72706.49
1775897702.838,2.838,0.51,0.52,0.46,0.47,0.01,0.01,72706.49
1775897703.21,3.21,0.52,0.53,0.47,0.48,0.01,0.01,72706.49
1775897703.604,3.604,0.52,0.53,0.47,0.48,0.01,0.01,72706.49
1775897703.998,3.998,0.52,0.53,0.47,0.48,0.01,0.01,72706.49
1775897704.386,4.386,0.52,0.53,0.47,0.48,0.01,0.01,72706.49
1775897704.953,4.953,0.52,0.53,0.47,0.48,0.01,0.01,72707.04
1775897705.306,5.306,0.52,0.53,0.47,0.48,0.01,0.01,72707.04
1775897705.736,5.736,0.52,0.53,0.47,0.48,0.01,0.01,72707.04
1775897706.711,6.711,0.52,0.53,0.47,0.48,0.01,0.01,72707.03
1775897707.162,7.162,0.52,0.53,0.47,0.48,0.01,0.01,72707.03
1775897707.517,7.517,0.52,0.53,0.47,0.48,0.01,0.01,72707.01
1775897708.036,8.036,0.52,0.53,0.47,0.48,0.01,0.01,72707.01
1775897708.374,8.374,0.52,0.53,0.47,0.48,0.01,0.01,72707.01
1775897709.009,9.009,0.52,0.54,0.47,0.48,0.02,0.01,72707.03
1775897709.445,9.445,0.53,0.54,0.46,0.47,0.01,0.01,72707.03
1775897709.932,9.932,0.53,0.55,0.46,0.47,0.02,0.01,72707.03
1775897710.291,10.291,0.55,0.56,0.44,0.47,0.01,0.03,72707.03
1775897710.67,10.67,0.55,0.56,0.44,0.45,0.01,0.01,72707.03
1775897711.041,11.041,0.55,0.56,0.44,0.45,0.01,0.01,72707.03
1775897711.466,11.466,0.56,0.58,0.43,0.44,0.02,0.01,72707.03
1775897711.83,11.83,0.57,0.58,0.42,0.43,0.01,0.01,72707.03
1775897712.538,12.538,0.57,0.58,0.42,0.43,0.01,0.01,72706.75
1775897712.944,12.944,0.57,0.58,0.42,0.43,0.01,0.01,72706.75
1775897713.564,13.564,0.57,0.58,0.42,0.43,0.01,0.01,72707.49
1775897713.942,13.942,0.57,0.58,0.42,0.43,0.01,0.01,72707.49
1775897714.475,14.475,0.57,0.58,0.42,0.43,0.01,0.01,72711.21
1775897714.985,14.985,0.57,0.58,0.42,0.43,0.01,0.01,72711.21
1775897715.395,15.395,0.57,0.58,0.42,0.43,0.01,0.01,72711.23
1775897715.815,15.815,0.57,0.58,0.42,0.43,0.01,0.01,72711.23
1775897716.271,16.271,0.57,0.58,0.42,0.43,0.01,0.01,72711.24
1775897716.942,16.942,0.57,0.58,0.42,0.43,0.01,0.01,72711.24
1775897718.223,18.223,0.57,0.58,0.42,0.43,0.01,0.01,72710.83
1775897719.17,19.17,0.57,0.58,0.42,0.43,0.01,0.01,72710.85
1775897719.785,19.785,0.58,0.59,0.41,0.43,0.01,0.02,72710.85
1775897720.318,20.318,0.57,0.59,0.41,0.42,0.02,0.01,72711.8
1775897721.096,21.096,0.57,0.58,0.42,0.43,0.01,0.01,72711.8
1775897721.51,21.51,0.57,0.58,0.42,0.43,0.01,0.01,72711.81
1775897721.922,21.922,0.63,0.64,0.36,0.37,0.01,0.01,72711.81
1775897722.271,22.271,0.65,0.66,0.34,0.35,0.01,0.01,72711.81
1775897722.798,22.798,0.65,0.66,0.34,0.35,0.01,0.01,72711.77
1775897723.395,23.395,0.65,0.66,0.34,0.35,0.01,0.01,72711.79
1775897723.829,23.829,0.64,0.65,0.35,0.36,0.01,0.01,72711.79
1775897724.211,24.211,0.64,0.65,0.35,0.36,0.01,0.01,72714.52
1775897724.583,24.583,0.64,0.66,0.34,0.35,0.02,0.01,72714.52
1775897725.034,25.034,0.64,0.66,0.34,0.35,0.02,0.01,72714.52
1775897725.408,25.408,0.63,0.64,0.36,0.37,0.01,0.01,72717.12
1775897725.78,25.78,0.6,0.63,0.37,0.38,0.03,0.01,72717.12
1775897726.144,26.144,0.59,0.6,0.39,0.42,0.01,0.03,72717.12
1775897726.488,26.488,0.59,0.6,0.4,0.41,0.01,0.01,72716.57
1775897727.015,27.015,0.59,0.6,0.4,0.41,0.01,0.01,72716.57
1775897727.368,27.368,0.59,0.61,0.4,0.41,0.02,0.01,72716.59
1775897727.864,27.864,0.6,0.61,0.39,0.4,0.01,0.01,72716.59
1775897728.234,28.234,0.6,0.61,0.39,0.4,0.01,0.01,72716.78
1775897728.589,28.589,0.61,0.62,0.38,0.39,0.01,0.01,72716.78
1775897729.144,29.144,0.64,0.65,0.35,0.36,0.01,0.01,72716.72
1775897729.952,29.952,0.64,0.65,0.35,0.36,0.01,0.01,72716.78
1775897730.349,30.349,0.64,0.65,0.35,0.36,0.01,0.01,72716.78
1775897730.934,30.934,0.64,0.65,0.35,0.36,0.01,0.01,72716.62
1775897731.28,31.28,0.64,0.66,0.34,0.36,0.02,0.02,72716.62
1775897731.859,31.859,0.64,0.67,0.35,0.36,0.03,0.01,72717.25
1775897732.281,32.281,0.66,0.67,0.33,0.36,0.01,0.03,72717.25
1775897733.228,33.228,0.66,0.67,0.33,0.34,0.01,0.01,72717.27
1775897733.639,33.639,0.66,0.68,0.32,0.35,0.02,0.03,72717.27
1775897734.487,34.487,0.65,0.66,0.33,0.36,0.01,0.03,72717.27
1775897734.833,34.833,0.65,0.66,0.34,0.36,0.01,0.02,72717.27
1775897735.209,35.209,0.64,0.65,0.35,0.36,0.01,0.01,72717.26
1775897735.639,35.639,0.64,0.65,0.35,0.36,0.01,0.01,72717.26
1775897736.248,36.248,0.64,0.65,0.35,0.36,0.01,0.01,72717.26
1775897736.6,36.6,0.64,0.65,0.35,0.36,0.01,0.01,72717.26
1775897737.155,37.155,0.63,0.65,0.36,0.37,0.02,0.01,72717.26
1775897737.526,37.526,0.64,0.65,0.35,0.37,0.01,0.02,72717.26
1775897738.148,38.148,0.64,0.65,0.35,0.36,0.01,0.01,72717.26
1775897738.556,38.556,0.64,0.65,0.35,0.37,0.01,0.02,72717.26
1775897739.547,39.547,0.64,0.65,0.35,0.36,0.01,0.01,72717.26
1775897741.678,41.678,0.64,0.65,0.35,0.36,0.01,0.01,72717.35
1775897742.248,42.248,0.64,0.65,0.35,0.36,0.01,0.01,72716.57
1775897742.71,42.71,0.64,0.65,0.35,0.36,0.01,0.01,72716.57
1775897743.064,43.064,0.64,0.93,0.35,0.36,0.29,0.01,72716.57
1775897743.457,43.457,0.71,0.72,0.28,0.29,0.01,0.01,72716.57
1775897743.797,43.797,0.67,0.68,0.32,0.33,0.01,0.01,72716.57
1775897744.319,44.319,0.67,0.68,0.32,0.33,0.01,0.01,72717.36
1775897745.003,45.003,0.67,0.68,0.32,0.33,0.01,0.01,72717.36
1775897745.395,45.395,0.67,0.68,0.32,0.33,0.01,0.01,72717.37
1775897745.833,45.833,0.67,0.68,0.32,0.33,0.01,0.01,72717.37
1775897746.532,46.532,0.66,0.67,0.32,0.33,0.01,0.01,72717.37
1775897747.41,47.41,0.65,0.66,0.33,0.35,0.01,0.02,72717.38
1775897747.978,47.978,0.66,0.67,0.33,0.35,0.01,0.02,72717.38
1775897748.312,48.312,0.65,0.67,0.33,0.34,0.02,0.01,72717.38
1775897748.657,48.657,0.65,0.66,0.34,0.35,0.01,0.01,72717.4
1775897749.157,49.157,0.65,0.66,0.34,0.35,0.01,0.01,72717.4
1775897749.71,49.71,0.65,0.66,0.34,0.35,0.01,0.01,72717.39
1775897750.351,50.351,0.61,0.66,0.34,0.35,0.05,0.01,72717.3
1775897750.765,50.765,0.63,0.64,0.34,0.39,0.01,0.05,72717.3
1775897751.579,51.579,0.63,0.64,0.36,0.37,0.01,0.01,72717.32
1775897752.111,52.111,0.61,0.62,0.38,0.39,0.01,0.01,72717.32
1775897752.462,52.462,0.61,0.96,0.38,0.39,0.35,0.01,72717.38
1775897752.85,52.85,0.61,0.62,0.38,0.39,0.01,0.01,72717.38
1775897753.321,53.321,0.68,0.69,0.28,0.36,0.01,0.08,72717.38
1775897753.686,53.686,0.66,0.68,0.32,0.33,0.02,0.01,72715.89
1775897754.035,54.035,0.69,0.73,0.27,0.29,0.04,0.02,72715.89
1775897754.393,54.393,0.71,0.72,0.28,0.29,0.01,0.01,72717.29
1775897754.73,54.73,0.71,0.72,0.28,0.29,0.01,0.01,72717.29
1775897755.09,55.09,0.73,0.74,0.26,0.29,0.01,0.03,72717.29
1775897755.564,55.564,0.72,0.73,0.27,0.28,0.01,0.01,72717.29
1775897756.091,56.091,0.69,0.7,0.27,0.31,0.01,0.04,72717.87
1775897756.507,56.507,0.69,0.7,0.3,0.31,0.01,0.01,72717.87
1775897757.166,57.166,0.69,0.7,0.3,0.31,0.01,0.01,72717.85
1775897757.773,57.773,0.68,0.69,0.31,0.32,0.01,0.01,72717.89
1775897758.183,58.183,0.68,0.69,0.31,0.32,0.01,0.01,72717.89
1775897758.686,58.686,0.68,0.69,0.31,0.32,0.01,0.01,72717.92
1775897759.448,59.448,0.65,0.69,0.31,0.32,0.04,0.01,72717.92
1775897760.0,60.0,0.68,0.69,0.31,0.35,0.01,0.04,72717.92
1775897760.935,60.935,0.68,0.69,0.31,0.32,0.01,0.01,72717.9
1775897761.285,61.285,0.65,0.66,0.34,0.35,0.01,0.01,72717.9
1775897761.912,61.912,0.65,0.66,0.34,0.35,0.01,0.01,72717.9
1775897762.294,62.294,0.65,0.66,0.34,0.35,0.01,0.01,72717.9
1775897763.033,63.033,0.65,0.67,0.34,0.35,0.02,0.01,72717.93
1775897763.373,63.373,0.1,0.67,0.33,0.35,0.57,0.02,72717.93
1775897763.71,63.71,0.63,0.65,0.34,0.37,0.02,0.03,72717.93
1775897764.062,64.062,0.56,0.58,0.42,0.43,0.02,0.01,72717.93
1775897764.412,64.412,0.58,0.59,0.41,0.42,0.01,0.01,72717.93
1775897764.749,64.749,0.5,0.52,0.49,0.5,0.02,0.01,72718.42
1775897765.097,65.097,0.51,0.52,0.48,0.49,0.01,0.01,72718.42
1775897765.451,65.451,0.51,0.54,0.48,0.49,0.03,0.01,72718.43
1775897765.817,65.817,0.54,0.55,0.45,0.46,0.01,0.01,72718.43
1775897766.184,66.184,0.57,0.6,0.42,0.46,0.03,0.04,72718.45
1775897766.621,66.621,0.6,0.62,0.39,0.4,0.02,0.01,72718.45
1775897767.061,67.061,0.6,0.61,0.39,0.4,0.01,0.01,72718.45
1775897767.446,67.446,0.6,0.61,0.39,0.4,0.01,0.01,72718.47
1775897768.029,68.029,0.6,0.61,0.39,0.4,0.01,0.01,72718.47
1775897768.418,68.418,0.59,0.6,0.39,0.4,0.01,0.01,72718.57
1775897768.763,68.763,0.6,0.61,0.39,0.4,0.01,0.01,72718.57
1775897769.113,69.113,0.6,0.61,0.39,0.4,0.01,0.01,72718.57
1775897769.596,69.596,0.6,0.61,0.39,0.4,0.01,0.01,72718.57
1775897770.073,70.073,0.6,0.61,0.39,0.4,0.01,0.01,72718.57
1775897770.416,70.416,0.6,0.61,0.39,0.4,0.01,0.01,72718.58
1775897771.064,71.064,0.6,0.61,0.39,0.4,0.01,0.01,72718.58
1775897771.709,71.709,0.6,0.61,0.39,0.4,0.01,0.01,72718.57
1775897772.124,72.124,0.6,0.61,0.39,0.4,0.01,0.01,72718.57
1775897772.666,72.666,0.6,0.61,0.39,0.4,0.01,0.01,72718.58
1775897773.315,73.315,0.6,0.61,0.39,0.4,0.01,0.01,72718.59
1775897773.737,73.737,0.6,0.61,0.39,0.4,0.01,0.01,72718.59
1775897774.137,74.137,0.6,0.61,0.39,0.4,0.01,0.01,72718.59
1775897774.857,74.857,0.6,0.61,0.39,0.4,0.01,0.01,72716.7
1775897775.471,75.471,0.6,0.61,0.39,0.4,0.01,0.01,72718.59
1775897775.869,75.869,0.6,0.61,0.39,0.4,0.01,0.01,72718.59
1775897776.225,76.225,0.6,0.63,0.39,0.4,0.03,0.01,72718.6
1775897776.572,76.572,0.63,0.64,0.36,0.37,0.01,0.01,72718.6
1775897776.921,76.921,0.62,0.63,0.37,0.38,0.01,0.01,72718.6
1775897777.322,77.322,0.64,0.65,0.35,0.36,0.01,0.01,72718.59
1775897777.661,77.661,0.64,0.65,0.34,0.36,0.01,0.02,72718.59
1775897777.997,77.997,0.64,0.65,0.35,0.36,0.01,0.01,72718.59
1775897778.589,78.589,0.65,0.66,0.34,0.36,0.01,0.02,72718.58
1775897779.014,79.014,0.65,0.66,0.34,0.35,0.01,0.01,72718.58
1775897779.45,79.45,0.65,0.66,0.34,0.35,0.01,0.01,72718.58
1775897779.948,79.948,0.65,0.66,0.34,0.35,0.01,0.01,72718.58
1775897780.318,80.318,0.65,0.66,0.34,0.35,0.01,0.01,72718.58
1775897780.682,80.682,0.63,0.66,0.35,0.36,0.03,0.01,72718.59
1775897781.047,81.047,0.65,0.66,0.34,0.35,0.01,0.01,72718.56
1775897781.573,81.573,0.66,0.67,0.33,0.34,0.01,0.01,72718.56
1775897781.996,81.996,0.65,0.67,0.33,0.34,0.02,0.01,72718.56
1775897782.33,82.33,0.65,0.66,0.33,0.35,0.01,0.02,72718.57
1775897782.88,82.88,0.66,0.67,0.33,0.35,0.01,0.02,72718.57
1775897783.299,83.299,0.66,0.67,0.33,0.34,0.01,0.01,72718.57
1775897783.758,83.758,0.65,0.66,0.33,0.34,0.01,0.01,72718.57
1775897784.459,84.459,0.66,0.67,0.33,0.34,0.01,0.01,72718.57
1775897785.049,85.049,0.66,0.68,0.33,0.34,0.02,0.01,72718.57
1775897785.384,85.384,0.65,0.66,0.34,0.35,0.01,0.01,72718.56
1775897785.765,85.765,0.57,0.58,0.35,0.43,0.01,0.08,72718.56
1775897786.103,86.103,0.49,0.51,0.48,0.5,0.02,0.02,72718.54
1775897786.465,86.465,0.47,0.48,0.52,0.53,0.01,0.01,72718.54
1775897786.805,86.805,0.45,0.48,0.5,0.55,0.03,0.05,72718.54
1775897787.152,87.152,0.47,0.48,0.52,0.53,0.01,0.01,72718.54
1775897787.527,87.527,0.47,0.48,0.52,0.53,0.01,0.01,72718.55
1775897787.975,87.975,0.47,0.49,0.52,0.53,0.02,0.01,72718.55
1775897788.547,88.547,0.51,0.52,0.48,0.49,0.01,0.01,72718.54
1775897788.935,88.935,0.52,0.53,0.46,0.48,0.01,0.02,72718.54
1775897789.305,89.305,0.52,0.53,0.47,0.48,0.01,0.01,72718.54
1775897789.646,89.646,0.52,0.54,0.47,0.48,0.02,0.01,72718.53
1775897790.046,90.046,0.52,0.53,0.47,0.48,0.01,0.01,72718.53
1775897790.659,90.659,0.53,0.54,0.46,0.48,0.01,0.02,72718.54
1775897791.044,91.044,0.53,0.54,0.46,0.47,0.01,0.01,72718.54
1775897791.442,91.442,0.55,0.56,0.44,0.45,0.01,0.01,72718.53
1775897791.803,91.803,0.55,0.56,0.44,0.45,0.01,0.01,72718.53
1775897792.352,92.352,0.55,0.56,0.44,0.45,0.01,0.01,72718.53
1775897792.895,92.895,0.55,0.56,0.44,0.45,0.01,0.01,72718.26
1775897793.309,93.309,0.55,0.56,0.44,0.45,0.01,0.01,72718.28
1775897793.759,93.759,0.55,0.56,0.44,0.45,0.01,0.01,72718.28
1775897794.111,94.111,0.58,0.59,0.41,0.42,0.01,0.01,72718.28
1775897794.536,94.536,0.61,0.62,0.39,0.41,0.01,0.02,72718.9
1775897795.061,95.061,0.61,0.63,0.38,0.39,0.02,0.01,72718.9
1775897795.483,95.483,0.62,0.63,0.37,0.38,0.01,0.01,72718.88
1775897796.193,96.193,0.62,0.98,0.37,0.38,0.36,0.01,72718.88
1775897796.566,96.566,0.65,0.66,0.34,0.35,0.01,0.01,72718.85
1775897796.905,96.905,0.7,0.76,0.29,0.3,0.06,0.01,72718.85
1775897797.242,97.242,0.75,0.76,0.24,0.26,0.01,0.02,72718.85
1775897797.604,97.604,0.78,0.79,0.21,0.25,0.01,0.04,72718.82
1775897797.939,97.939,0.75,0.77,0.23,0.25,0.02,0.02,72718.82
1775897798.311,98.311,0.74,0.75,0.25,0.26,0.01,0.01,72718.78
1775897798.755,98.755,0.72,0.74,0.26,0.27,0.02,0.01,72718.78
1775897799.147,99.147,0.72,0.73,0.27,0.28,0.01,0.01,72718.78
1775897799.527,99.527,0.72,0.73,0.27,0.28,0.01,0.01,72718.78
1775897799.887,99.887,0.72,0.73,0.27,0.28,0.01,0.01,72718.78
1775897800.22,100.22,0.72,0.73,0.27,0.28,0.01,0.01,72718.78
1775897800.617,100.617,0.7,0.71,0.29,0.31,0.01,0.02,72718.78
1775897801.032,101.032,0.69,0.71,0.29,0.3,0.02,0.01,72718.78
1775897801.474,101.474,0.7,0.71,0.29,0.3,0.01,0.01,72718.78
1775897801.937,101.937,0.7,0.71,0.29,0.3,0.01,0.01,72718.81
1775897802.317,102.317,0.7,0.71,0.29,0.3,0.01,0.01,72718.81
1775897802.721,102.721,0.7,0.73,0.29,0.3,0.03,0.01,72718.81
1775897803.232,103.232,0.71,0.72,0.28,0.29,0.01,0.01,72718.81
1775897803.713,103.713,0.71,0.72,0.28,0.29,0.01,0.01,72718.99
1775897804.218,104.218,0.71,0.72,0.28,0.29,0.01,0.01,72718.99
1775897805.406,105.406,0.71,0.72,0.28,0.29,0.01,0.01,72719.32
1775897805.849,105.849,0.71,0.72,0.28,0.29,0.01,0.01,72719.32
1775897806.262,106.262,0.72,0.75,0.27,0.28,0.03,0.01,72719.32
1775897807.48,107.48,0.72,0.73,0.26,0.27,0.01,0.01,72719.85
1775897807.883,107.883,0.72,0.73,0.27,0.28,0.01,0.01,72719.85
1775897808.218,108.218,0.73,0.74,0.26,0.27,0.01,0.01,72719.85
1775897809.44,109.44,0.71,0.72,0.26,0.33,0.01,0.07,72719.85
1775897809.868,109.868,0.7,0.75,0.28,0.3,0.05,0.02,72719.85
1775897810.393,110.393,0.74,0.75,0.25,0.26,0.01,0.01,72719.85
1775897810.852,110.852,0.74,0.75,0.25,0.26,0.01,0.01,72719.85
1775897811.233,111.233,0.73,0.75,0.25,0.26,0.02,0.01,72719.88
1775897811.856,111.856,0.72,0.73,0.27,0.28,0.01,0.01,72720.05
1775897812.535,112.535,0.71,0.74,0.26,0.27,0.03,0.01,72720.05
1775897812.869,112.869,0.72,0.73,0.28,0.29,0.01,0.01,72720.06
1775897813.413,113.413,0.72,0.73,0.27,0.29,0.01,0.02,72720.06
1775897813.834,113.834,0.74,0.75,0.25,0.26,0.01,0.01,72720.06
1775897814.249,114.249,0.02,0.75,0.25,0.26,0.73,0.01,72720.07
1775897814.582,114.582,0.69,0.7,0.29,0.31,0.01,0.02,72720.07
1775897814.922,114.922,0.54,0.55,0.45,0.46,0.01,0.01,72720.15
1775897815.293,115.293,0.54,0.55,0.45,0.46,0.01,0.01,72720.15
1775897815.639,115.639,0.53,0.54,0.46,0.48,0.01,0.02,72720.15
1775897816.125,116.125,0.55,0.56,0.44,0.45,0.01,0.01,72720.16
1775897816.46,116.46,0.56,0.57,0.43,0.44,0.01,0.01,72720.16
1775897816.881,116.881,0.59,0.6,0.41,0.44,0.01,0.03,72720.16
1775897817.418,117.418,0.59,0.6,0.4,0.41,0.01,0.01,72720.16
1775897817.775,117.775,0.59,0.63,0.4,0.41,0.04,0.01,72720.16
1775897818.181,118.181,0.63,0.64,0.36,0.37,0.01,0.01,72720.17
1775897818.518,118.518,0.63,0.64,0.36,0.37,0.01,0.01,72720.17
1775897819.312,119.312,0.62,0.63,0.37,0.38,0.01,0.01,72720.19
1775897819.711,119.711,0.67,0.7,0.32,0.36,0.03,0.04,72720.19
1775897820.055,120.055,0.65,0.66,0.33,0.35,0.01,0.02,72720.19
1775897820.479,120.479,0.66,0.67,0.33,0.34,0.01,0.01,72720.2
1775897820.898,120.898,0.66,0.67,0.33,0.34,0.01,0.01,72720.2
1775897821.282,121.282,0.66,0.67,0.33,0.34,0.01,0.01,72720.2
1775897821.634,121.634,0.67,0.68,0.32,0.35,0.01,0.03,72720.16
1775897822.241,122.241,0.66,0.67,0.33,0.34,0.01,0.01,72720.12
1775897822.593,122.593,0.67,0.68,0.32,0.33,0.01,0.01,72720.12
1775897822.954,122.954,0.65,0.66,0.34,0.35,0.01,0.01,72720.12
1775897823.404,123.404,0.65,0.66,0.34,0.35,0.01,0.01,72720.12
1775897823.762,123.762,0.67,0.68,0.33,0.34,0.01,0.01,72720.12
1775897824.305,124.305,0.67,0.68,0.33,0.34,0.01,0.01,72720.04
1775897824.831,124.831,0.67,0.99,0.31,0.33,0.32,0.02,72720.04
1775897825.174,125.174,0.69,0.7,0.3,0.31,0.01,0.01,72720.04
1775897825.584,125.584,0.77,0.78,0.22,0.24,0.01,0.02,72720.06
1775897825.923,125.923,0.77,0.79,0.21,0.23,0.02,0.02,72720.06
1775897826.338,126.338,0.76,0.77,0.23,0.24,0.01,0.01,72720.06
1775897826.711,126.711,0.77,0.78,0.22,0.23,0.01,0.01,72720.06
1775897827.167,127.167,0.76,0.77,0.22,0.24,0.01,0.02,72720.07
1775897827.65,127.65,0.76,0.77,0.23,0.24,0.01,0.01,72720.07
1775897827.986,127.986,0.76,0.77,0.23,0.24,0.01,0.01,72720.07
1775897828.354,128.354,0.76,0.77,0.23,0.24,0.01,0.01,72720.09
1775897828.85,128.85,0.76,0.79,0.21,0.24,0.03,0.03,72720.09
1775897829.412,129.412,0.77,0.78,0.21,0.24,0.01,0.03,72720.08
1775897830.002,130.002,0.78,0.79,0.22,0.23,0.01,0.01,72720.08
1775897830.389,130.389,0.77,0.78,0.22,0.23,0.01,0.01,72720.08
1775897830.838,130.838,0.75,0.76,0.23,0.25,0.01,0.02,72720.08
1775897831.298,131.298,0.73,0.76,0.24,0.25,0.03,0.01,72720.08
1775897831.821,131.821,0.73,0.74,0.26,0.31,0.01,0.05,72720.08
1775897832.278,132.278,0.71,0.72,0.26,0.29,0.01,0.03,72720.08
1775897832.629,132.629,0.71,0.72,0.28,0.29,0.01,0.01,72720.03
1775897833.121,133.121,0.75,0.76,0.22,0.29,0.01,0.07,72719.99
1775897833.746,133.746,0.73,0.74,0.24,0.26,0.01,0.02,72719.99
1775897834.091,134.091,0.73,0.74,0.26,0.27,0.01,0.01,72719.99
1775897834.613,134.613,0.73,0.74,0.26,0.27,0.01,0.01,72719.99
1775897834.96,134.96,0.73,0.74,0.26,0.27,0.01,0.01,72719.54
1775897835.333,135.333,0.73,0.76,0.26,0.27,0.03,0.01,72719.54
1775897835.899,135.899,0.75,0.76,0.24,0.27,0.01,0.03,72720.02
1775897836.265,136.265,0.75,0.76,0.24,0.25,0.01,0.01,72720.02
1775897836.823,136.823,0.75,0.76,0.24,0.25,0.01,0.01,72720.02
1775897837.711,137.711,0.75,0.76,0.24,0.25,0.01,0.01,72720.02
1775897838.059,138.059,0.75,0.76,0.24,0.25,0.01,0.01,72720.02
1775897838.451,138.451,0.75,0.76,0.24,0.25,0.01,0.01,72720.02
1775897838.798,138.798,0.75,0.76,0.24,0.25,0.01,0.01,72720.02
1775897839.397,139.397,0.75,0.76,0.24,0.25,0.01,0.01,72720.02
1775897839.894,139.894,0.74,0.75,0.24,0.25,0.01,0.01,72719.98
1775897840.882,140.882,0.74,0.75,0.25,0.26,0.01,0.01,72720.01
1775897841.598,141.598,0.74,0.75,0.25,0.26,0.01,0.01,72720.01
1775897842.307,142.307,0.74,0.75,0.25,0.26,0.01,0.01,72720.01
1775897842.897,142.897,0.74,0.75,0.25,0.26,0.01,0.01,72720.05
1775897843.349,143.349,0.74,0.75,0.25,0.26,0.01,0.01,72720.05
1775897843.723,143.723,0.74,0.75,0.25,0.26,0.01,0.01,72720.05
1775897844.203,144.203,0.73,0.74,0.25,0.26,0.01,0.01,72720.05
1775897844.623,144.623,0.67,0.68,0.31,0.34,0.01,0.03,72720.05
1775897845.098,145.098,0.67,0.68,0.32,0.33,0.01,0.01,72720.05
1775897845.49,145.49,0.67,0.7,0.32,0.33,0.03,0.01,72719.99
1775897845.897,145.897,0.68,0.69,0.3,0.33,0.01,0.03,72719.99
1775897846.289,146.289,0.69,0.7,0.3,0.32,0.01,0.02,72719.99
1775897847.093,147.093,0.69,0.7,0.3,0.31,0.01,0.01,72719.99
1775897847.593,147.593,0.69,0.7,0.3,0.31,0.01,0.01,72718.28
1775897848.003,148.003,0.69,0.7,0.3,0.31,0.01,0.01,72718.28
1775897848.526,148.526,0.69,0.7,0.3,0.31,0.01,0.01,72718.28
1775897849.338,149.338,0.69,0.7,0.3,0.31,0.01,0.01,72718.28
1775897850.15,150.15,0.7,0.71,0.3,0.31,0.01,0.01,72718.28
1775897850.577,150.577,0.7,0.71,0.29,0.3,0.01,0.01,72718.28
1775897850.959,150.959,0.7,0.71,0.29,0.3,0.01,0.01,72718.28
1775897851.833,151.833,0.7,0.71,0.29,0.3,0.01,0.01,72718.28
1775897852.264,152.264,0.01,0.71,0.29,0.3,0.7,0.01,72718.35
1775897852.6,152.6,0.59,0.69,0.3,0.32,0.1,0.02,72718.35
1775897852.935,152.935,0.58,0.59,0.41,0.42,0.01,0.01,72718.35
1775897853.392,153.392,0.58,0.59,0.41,0.42,0.01,0.01,72718.36
1775897853.765,153.765,0.5,0.51,0.49,0.5,0.01,0.01,72718.36
1775897854.211,154.211,0.51,0.52,0.48,0.49,0.01,0.01,72718.36
1775897854.642,154.642,0.51,0.52,0.48,0.49,0.01,0.01,72718.48
1775897854.991,154.991,0.52,0.53,0.47,0.48,0.01,0.01,72718.49
1775897855.419,155.419,0.52,0.53,0.47,0.48,0.01,0.01,72718.49
1775897855.788,155.788,0.56,0.57,0.36,0.44,0.01,0.08,72718.49
1775897856.177,156.177,0.65,0.66,0.33,0.38,0.01,0.05,72718.76
1775897856.537,156.537,0.63,0.64,0.36,0.37,0.01,0.01,72718.76
1775897857.025,157.025,0.62,0.63,0.37,0.38,0.01,0.01,72718.76
1775897857.448,157.448,0.62,0.63,0.37,0.38,0.01,0.01,72718.75
1775897857.904,157.904,0.62,0.63,0.37,0.38,0.01,0.01,72718.75
1775897858.624,158.624,0.61,0.63,0.37,0.38,0.02,0.01,72718.75
1775897859.15,159.15,0.62,0.63,0.37,0.39,0.01,0.02,72718.76
1775897859.886,159.886,0.62,0.63,0.37,0.38,0.01,0.01,72718.73
1775897860.349,160.349,0.62,0.63,0.37,0.38,0.01,0.01,72718.73
1775897860.88,160.88,0.62,0.63,0.37,0.38,0.01,0.01,72718.73
1775897861.236,161.236,0.62,0.63,0.37,0.38,0.01,0.01,72718.75
1775897862.327,162.327,0.62,0.63,0.37,0.38,0.01,0.01,72718.8
1775897862.95,162.95,0.62,0.63,0.37,0.38,0.01,0.01,72718.8
1775897863.332,163.332,0.62,0.63,0.37,0.38,0.01,0.01,72718.81
1775897863.701,163.701,0.62,0.63,0.37,0.38,0.01,0.01,72718.81
1775897864.24,164.24,0.69,0.7,0.01,0.38,0.01,0.37,72718.81
1775897864.585,164.585,0.71,0.72,0.27,0.29,0.01,0.02,72718.81
1775897864.945,164.945,0.72,0.73,0.27,0.28,0.01,0.01,72718.81
1775897865.39,165.39,0.72,0.73,0.27,0.28,0.01,0.01,72718.81
1775897865.791,165.791,0.72,0.73,0.27,0.28,0.01,0.01,72718.81
1775897866.252,166.252,0.72,0.73,0.27,0.28,0.01,0.01,72718.84
1775897866.647,166.647,0.71,0.72,0.28,0.29,0.01,0.01,72718.84
1775897866.994,166.994,0.7,0.71,0.29,0.3,0.01,0.01,72718.86
1775897867.39,167.39,0.7,0.71,0.29,0.3,0.01,0.01,72718.86
1775897868.078,168.078,0.7,0.71,0.29,0.31,0.01,0.02,72718.85
1775897868.456,168.456,0.7,0.71,0.29,0.3,0.01,0.01,72718.85
1775897869.188,169.188,0.7,0.71,0.29,0.3,0.01,0.01,72718.86
1775897869.844,169.844,0.7,0.71,0.29,0.3,0.01,0.01,72718.86
1775897870.258,170.258,0.7,0.71,0.29,0.3,0.01,0.01,72718.86
1775897870.648,170.648,0.7,0.71,0.29,0.3,0.01,0.01,72718.86
1775897871.027,171.027,0.71,0.72,0.28,0.29,0.01,0.01,72718.86
1775897871.448,171.448,0.71,0.72,0.28,0.29,0.01,0.01,72718.86
1775897871.842,171.842,0.71,0.72,0.28,0.29,0.01,0.01,72718.86
1775897872.253,172.253,0.71,0.73,0.28,0.29,0.02,0.01,72718.86
1775897872.866,172.866,0.72,0.73,0.27,0.28,0.01,0.01,72718.86
1775897873.239,173.239,0.73,0.74,0.26,0.28,0.01,0.02,72718.73
1775897873.658,173.658,0.73,0.74,0.26,0.27,0.01,0.01,72718.73
1775897874.109,174.109,0.73,0.99,0.26,0.27,0.26,0.01,72718.73
1775897874.599,174.599,0.75,0.81,0.24,0.25,0.06,0.01,72718.72
1775897875.142,175.142,0.8,0.81,0.19,0.2,0.01,0.01,72718.72
1775897875.752,175.752,0.8,0.81,0.19,0.2,0.01,0.01,72718.95
1775897876.397,176.397,0.79,0.8,0.2,0.21,0.01,0.01,72718.95
1775897876.789,176.789,0.76,0.8,0.2,0.21,0.04,0.01,72718.95
1775897877.224,177.224,0.79,0.8,0.2,0.21,0.01,0.01,72719.45
1775897877.578,177.578,0.75,0.79,0.2,0.23,0.04,0.03,72719.45
1775897878.007,178.007,0.76,0.77,0.24,0.25,0.01,0.01,72719.45
1775897878.871,178.871,0.75,0.76,0.23,0.25,0.01,0.02,72719.46
1775897879.348,179.348,0.75,0.76,0.24,0.25,0.01,0.01,72719.47
1775897879.76,179.76,0.75,0.8,0.24,0.25,0.05,0.01,72719.47
1775897880.094,180.094,0.77,0.78,0.2,0.25,0.01,0.05,72719.47
1775897880.48,180.48,0.77,0.78,0.22,0.23,0.01,0.01,72719.44
1775897880.994,180.994,0.77,0.79,0.22,0.23,0.02,0.01,72719.44
1775897881.328,181.328,0.78,0.79,0.21,0.22,0.01,0.01,72719.44
1775897881.931,181.931,0.75,0.76,0.21,0.22,0.01,0.01,72719.44
1775897882.311,182.311,0.75,0.76,0.24,0.25,0.01,0.01,72719.46
1775897882.947,182.947,0.75,0.76,0.24,0.25,0.01,0.01,72719.46
1775897883.579,183.579,0.75,0.76,0.24,0.25,0.01,0.01,72719.45
1775897884.019,184.019,0.75,0.76,0.24,0.25,0.01,0.01,72719.45
1775897884.442,184.442,0.75,0.76,0.24,0.25,0.01,0.01,72719.44
1775897884.924,184.924,0.75,0.76,0.24,0.25,0.01,0.01,72719.44
1775897885.446,185.446,0.75,0.76,0.24,0.25,0.01,0.01,72719.34
1775897885.872,185.872,0.75,0.76,0.24,0.25,0.01,0.01,72719.34
1775897886.292,186.292,0.75,0.76,0.24,0.25,0.01,0.01,72719.34
1775897886.703,186.703,0.75,0.76,0.24,0.25,0.01,0.01,72719.26
1775897887.044,187.044,0.75,0.76,0.24,0.25,0.01,0.01,72719.26
1775897887.493,187.493,0.78,0.79,0.21,0.24,0.01,0.03,72719.26
1775897887.898,187.898,0.81,0.82,0.18,0.19,0.01,0.01,72719.1
1775897888.468,188.468,0.79,0.82,0.18,0.27,0.03,0.09,72719.1
1775897888.824,188.824,0.81,0.82,0.18,0.21,0.01,0.03,72719.1
1775897889.195,189.195,0.81,0.94,0.18,0.19,0.13,0.01,72719.14
1775897889.583,189.583,0.83,0.84,0.16,0.17,0.01,0.01,72719.14
1775897890.007,190.007,0.82,0.83,0.17,0.18,0.01,0.01,72719.14
1775897890.53,190.53,0.81,0.82,0.17,0.19,0.01,0.02,72719.14
1775897890.96,190.96,0.8,0.81,0.19,0.2,0.01,0.01,72719.18
1775897891.408,191.408,0.79,0.8,0.19,0.2,0.01,0.01,72719.18
1775897891.919,191.919,0.79,0.8,0.2,0.21,0.01,0.01,72719.18
1775897892.26,192.26,0.79,0.8,0.2,0.21,0.01,0.01,72719.18
1775897892.973,192.973,0.79,0.8,0.2,0.21,0.01,0.01,72719.16
1775897893.523,193.523,0.79,0.8,0.2,0.21,0.01,0.01,72718.83
1775897893.968,193.968,0.79,0.82,0.2,0.21,0.03,0.01,72718.83
1775897895.425,195.425,0.8,0.81,0.19,0.2,0.01,0.01,72718.83
1775897895.986,195.986,0.8,0.81,0.19,0.2,0.01,0.01,72718.83
1775897896.392,196.392,0.8,0.81,0.19,0.2,0.01,0.01,72718.83
1775897896.806,196.806,0.79,0.8,0.2,0.21,0.01,0.01,72718.84
1775897897.399,197.399,0.79,0.8,0.2,0.21,0.01,0.01,72718.84
1775897897.782,197.782,0.79,0.8,0.2,0.21,0.01,0.01,72718.84
1775897898.489,198.489,0.79,0.8,0.2,0.21,0.01,0.01,72718.84
1775897899.364,199.364,0.79,0.8,0.2,0.21,0.01,0.01,72718.84
1775897899.718,199.718,0.79,0.8,0.2,0.21,0.01,0.01,72718.84
1775897900.329,200.329,0.79,0.8,0.2,0.21,0.01,0.01,72718.86
1775897900.734,200.734,0.79,0.8,0.2,0.21,0.01,0.01,72718.86
1775897901.175,201.175,0.79,0.8,0.2,0.21,0.01,0.01,72718.86
1775897901.515,201.515,0.79,0.8,0.2,0.21,0.01,0.01,72718.87
1775897901.85,201.85,0.79,0.8,0.2,0.21,0.01,0.01,72718.87
1775897902.483,202.483,0.78,0.79,0.21,0.22,0.01,0.01,72718.87
1775897902.873,202.873,0.78,0.79,0.21,0.22,0.01,0.01,72718.87
1775897904.017,204.017,0.78,0.79,0.21,0.22,0.01,0.01,72718.91
1775897904.557,204.557,0.78,0.79,0.21,0.22,0.01,0.01,72718.57
1775897905.098,205.098,0.78,0.79,0.21,0.22,0.01,0.01,72718.57
1775897905.644,205.644,0.78,0.8,0.21,0.22,0.02,0.01,72718.57
1775897906.043,206.043,0.79,0.8,0.2,0.22,0.01,0.02,72718.57
1775897907.212,207.212,0.79,0.8,0.2,0.21,0.01,0.01,72718.52
1775897907.57,207.57,0.79,0.81,0.2,0.21,0.02,0.01,72718.52
1775897908.003,208.003,0.78,0.79,0.2,0.24,0.01,0.04,72718.52
1775897909.022,209.022,0.77,0.78,0.21,0.22,0.01,0.01,72718.52
1775897909.385,209.385,0.78,0.79,0.21,0.23,0.01,0.02,72718.58
1775897910.227,210.227,0.78,0.79,0.21,0.22,0.01,0.01,72718.56
1775897910.578,210.578,0.78,0.79,0.21,0.22,0.01,0.01,72718.56
1775897911.334,211.334,0.79,0.8,0.21,0.22,0.01,0.01,72718.57
1775897911.902,211.902,0.79,0.8,0.2,0.21,0.01,0.01,72718.57
1775897912.378,212.378,0.8,0.81,0.19,0.2,0.01,0.01,72718.56
1775897913.455,213.455,0.8,0.81,0.19,0.2,0.01,0.01,72718.6
1775897913.801,213.801,0.79,0.8,0.2,0.21,0.01,0.01,72718.6
1775897914.258,214.258,0.79,0.8,0.2,0.21,0.01,0.01,72718.58
1775897914.595,214.595,0.79,0.8,0.2,0.21,0.01,0.01,72718.58
1775897915.503,215.503,0.79,0.8,0.2,0.21,0.01,0.01,72718.58
1775897915.839,215.839,0.79,0.8,0.2,0.21,0.01,0.01,72718.58
1775897916.643,216.643,0.79,0.8,0.2,0.21,0.01,0.01,72718.6
1775897917.019,217.019,0.78,0.8,0.2,0.21,0.02,0.01,72718.6
1775897918.419,218.419,0.78,0.79,0.21,0.22,0.01,0.01,72718.64
1775897918.922,218.922,0.78,0.79,0.21,0.22,0.01,0.01,72718.64
1775897919.287,219.287,0.78,0.79,0.21,0.22,0.01,0.01,72718.65
1775897920.208,220.208,0.78,0.79,0.21,0.22,0.01,0.01,72718.65
1775897920.896,220.896,0.78,0.79,0.21,0.22,0.01,0.01,72718.65
1775897921.677,221.677,0.78,0.79,0.21,0.22,0.01,0.01,72718.65
1775897922.642,222.642,0.78,0.79,0.21,0.22,0.01,0.01,72718.65
1775897923.117,223.117,0.78,0.79,0.21,0.22,0.01,0.01,72718.65
1775897923.618,223.618,0.78,0.79,0.21,0.22,0.01,0.01,72718.65
1775897924.854,224.854,0.78,0.79,0.21,0.22,0.01,0.01,72718.66
1775897925.212,225.212,0.78,0.79,0.21,0.22,0.01,0.01,72718.66
1775897926.703,226.703,0.78,0.79,0.21,0.22,0.01,0.01,72718.65
1775897927.163,227.163,0.79,0.8,0.2,0.22,0.01,0.02,72718.65
1775897927.968,227.968,0.78,0.79,0.2,0.21,0.01,0.01,72718.66
1775897928.333,228.333,0.79,0.8,0.21,0.22,0.01,0.01,72718.66
1775897928.672,228.672,0.79,0.8,0.2,0.21,0.01,0.01,72718.66
1775897929.8,229.8,0.79,0.8,0.2,0.21,0.01,0.01,72718.62
1775897930.149,230.149,0.79,0.88,0.2,0.21,0.09,0.01,72718.62
1775897930.496,230.496,0.81,0.82,0.18,0.19,0.01,0.01,72718.62
1775897930.939,230.939,0.81,0.83,0.18,0.19,0.02,0.01,72718.62
1775897931.454,231.454,0.82,0.83,0.17,0.19,0.01,0.02,72718.62
1775897931.929,231.929,0.83,0.84,0.16,0.17,0.01,0.01,72718.62
1775897932.427,232.427,0.83,0.84,0.16,0.17,0.01,0.01,72718.62
1775897933.13,233.13,0.83,0.84,0.16,0.17,0.01,0.01,72718.6
1775897933.669,233.669,0.83,0.84,0.16,0.17,0.01,0.01,72718.6
1775897934.034,234.034,0.83,0.84,0.16,0.17,0.01,0.01,72718.6
1775897934.427,234.427,0.86,0.87,0.12,0.17,0.01,0.05,72718.6
1775897934.835,234.835,0.86,0.87,0.13,0.14,0.01,0.01,72718.61
1775897935.768,235.768,0.86,0.87,0.13,0.14,0.01,0.01,72718.61
1775897936.138,236.138,0.85,0.86,0.14,0.15,0.01,0.01,72718.61
1775897936.521,236.521,0.84,0.86,0.14,0.16,0.02,0.02,72718.62
1775897936.968,236.968,0.85,0.86,0.14,0.16,0.01,0.02,72718.62
1775897937.683,237.683,0.86,0.87,0.14,0.15,0.01,0.01,72718.62
1775897938.061,238.061,0.86,0.87,0.13,0.14,0.01,0.01,72718.62
1775897938.587,238.587,0.85,0.86,0.14,0.15,0.01,0.01,72718.59
1775897938.993,238.993,0.84,0.85,0.15,0.16,0.01,0.01,72718.59
1775897939.473,239.473,0.84,0.87,0.15,0.16,0.03,0.01,72718.59
1775897940.463,240.463,0.85,0.86,0.13,0.16,0.01,0.03,72718.59
1775897940.935,240.935,0.85,0.86,0.14,0.15,0.01,0.01,72718.6
1775897941.273,241.273,0.85,0.86,0.14,0.15,0.01,0.01,72718.6
1775897941.855,241.855,0.86,0.87,0.13,0.14,0.01,0.01,72718.6
1775897942.304,242.304,0.86,0.87,0.13,0.14,0.01,0.01,72718.6
1775897942.638,242.638,0.86,0.87,0.13,0.14,0.01,0.01,72718.6
1775897942.999,242.999,0.86,0.87,0.13,0.14,0.01,0.01,72718.6
1775897943.531,243.531,0.86,0.87,0.13,0.14,0.01,0.01,72718.6
1775897943.941,243.941,0.87,0.88,0.13,0.14,0.01,0.01,72718.6
1775897944.35,244.35,0.85,0.88,0.12,0.13,0.03,0.01,72718.6
1775897944.839,244.839,0.86,0.87,0.12,0.14,0.01,0.02,72718.6
1775897945.204,245.204,0.86,0.88,0.12,0.14,0.02,0.02,72718.6
1775897945.563,245.563,0.85,0.87,0.12,0.14,0.02,0.02,72718.6
1775897945.911,245.911,0.86,0.88,0.13,0.14,0.02,0.01,72718.6
1775897946.464,246.464,0.87,0.88,0.12,0.13,0.01,0.01,72718.6
1775897947.398,247.398,0.87,0.88,0.12,0.13,0.01,0.01,72718.62
1775897947.957,247.957,0.87,0.88,0.12,0.13,0.01,0.01,72718.62
1775897948.769,248.769,0.87,0.88,0.12,0.13,0.01,0.01,72718.62
1775897949.264,249.264,0.87,0.88,0.12,0.13,0.01,0.01,72718.62
1775897949.747,249.747,0.87,0.88,0.12,0.13,0.01,0.01,72718.65
1775897950.111,250.111,0.86,0.88,0.12,0.14,0.02,0.02,72718.65
1775897951.061,251.061,0.87,0.94,0.13,0.14,0.07,0.01,72718.65
1775897951.633,251.633,0.9,0.91,0.09,0.1,0.01,0.01,72718.65
1775897951.979,251.979,0.9,0.91,0.09,0.1,0.01,0.01,72718.65
1775897952.372,252.372,0.91,0.92,0.07,0.09,0.01,0.02,72718.65
1775897952.783,252.783,0.92,0.93,0.07,0.08,0.01,0.01,72718.64
1775897953.186,253.186,0.9,0.92,0.08,0.09,0.02,0.01,72718.64
1775897953.539,253.539,0.9,0.94,0.09,0.1,0.04,0.01,72718.67
1775897954.028,254.028,0.91,0.92,0.07,0.09,0.01,0.02,72718.67
1775897954.368,254.368,0.88,0.89,0.08,0.9,0.01,0.82,72718.67
1775897954.787,254.787,0.86,0.87,0.13,0.14,0.01,0.01,72718.67
1775897955.124,255.124,0.72,0.79,0.21,0.22,0.07,0.01,72718.66
1775897955.54,255.54,0.47,0.48,0.52,0.53,0.01,0.01,72718.66
1775897955.886,255.886,0.51,0.59,0.48,0.5,0.08,0.02,72718.66
1775897956.231,256.231,0.56,0.57,0.43,0.44,0.01,0.01,72718.64
1775897956.575,256.575,0.48,0.49,0.51,0.52,0.01,0.01,72718.64
1775897956.936,256.936,0.5,0.51,0.49,0.5,0.01,0.01,72718.64
1775897957.271,257.271,0.49,0.5,0.46,0.51,0.01,0.05,72718.63
1775897957.637,257.637,0.51,0.52,0.48,0.5,0.01,0.02,72718.63
1775897957.989,257.989,0.51,0.52,0.48,0.49,0.01,0.01,72718.63
1775897958.345,258.345,0.5,0.51,0.49,0.5,0.01,0.01,72718.63
1775897958.759,258.759,0.5,0.51,0.49,0.5,0.01,0.01,72718.63
1775897959.104,259.104,0.49,0.55,0.5,0.51,0.06,0.01,72718.63
1775897959.494,259.494,0.51,0.53,0.47,0.5,0.02,0.03,72718.63
1775897959.828,259.828,0.53,0.54,0.46,0.47,0.01,0.01,72718.63
1775897960.166,260.166,0.52,0.53,0.44,0.49,0.01,0.05,72718.63
1775897960.741,260.741,0.55,0.56,0.44,0.46,0.01,0.02,72718.63
1775897961.109,261.109,0.59,0.61,0.41,0.42,0.02,0.01,72718.65
1775897961.853,261.853,0.28,0.34,0.39,0.4,0.06,0.01,72718.65
1775897962.19,262.19,0.39,0.44,0.51,0.64,0.05,0.13,72718.65
1775897962.526,262.526,0.49,0.53,0.53,0.54,0.04,0.01,72718.65
1775897962.877,262.877,0.58,0.59,0.41,0.42,0.01,0.01,72718.65
1775897963.219,263.219,0.57,0.58,0.42,0.43,0.01,0.01,72718.65
1775897963.61,263.61,0.59,0.6,0.4,0.41,0.01,0.01,72718.65
1775897963.966,263.966,0.59,0.6,0.4,0.41,0.01,0.01,72718.65
1775897964.35,264.35,0.59,0.6,0.4,0.41,0.01,0.01,72718.65
1775897964.771,264.771,0.51,0.52,0.48,0.49,0.01,0.01,72718.66
1775897965.123,265.123,0.28,0.52,0.48,0.49,0.24,0.01,72718.66
1775897965.523,265.523,0.52,0.53,0.47,0.48,0.01,0.01,72718.65
1775897966.013,266.013,0.52,0.57,0.47,0.48,0.05,0.01,72718.65
1775897966.431,266.431,0.54,0.55,0.45,0.46,0.01,0.01,72718.68
1775897966.809,266.809,0.74,0.75,0.24,0.45,0.01,0.21,72718.68
1775897967.176,267.176,0.33,0.34,0.57,0.58,0.01,0.01,72718.81
1775897967.555,267.555,0.38,0.39,0.57,0.64,0.01,0.07,72718.81
1775897968.01,268.01,0.4,0.42,0.59,0.6,0.02,0.01,72718.81
1775897968.37,268.37,0.41,0.42,0.58,0.59,0.01,0.01,72718.82
1775897968.705,268.705,0.4,0.41,0.59,0.6,0.01,0.01,72718.82
1775897969.126,269.126,0.41,0.42,0.58,0.59,0.01,0.01,72718.82
1775897969.469,269.469,0.43,0.45,0.55,0.57,0.02,0.02,72718.82
1775897970.059,270.059,0.47,0.49,0.52,0.56,0.02,0.04,72718.82
1775897970.424,270.424,0.46,0.47,0.5,0.53,0.01,0.03,72718.81
1775897970.825,270.825,0.47,0.49,0.51,0.52,0.02,0.01,72718.81
1775897971.31,271.31,0.43,0.44,0.58,0.59,0.01,0.01,72718.81
1775897971.672,271.672,0.34,0.35,0.65,0.66,0.01,0.01,72718.81
1775897972.024,272.024,0.38,0.4,0.6,0.62,0.02,0.02,72718.81
1775897972.466,272.466,0.43,0.44,0.53,0.62,0.01,0.09,72718.8
1775897972.828,272.828,0.42,0.47,0.57,0.58,0.05,0.01,72718.8
1775897973.206,273.206,0.45,0.47,0.53,0.55,0.02,0.02,72718.78
1775897973.559,273.559,0.44,0.45,0.55,0.56,0.01,0.01,72718.78
1775897973.908,273.908,0.42,0.43,0.57,0.64,0.01,0.07,72718.78
1775897974.3,274.3,0.37,0.39,0.62,0.64,0.02,0.02,72718.79
1775897974.635,274.635,0.37,0.38,0.55,0.63,0.01,0.08,72718.79
1775897974.973,274.973,0.13,0.25,0.75,0.76,0.12,0.01,72718.79
1775897975.319,275.319,0.11,0.12,0.88,0.89,0.01,0.01,72718.8
1775897975.657,275.657,0.11,0.12,0.88,0.89,0.01,0.01,72718.8
1775897976.01,276.01,0.04,0.09,0.91,0.92,0.05,0.01,72718.8
1775897976.436,276.436,0.09,0.11,0.9,0.93,0.02,0.03,72718.8
1775897976.874,276.874,0.08,0.09,0.91,0.92,0.01,0.01,72718.8
1775897977.246,277.246,0.07,0.08,0.92,0.93,0.01,0.01,72709.38
1775897977.606,277.606,0.12,0.15,0.87,0.88,0.03,0.01,72709.38
1775897977.95,277.95,0.08,0.25,0.74,0.93,0.17,0.19,72709.38
1775897978.315,278.315,0.1,0.12,0.88,0.89,0.02,0.01,72709.38
1775897978.682,278.682,0.07,0.1,0.89,0.93,0.03,0.04,72706.83
1775897979.091,279.091,0.1,0.2,0.78,0.81,0.1,0.03,72706.83
1775897979.439,279.439,0.13,0.14,0.86,0.87,0.01,0.01,72706.83
1775897979.797,279.797,0.11,0.15,0.84,0.9,0.04,0.06,72706.83
1775897980.17,280.17,0.19,0.21,0.76,0.87,0.02,0.11,72706.83
1775897980.504,280.504,0.15,0.16,0.83,0.86,0.01,0.03,72707.07
1775897980.851,280.851,0.15,0.16,0.84,0.85,0.01,0.01,72707.07
1775897981.196,281.196,0.25,0.26,0.74,0.75,0.01,0.01,72707.07
1775897981.535,281.535,0.25,0.28,0.72,0.75,0.03,0.03,72707.07
1775897981.891,281.891,0.25,0.27,0.74,0.75,0.02,0.01,72707.07
1775897982.228,282.228,0.26,0.27,0.72,0.74,0.01,0.02,72707.01
1775897982.587,282.587,0.23,0.24,0.75,0.77,0.01,0.02,72707.01
1775897982.925,282.925,0.17,0.19,0.8,0.83,0.02,0.03,72707.01
1775897983.276,283.276,0.16,0.18,0.82,0.83,0.02,0.01,72707.01
1775897983.615,283.615,0.16,0.17,0.83,0.84,0.01,0.01,72707.01
1775897983.951,283.951,0.14,0.15,0.83,0.84,0.01,0.01,72708.43
1775897984.289,284.289,0.14,0.15,0.85,0.86,0.01,0.01,72708.43
1775897984.657,284.657,0.14,0.15,0.85,0.86,0.01,0.01,72708.43
1775897985.009,285.009,0.14,0.15,0.85,0.86,0.01,0.01,72708.21
1775897985.409,285.409,0.14,0.15,0.85,0.86,0.01,0.01,72708.21
1775897985.793,285.793,0.22,0.24,0.75,0.78,0.02,0.03,72707.79
1775897986.177,286.177,0.18,0.19,0.79,0.86,0.01,0.07,72707.31
1775897986.554,286.554,0.19,0.25,0.8,0.81,0.06,0.01,72707.31
1775897986.931,286.931,0.22,0.23,0.75,0.8,0.01,0.05,72707.31
1775897987.293,287.293,0.19,0.2,0.75,0.81,0.01,0.06,72707.31
1775897987.733,287.733,0.22,0.23,0.77,0.78,0.01,0.01,72707.31
1775897988.078,288.078,0.2,0.23,0.77,0.81,0.03,0.04,72707.31
1775897988.468,288.468,0.17,0.19,0.79,0.8,0.02,0.01,72707.53
1775897988.928,288.928,0.21,0.22,0.77,0.79,0.01,0.02,72707.53
1775897989.29,289.29,0.25,0.3,0.69,0.79,0.05,0.1,72707.73
1775897989.743,289.743,0.27,0.33,0.72,0.73,0.06,0.01,72707.73
1775897990.205,290.205,0.28,0.29,0.69,0.72,0.01,0.03,72707.93
1775897990.549,290.549,0.24,0.36,0.64,0.87,0.12,0.23,72707.93
1775897990.93,290.93,0.33,0.35,0.65,0.68,0.02,0.03,72707.93
1775897991.406,291.406,0.34,0.37,0.65,0.66,0.03,0.01,72708.03
1775897991.776,291.776,0.26,0.31,0.64,0.75,0.05,0.11,72708.03
1775897992.136,292.136,0.29,0.3,0.61,0.73,0.01,0.12,72708.03
1775897992.498,292.498,0.29,0.3,0.7,0.72,0.01,0.02,72708.03
1775897992.861,292.861,0.34,0.35,0.65,0.7,0.01,0.05,72708.83
1775897993.286,293.286,0.33,0.34,0.64,0.67,0.01,0.03,72708.83
1775897993.629,293.629,0.26,0.27,0.73,0.74,0.01,0.01,72709.54
1775897993.991,293.991,0.26,0.27,0.73,0.74,0.01,0.01,72709.54
1775897994.385,294.385,0.34,0.38,0.62,0.66,0.04,0.04,72710.0
1775897994.797,294.797,0.22,0.26,0.74,0.75,0.04,0.01,72710.0
1775897995.138,295.138,0.1,0.11,0.89,0.9,0.01,0.01,72710.15
1775897995.475,295.475,0.08,0.09,0.91,0.92,0.01,0.01,72710.15
1775897995.913,295.913,0.05,0.07,0.93,0.94,0.02,0.01,72710.15
1775897996.35,296.35,0.05,0.06,0.94,0.95,0.01,0.01,72710.15
1775897996.692,296.692,0.06,0.07,0.91,0.94,0.01,0.03,72710.15
1775897997.134,297.134,0.05,0.06,0.94,0.95,0.01,0.01,72706.9
1775897997.468,297.468,0.03,0.05,0.95,0.96,0.02,0.01,72699.48
1775897997.804,297.804,0.03,0.09,0.96,0.97,0.06,0.01,72699.48
1775897998.174,298.174,0.02,0.03,0.95,0.98,0.01,0.03,72699.48
1775897998.524,298.524,0.01,0.02,0.97,0.99,0.01,0.02,72695.63
1775897998.897,298.897,0.01,0.02,0.98,0.99,0.01,0.01,72695.63
1775897999.245,299.245,0.01,0.02,0.98,0.99,0.01,0.01,72695.63
1775897999.61,299.61,0.01,0.02,0.98,0.99,0.01,0.01,72695.63
1775897999.955,299.955,0.01,0.01,0.99,0.99,0.0,0.0,72695.21
1775898000.303,300.303,0.01,0.01,0.99,0.99,0.0,0.0,72695.21
1775898000.65,300.65,0.01,0.01,0.99,0.99,0.0,0.0,72695.07
