timestamp,elapsed_sec,up_bid,up_ask,down_bid,down_ask,up_spread,down_spread,btc_price,btc_oracle_ts
1776943800.562,0.562,0.48,0.49,0.51,0.52,0.01,0.01,77482.1,1776943799000
1776943801.04,1.04,0.48,0.5,0.51,0.52,0.02,0.01,77482.1,1776943799000
1776943801.537,1.537,0.51,0.56,0.45,0.51,0.05,0.06,77482.1,1776943800000
1776943802.344,2.344,0.55,0.56,0.44,0.49,0.01,0.05,77482.1,1776943800000
1776943802.684,2.684,0.55,0.56,0.44,0.45,0.01,0.01,77482.49,1776943801000
1776943803.228,3.228,0.55,0.56,0.44,0.45,0.01,0.01,77491.37,1776943802000
1776943803.768,3.768,0.55,0.56,0.44,0.45,0.01,0.01,77491.37,1776943802000
1776943804.202,4.202,0.55,0.56,0.44,0.45,0.01,0.01,77491.37,1776943802000
1776943804.633,4.633,0.56,0.57,0.43,0.44,0.01,0.01,77491.37,1776943802000
1776943804.974,4.974,0.56,0.57,0.43,0.44,0.01,0.01,77495.35,1776943803000
1776943805.463,5.463,0.56,0.57,0.43,0.44,0.01,0.01,77495.46,1776943804000
1776943805.828,5.828,0.56,0.59,0.41,0.44,0.03,0.03,77495.46,1776943804000
1776943806.18,6.18,0.64,0.65,0.35,0.38,0.01,0.03,77496.38,1776943805000
1776943806.539,6.539,0.64,0.65,0.35,0.36,0.01,0.01,77496.38,1776943805000
1776943806.924,6.924,0.64,0.65,0.35,0.36,0.01,0.01,77496.38,1776943805000
1776943807.327,7.327,0.64,0.65,0.35,0.36,0.01,0.01,77496.38,1776943805000
1776943807.919,7.919,0.64,0.65,0.35,0.36,0.01,0.01,77507.16,1776943806000
1776943808.292,8.292,0.58,0.59,0.41,0.42,0.01,0.01,77508.74,1776943807000
1776943808.642,8.642,0.56,0.57,0.43,0.44,0.01,0.01,77508.74,1776943807000
1776943808.98,8.98,0.56,0.57,0.43,0.44,0.01,0.01,77508.74,1776943807000
1776943809.408,9.408,0.56,0.57,0.43,0.44,0.01,0.01,77508.74,1776943807000
1776943809.749,9.749,0.56,0.57,0.43,0.44,0.01,0.01,77506.5,1776943808000
1776943810.12,10.12,0.56,0.57,0.43,0.44,0.01,0.01,77506.5,1776943808000
1776943810.503,10.503,0.56,0.57,0.43,0.44,0.01,0.01,77500.08,1776943809000
1776943810.868,10.868,0.55,0.57,0.43,0.44,0.02,0.01,77500.08,1776943809000
1776943811.221,11.221,0.55,0.56,0.44,0.46,0.01,0.02,77500.08,1776943809000
1776943811.6,11.6,0.53,0.55,0.44,0.46,0.02,0.02,77500.08,1776943809000
1776943812.29,12.29,0.5,0.51,0.49,0.5,0.01,0.01,77498.68,1776943810000
1776943812.732,12.732,0.49,0.5,0.5,0.51,0.01,0.01,77498.68,1776943810000
1776943813.148,13.148,0.49,0.5,0.5,0.51,0.01,0.01,77498.13,1776943811000
1776943813.549,13.549,0.49,0.5,0.5,0.51,0.01,0.01,77492.86,1776943812000
1776943814.147,14.147,0.49,0.5,0.5,0.51,0.01,0.01,77489.98,1776943813000
1776943814.511,14.511,0.49,0.5,0.5,0.51,0.01,0.01,77489.98,1776943813000
1776943814.886,14.886,0.49,0.5,0.5,0.51,0.01,0.01,77489.98,1776943813000
1776943815.237,15.237,0.49,0.5,0.5,0.51,0.01,0.01,77489.98,1776943813000
1776943815.653,15.653,0.49,0.5,0.5,0.51,0.01,0.01,77488.62,1776943814000
1776943816.367,16.367,0.49,0.5,0.5,0.51,0.01,0.01,77488.62,1776943814000
1776943816.981,16.981,0.49,0.5,0.5,0.51,0.01,0.01,77486.59,1776943815000
1776943817.37,17.37,0.49,0.5,0.5,0.51,0.01,0.01,77486.59,1776943815000
1776943817.917,17.917,0.49,0.5,0.5,0.51,0.01,0.01,77485.75,1776943816000
1776943818.37,18.37,0.49,0.5,0.5,0.51,0.01,0.01,77484.73,1776943817000
1776943818.902,18.902,0.49,0.5,0.5,0.51,0.01,0.01,77484.73,1776943817000
1776943819.356,19.356,0.49,0.5,0.5,0.51,0.01,0.01,77484.69,1776943818000
1776943819.749,19.749,0.48,0.49,0.5,0.52,0.01,0.02,77484.69,1776943818000
1776943820.103,20.103,0.42,0.44,0.56,0.58,0.02,0.02,77484.69,1776943818000
1776943820.748,20.748,0.43,0.44,0.56,0.57,0.01,0.01,77483.41,1776943819000
1776943821.176,21.176,0.43,0.44,0.56,0.57,0.01,0.01,77483.41,1776943819000
1776943821.542,21.542,0.43,0.44,0.56,0.57,0.01,0.01,77482.06,1776943820000
1776943821.88,21.88,0.42,0.43,0.57,0.58,0.01,0.01,77482.06,1776943820000
1776943822.221,22.221,0.41,0.42,0.57,0.58,0.01,0.01,77477.98,1776943821000
1776943822.602,22.602,0.41,0.42,0.58,0.59,0.01,0.01,77477.98,1776943821000
1776943822.977,22.977,0.41,0.42,0.58,0.59,0.01,0.01,77477.98,1776943821000
1776943823.385,23.385,0.41,0.42,0.58,0.59,0.01,0.01,77477.98,1776943821000
1776943824.164,24.164,0.41,0.42,0.58,0.59,0.01,0.01,77475.58,1776943823000
1776943824.502,24.502,0.39,0.4,0.6,0.61,0.01,0.01,77475.58,1776943823000
1776943824.979,24.979,0.39,0.4,0.6,0.61,0.01,0.01,77475.58,1776943823000
1776943825.337,25.337,0.39,0.4,0.6,0.61,0.01,0.01,77475.58,1776943823000
1776943825.851,25.851,0.39,0.4,0.6,0.61,0.01,0.01,77471.48,1776943824000
1776943826.225,26.225,0.39,0.4,0.6,0.61,0.01,0.01,77471.48,1776943824000
1776943826.799,26.799,0.38,0.39,0.61,0.62,0.01,0.01,77471.48,1776943824000
1776943827.431,27.431,0.38,0.39,0.61,0.62,0.01,0.01,77471.48,1776943824000
1776943827.873,27.873,0.38,0.39,0.61,0.62,0.01,0.01,77471.48,1776943824000
1776943828.25,28.25,0.36,0.39,0.61,0.62,0.03,0.01,77471.48,1776943824000
1776943828.615,28.615,0.33,0.34,0.66,0.67,0.01,0.01,77471.48,1776943824000
1776943828.95,28.95,0.32,0.33,0.67,0.68,0.01,0.01,77467.45,1776943827000
1776943829.418,29.418,0.31,0.33,0.67,0.69,0.02,0.02,77467.35,1776943828000
1776943829.78,29.78,0.31,0.32,0.68,0.69,0.01,0.01,77467.35,1776943828000
1776943830.146,30.146,0.31,0.32,0.68,0.69,0.01,0.01,77467.35,1776943828000
1776943830.504,30.504,0.31,0.32,0.68,0.69,0.01,0.01,77461.48,1776943829000
1776943831.183,31.183,0.31,0.32,0.68,0.69,0.01,0.01,77458.77,1776943830000
1776943831.594,31.594,0.31,0.32,0.68,0.69,0.01,0.01,77458.77,1776943830000
1776943831.952,31.952,0.31,0.32,0.68,0.69,0.01,0.01,77458.77,1776943830000
1776943832.407,32.407,0.31,0.32,0.68,0.69,0.01,0.01,77456.97,1776943831000
1776943832.758,32.758,0.31,0.32,0.68,0.69,0.01,0.01,77456.97,1776943831000
1776943833.123,33.123,0.31,0.32,0.68,0.69,0.01,0.01,77456.97,1776943831000
1776943833.577,33.577,0.31,0.32,0.68,0.69,0.01,0.01,77457.05,1776943832000
1776943834.18,34.18,0.31,0.32,0.68,0.69,0.01,0.01,77456.67,1776943833000
1776943834.588,34.588,0.31,0.32,0.68,0.69,0.01,0.01,77456.67,1776943833000
1776943835.016,35.016,0.31,0.32,0.68,0.69,0.01,0.01,77456.63,1776943834000
1776943835.519,35.519,0.31,0.32,0.68,0.69,0.01,0.01,77456.63,1776943834000
1776943836.04,36.04,0.31,0.33,0.68,0.69,0.02,0.01,77456.63,1776943834000
1776943836.663,36.663,0.32,0.33,0.67,0.68,0.01,0.01,77456.57,1776943835000
1776943837.293,37.293,0.32,0.33,0.67,0.68,0.01,0.01,77456.6,1776943836000
1776943837.969,37.969,0.32,0.33,0.67,0.68,0.01,0.01,77456.66,1776943837000
1776943838.308,38.308,0.34,0.35,0.65,0.66,0.01,0.01,77456.66,1776943837000
1776943838.694,38.694,0.34,0.35,0.65,0.66,0.01,0.01,77456.66,1776943837000
1776943839.094,39.094,0.35,0.36,0.64,0.65,0.01,0.01,77456.66,1776943838000
1776943839.429,39.429,0.35,0.36,0.64,0.65,0.01,0.01,77456.66,1776943838000
1776943839.803,39.803,0.35,0.36,0.64,0.65,0.01,0.01,77456.66,1776943838000
1776943840.379,40.379,0.35,0.36,0.64,0.65,0.01,0.01,77459.91,1776943839000
1776943840.717,40.717,0.36,0.37,0.63,0.64,0.01,0.01,77459.91,1776943839000
1776943841.103,41.103,0.36,0.37,0.63,0.64,0.01,0.01,77459.91,1776943839000
1776943841.463,41.463,0.36,0.39,0.63,0.64,0.03,0.01,77459.91,1776943839000
1776943841.798,41.798,0.37,0.38,0.62,0.63,0.01,0.01,77461.55,1776943840000
1776943842.14,42.14,0.44,0.45,0.55,0.56,0.01,0.01,77461.55,1776943840000
1776943842.562,42.562,0.46,0.48,0.52,0.54,0.02,0.02,77461.55,1776943841000
1776943842.905,42.905,0.47,0.5,0.51,0.53,0.03,0.02,77461.55,1776943841000
1776943843.273,43.273,0.5,0.51,0.49,0.5,0.01,0.01,77461.55,1776943841000
1776943843.642,43.642,0.5,0.51,0.49,0.5,0.01,0.01,77464.1,1776943842000
1776943844.029,44.029,0.5,0.51,0.49,0.5,0.01,0.01,77472.16,1776943843000
1776943844.386,44.386,0.5,0.51,0.49,0.5,0.01,0.01,77472.16,1776943843000
1776943844.915,44.915,0.5,0.51,0.49,0.5,0.01,0.01,77472.16,1776943843000
1776943845.368,45.368,0.5,0.51,0.49,0.5,0.01,0.01,77472.16,1776943843000
1776943845.771,45.771,0.5,0.51,0.49,0.5,0.01,0.01,77477.52,1776943844000
1776943846.178,46.178,0.51,0.52,0.48,0.49,0.01,0.01,77477.52,1776943844000
1776943846.897,46.897,0.51,0.52,0.48,0.49,0.01,0.01,77478.77,1776943845000
1776943847.432,47.432,0.51,0.52,0.48,0.49,0.01,0.01,77478.77,1776943845000
1776943847.855,47.855,0.51,0.52,0.48,0.49,0.01,0.01,77478.57,1776943846000
1776943848.315,48.315,0.51,0.52,0.48,0.49,0.01,0.01,77478.91,1776943847000
1776943849.07,49.07,0.49,0.5,0.48,0.49,0.01,0.01,77478.91,1776943847000
1776943849.448,49.448,0.45,0.46,0.54,0.55,0.01,0.01,77478.91,1776943847000
1776943849.786,49.786,0.44,0.45,0.55,0.56,0.01,0.01,77478.71,1776943848000
1776943850.173,50.173,0.44,0.45,0.55,0.56,0.01,0.01,77478.71,1776943848000
1776943850.513,50.513,0.45,0.46,0.54,0.55,0.01,0.01,77478.71,1776943849000
1776943851.016,51.016,0.45,0.46,0.54,0.55,0.01,0.01,77478.71,1776943849000
1776943851.366,51.366,0.45,0.46,0.54,0.55,0.01,0.01,77478.71,1776943850000
1776943851.967,51.967,0.45,0.46,0.54,0.55,0.01,0.01,77478.71,1776943850000
1776943852.31,52.31,0.56,0.58,0.42,0.44,0.02,0.02,77478.71,1776943850000
1776943852.682,52.682,0.56,0.57,0.43,0.44,0.01,0.01,77480.63,1776943851000
1776943853.186,53.186,0.54,0.57,0.43,0.46,0.03,0.03,77477.54,1776943852000
1776943853.582,53.582,0.52,0.54,0.45,0.47,0.02,0.02,77477.54,1776943852000
1776943853.923,53.923,0.5,0.53,0.47,0.48,0.03,0.01,77477.54,1776943852000
1776943854.377,54.377,0.49,0.5,0.5,0.51,0.01,0.01,77477.54,1776943852000
1776943854.786,54.786,0.49,0.5,0.5,0.51,0.01,0.01,77482.62,1776943853000
1776943855.156,55.156,0.49,0.5,0.5,0.51,0.01,0.01,77482.62,1776943853000
1776943855.645,55.645,0.49,0.5,0.5,0.51,0.01,0.01,77481.54,1776943854000
1776943856.0,56.0,0.48,0.5,0.5,0.51,0.02,0.01,77481.54,1776943854000
1776943856.485,56.485,0.48,0.49,0.51,0.52,0.01,0.01,77481.54,1776943854000
1776943857.059,57.059,0.48,0.49,0.51,0.52,0.01,0.01,77480.68,1776943855000
1776943857.639,57.639,0.48,0.49,0.51,0.52,0.01,0.01,77480.65,1776943856000
1776943857.995,57.995,0.48,0.49,0.51,0.52,0.01,0.01,77480.17,1776943857000
1776943858.661,58.661,0.47,0.49,0.51,0.52,0.02,0.01,77480.17,1776943857000
1776943859.49,59.49,0.47,0.48,0.52,0.53,0.01,0.01,77480.17,1776943857000
1776943859.831,59.831,0.47,0.48,0.52,0.53,0.01,0.01,77480.17,1776943857000
1776943860.225,60.225,0.47,0.48,0.52,0.53,0.01,0.01,77480.08,1776943858000
1776943860.586,60.586,0.47,0.48,0.52,0.53,0.01,0.01,77480.08,1776943858000
1776943861.005,61.005,0.47,0.48,0.52,0.53,0.01,0.01,77479.24,1776943859000
1776943861.402,61.402,0.47,0.48,0.52,0.53,0.01,0.01,77479.21,1776943860000
1776943861.86,61.86,0.47,0.48,0.52,0.53,0.01,0.01,77479.21,1776943860000
1776943862.215,62.215,0.39,0.41,0.59,0.6,0.02,0.01,77479.21,1776943860000
1776943862.561,62.561,0.4,0.41,0.59,0.6,0.01,0.01,77479.25,1776943861000
1776943862.988,62.988,0.38,0.4,0.6,0.62,0.02,0.02,77479.25,1776943861000
1776943863.364,63.364,0.38,0.39,0.61,0.62,0.01,0.01,77479.16,1776943862000
1776943863.944,63.944,0.38,0.39,0.61,0.62,0.01,0.01,77479.16,1776943862000
1776943864.364,64.364,0.35,0.38,0.62,0.65,0.03,0.03,77476.16,1776943863000
1776943865.066,65.066,0.35,0.38,0.62,0.65,0.03,0.03,77476.16,1776943863000
1776943865.4,65.4,0.35,0.36,0.62,0.65,0.01,0.03,77470.18,1776943864000
1776943865.823,65.823,0.35,0.37,0.63,0.65,0.02,0.02,77470.18,1776943864000
1776943866.171,66.171,0.33,0.36,0.64,0.67,0.03,0.03,77470.18,1776943864000
1776943866.504,66.504,0.32,0.34,0.66,0.68,0.02,0.02,77470.18,1776943864000
1776943866.852,66.852,0.3,0.32,0.68,0.69,0.02,0.01,77464.36,1776943865000
1776943867.185,67.185,0.3,0.31,0.69,0.7,0.01,0.01,77464.36,1776943865000
1776943867.552,67.552,0.29,0.3,0.7,0.71,0.01,0.01,77463.74,1776943866000
1776943867.905,67.905,0.27,0.28,0.72,0.73,0.01,0.01,77463.74,1776943866000
1776943868.26,68.26,0.27,0.28,0.72,0.73,0.01,0.01,77463.74,1776943866000
1776943868.877,68.877,0.27,0.28,0.72,0.73,0.01,0.01,77453.36,1776943867000
1776943869.215,69.215,0.27,0.28,0.72,0.73,0.01,0.01,77452.51,1776943868000
1776943869.569,69.569,0.27,0.28,0.72,0.73,0.01,0.01,77452.51,1776943868000
1776943870.006,70.006,0.27,0.28,0.72,0.73,0.01,0.01,77452.51,1776943868000
1776943870.421,70.421,0.27,0.28,0.72,0.73,0.01,0.01,77447.95,1776943869000
1776943870.824,70.824,0.26,0.27,0.73,0.74,0.01,0.01,77447.95,1776943869000
1776943871.238,71.238,0.26,0.27,0.73,0.74,0.01,0.01,77447.95,1776943869000
1776943871.67,71.67,0.26,0.27,0.73,0.74,0.01,0.01,77447.95,1776943869000
1776943872.172,72.172,0.26,0.27,0.73,0.74,0.01,0.01,77448.53,1776943870000
1776943872.544,72.544,0.26,0.27,0.73,0.74,0.01,0.01,77448.53,1776943871000
1776943872.892,72.892,0.26,0.27,0.73,0.74,0.01,0.01,77448.53,1776943871000
1776943873.333,73.333,0.26,0.27,0.73,0.74,0.01,0.01,77448.53,1776943871000
1776943873.718,73.718,0.26,0.27,0.73,0.74,0.01,0.01,77448.88,1776943872000
1776943874.062,74.062,0.26,0.27,0.73,0.74,0.01,0.01,77448.88,1776943872000
1776943874.421,74.421,0.26,0.27,0.73,0.74,0.01,0.01,77448.88,1776943873000
1776943874.835,74.835,0.26,0.27,0.73,0.74,0.01,0.01,77448.88,1776943873000
1776943875.255,75.255,0.26,0.27,0.73,0.74,0.01,0.01,77448.88,1776943873000
1776943875.606,75.606,0.26,0.27,0.73,0.74,0.01,0.01,77448.4,1776943874000
1776943875.961,75.961,0.25,0.26,0.74,0.75,0.01,0.01,77448.4,1776943874000
1776943876.309,76.309,0.24,0.25,0.75,0.76,0.01,0.01,77448.4,1776943874000
1776943876.666,76.666,0.24,0.25,0.75,0.76,0.01,0.01,77448.4,1776943875000
1776943877.182,77.182,0.24,0.25,0.75,0.76,0.01,0.01,77448.4,1776943875000
1776943877.551,77.551,0.22,0.23,0.76,0.78,0.01,0.02,77447.85,1776943876000
1776943877.929,77.929,0.22,0.23,0.77,0.78,0.01,0.01,77447.85,1776943876000
1776943878.318,78.318,0.22,0.23,0.77,0.78,0.01,0.01,77442.69,1776943877000
1776943878.652,78.652,0.22,0.24,0.77,0.78,0.02,0.01,77442.69,1776943877000
1776943879.056,79.056,0.25,0.27,0.73,0.75,0.02,0.02,77442.35,1776943878000
1776943879.459,79.459,0.26,0.27,0.73,0.74,0.01,0.01,77442.35,1776943878000
1776943879.879,79.879,0.26,0.27,0.73,0.74,0.01,0.01,77442.35,1776943878000
1776943880.254,80.254,0.26,0.27,0.73,0.74,0.01,0.01,77442.35,1776943878000
1776943880.634,80.634,0.26,0.27,0.73,0.74,0.01,0.01,77442.1,1776943879000
1776943881.08,81.08,0.26,0.27,0.73,0.74,0.01,0.01,77442.23,1776943880000
1776943881.417,81.417,0.26,0.27,0.73,0.74,0.01,0.01,77442.23,1776943880000
1776943881.874,81.874,0.27,0.28,0.72,0.73,0.01,0.01,77442.23,1776943880000
1776943882.328,82.328,0.27,0.28,0.72,0.73,0.01,0.01,77444.6,1776943881000
1776943883.022,83.022,0.27,0.28,0.72,0.73,0.01,0.01,77444.6,1776943881000
1776943883.461,83.461,0.27,0.28,0.72,0.73,0.01,0.01,77444.6,1776943882000
1776943883.871,83.871,0.27,0.28,0.72,0.73,0.01,0.01,77444.6,1776943882000
1776943884.33,84.33,0.27,0.28,0.72,0.73,0.01,0.01,77444.6,1776943882000
1776943884.742,84.742,0.27,0.28,0.72,0.73,0.01,0.01,77444.97,1776943883000
1776943885.087,85.087,0.27,0.28,0.72,0.73,0.01,0.01,77444.97,1776943883000
1776943885.623,85.623,0.27,0.28,0.72,0.73,0.01,0.01,77444.91,1776943884000
1776943886.241,86.241,0.26,0.27,0.73,0.74,0.01,0.01,77444.91,1776943884000
1776943886.615,86.615,0.26,0.27,0.73,0.74,0.01,0.01,77444.91,1776943884000
1776943887.095,87.095,0.26,0.27,0.73,0.74,0.01,0.01,77444.81,1776943886000
1776943887.478,87.478,0.26,0.27,0.73,0.74,0.01,0.01,77444.81,1776943886000
1776943887.951,87.951,0.26,0.27,0.73,0.74,0.01,0.01,77444.81,1776943886000
1776943888.349,88.349,0.26,0.27,0.73,0.74,0.01,0.01,77444.81,1776943886000
1776943888.713,88.713,0.26,0.27,0.73,0.74,0.01,0.01,77444.99,1776943887000
1776943889.146,89.146,0.26,0.27,0.73,0.74,0.01,0.01,77444.99,1776943887000
1776943889.517,89.517,0.26,0.27,0.73,0.74,0.01,0.01,77445.1,1776943888000
1776943889.949,89.949,0.26,0.27,0.73,0.74,0.01,0.01,77445.1,1776943888000
1776943890.3,90.3,0.26,0.27,0.73,0.74,0.01,0.01,77445.1,1776943888000
1776943890.65,90.65,0.26,0.27,0.73,0.74,0.01,0.01,77445.1,1776943888000
1776943891.319,91.319,0.26,0.27,0.73,0.74,0.01,0.01,77445.17,1776943890000
1776943891.785,91.785,0.26,0.27,0.73,0.74,0.01,0.01,77445.17,1776943890000
1776943892.156,92.156,0.25,0.26,0.74,0.75,0.01,0.01,77445.43,1776943891000
1776943892.51,92.51,0.25,0.26,0.74,0.75,0.01,0.01,77445.43,1776943891000
1776943893.38,93.38,0.25,0.26,0.74,0.75,0.01,0.01,77445.42,1776943892000
1776943894.313,94.313,0.25,0.26,0.74,0.75,0.01,0.01,77445.42,1776943892000
1776943894.677,94.677,0.25,0.26,0.74,0.75,0.01,0.01,77445.46,1776943893000
1776943895.079,95.079,0.25,0.26,0.74,0.75,0.01,0.01,77445.46,1776943893000
1776943895.461,95.461,0.25,0.26,0.74,0.75,0.01,0.01,77445.46,1776943894000
1776943895.799,95.799,0.25,0.26,0.74,0.75,0.01,0.01,77445.46,1776943894000
1776943896.163,96.163,0.25,0.26,0.74,0.75,0.01,0.01,77445.46,1776943894000
1776943896.872,96.872,0.25,0.26,0.74,0.75,0.01,0.01,77444.93,1776943895000
1776943898.412,98.412,0.25,0.26,0.74,0.75,0.01,0.01,77444.48,1776943897000
1776943898.813,98.813,0.25,0.26,0.74,0.75,0.01,0.01,77444.48,1776943897000
1776943899.453,99.453,0.25,0.26,0.74,0.75,0.01,0.01,77444.48,1776943898000
1776943899.826,99.826,0.25,0.26,0.74,0.75,0.01,0.01,77444.48,1776943898000
1776943900.163,100.163,0.28,0.33,0.67,0.73,0.05,0.06,77444.82,1776943899000
1776943900.498,100.498,0.31,0.32,0.68,0.69,0.01,0.01,77444.82,1776943899000
1776943900.866,100.866,0.31,0.32,0.68,0.69,0.01,0.01,77444.82,1776943899000
1776943901.37,101.37,0.31,0.32,0.68,0.69,0.01,0.01,77444.9,1776943900000
1776943901.885,101.885,0.33,0.34,0.66,0.67,0.01,0.01,77444.9,1776943900000
1776943902.274,102.274,0.36,0.37,0.63,0.64,0.01,0.01,77444.9,1776943900000
1776943902.608,102.608,0.36,0.37,0.63,0.64,0.01,0.01,77453.3,1776943901000
1776943903.08,103.08,0.36,0.37,0.63,0.64,0.01,0.01,77453.3,1776943901000
1776943903.471,103.471,0.36,0.37,0.63,0.64,0.01,0.01,77454.32,1776943902000
1776943904.004,104.004,0.36,0.37,0.63,0.64,0.01,0.01,77454.32,1776943902000
1776943904.561,104.561,0.36,0.37,0.63,0.64,0.01,0.01,77459.35,1776943903000
1776943905.118,105.118,0.36,0.37,0.63,0.64,0.01,0.01,77459.35,1776943903000
1776943905.587,105.587,0.34,0.35,0.63,0.66,0.01,0.03,77460.44,1776943904000
1776943906.167,106.167,0.34,0.35,0.65,0.66,0.01,0.01,77460.5,1776943905000
1776943906.592,106.592,0.34,0.35,0.65,0.66,0.01,0.01,77460.5,1776943905000
1776943907.11,107.11,0.34,0.35,0.65,0.66,0.01,0.01,77460.5,1776943905000
1776943907.858,107.858,0.34,0.35,0.65,0.66,0.01,0.01,77460.22,1776943906000
1776943908.446,108.446,0.34,0.35,0.65,0.66,0.01,0.01,77459.35,1776943907000
1776943908.948,108.948,0.34,0.35,0.65,0.66,0.01,0.01,77459.35,1776943908000
1776943909.383,109.383,0.34,0.35,0.65,0.66,0.01,0.01,77459.35,1776943908000
1776943910.015,110.015,0.33,0.34,0.66,0.67,0.01,0.01,77459.35,1776943908000
1776943910.414,110.414,0.33,0.34,0.66,0.67,0.01,0.01,77459.38,1776943909000
1776943910.866,110.866,0.33,0.34,0.66,0.67,0.01,0.01,77459.38,1776943909000
1776943911.403,111.403,0.33,0.34,0.66,0.67,0.01,0.01,77459.39,1776943910000
1776943911.996,111.996,0.32,0.34,0.66,0.67,0.02,0.01,77459.39,1776943910000
1776943912.481,112.481,0.3,0.31,0.69,0.7,0.01,0.01,77459.39,1776943911000
1776943912.865,112.865,0.3,0.31,0.69,0.7,0.01,0.01,77459.39,1776943911000
1776943913.313,113.313,0.29,0.3,0.7,0.71,0.01,0.01,77459.39,1776943911000
1776943914.003,114.003,0.29,0.3,0.7,0.71,0.01,0.01,77459.07,1776943913000
1776943914.541,114.541,0.29,0.3,0.7,0.71,0.01,0.01,77459.07,1776943913000
1776943914.996,114.996,0.25,0.26,0.74,0.75,0.01,0.01,77456.73,1776943914000
1776943915.57,115.57,0.25,0.26,0.74,0.75,0.01,0.01,77456.73,1776943914000
1776943915.934,115.934,0.25,0.26,0.74,0.75,0.01,0.01,77456.73,1776943914000
1776943916.291,116.291,0.25,0.26,0.74,0.75,0.01,0.01,77452.81,1776943915000
1776943916.789,116.789,0.25,0.26,0.74,0.75,0.01,0.01,77452.81,1776943915000
1776943917.128,117.128,0.25,0.26,0.74,0.75,0.01,0.01,77452.81,1776943915000
1776943917.564,117.564,0.25,0.26,0.74,0.75,0.01,0.01,77451.37,1776943916000
1776943918.057,118.057,0.25,0.26,0.74,0.75,0.01,0.01,77451.37,1776943916000
1776943918.406,118.406,0.3,0.31,0.69,0.71,0.01,0.02,77451.35,1776943917000
1776943918.997,118.997,0.3,0.31,0.69,0.7,0.01,0.01,77451.35,1776943918000
1776943919.471,119.471,0.3,0.31,0.69,0.7,0.01,0.01,77451.35,1776943918000
1776943919.877,119.877,0.3,0.31,0.69,0.7,0.01,0.01,77451.35,1776943918000
1776943920.358,120.358,0.3,0.31,0.69,0.7,0.01,0.01,77451.35,1776943918000
1776943920.897,120.897,0.3,0.31,0.69,0.7,0.01,0.01,77459.89,1776943919000
1776943921.24,121.24,0.3,0.31,0.69,0.7,0.01,0.01,77464.13,1776943920000
1776943921.867,121.867,0.3,0.31,0.69,0.7,0.01,0.01,77464.13,1776943920000
1776943922.516,122.516,0.3,0.31,0.69,0.7,0.01,0.01,77455.95,1776943921000
1776943923.198,123.198,0.3,0.31,0.69,0.7,0.01,0.01,77455.95,1776943921000
1776943923.573,123.573,0.3,0.31,0.69,0.7,0.01,0.01,77455.85,1776943922000
1776943923.912,123.912,0.32,0.33,0.67,0.68,0.01,0.01,77455.85,1776943922000
1776943924.309,124.309,0.32,0.33,0.67,0.68,0.01,0.01,77455.9,1776943923000
1776943924.984,124.984,0.32,0.33,0.67,0.68,0.01,0.01,77455.9,1776943923000
1776943925.774,125.774,0.32,0.33,0.67,0.68,0.01,0.01,77455.88,1776943924000
1776943926.38,126.38,0.32,0.33,0.67,0.68,0.01,0.01,77458.83,1776943925000
1776943926.967,126.967,0.32,0.33,0.67,0.68,0.01,0.01,77458.9,1776943926000
1776943927.619,127.619,0.32,0.35,0.67,0.68,0.03,0.01,77458.9,1776943926000
1776943928.003,128.003,0.38,0.41,0.6,0.62,0.03,0.02,77458.9,1776943926000
1776943928.35,128.35,0.42,0.5,0.51,0.58,0.08,0.07,77476.69,1776943927000
1776943928.785,128.785,0.42,0.51,0.49,0.58,0.09,0.09,77476.69,1776943927000
1776943929.169,129.169,0.46,0.47,0.53,0.54,0.01,0.01,77476.67,1776943928000
1776943929.559,129.559,0.46,0.47,0.53,0.54,0.01,0.01,77476.67,1776943928000
1776943929.937,129.937,0.46,0.48,0.52,0.54,0.02,0.02,77476.67,1776943928000
1776943930.279,130.279,0.47,0.49,0.52,0.53,0.02,0.01,77476.65,1776943929000
1776943930.727,130.727,0.48,0.49,0.51,0.52,0.01,0.01,77476.65,1776943929000
1776943931.593,131.593,0.48,0.49,0.51,0.52,0.01,0.01,77476.65,1776943929000
1776943931.968,131.968,0.48,0.49,0.51,0.52,0.01,0.01,77478.42,1776943930000
1776943932.339,132.339,0.48,0.49,0.51,0.52,0.01,0.01,77480.46,1776943931000
1776943932.794,132.794,0.48,0.49,0.51,0.52,0.01,0.01,77480.46,1776943931000
1776943933.225,133.225,0.47,0.48,0.52,0.53,0.01,0.01,77480.46,1776943931000
1776943933.683,133.683,0.47,0.48,0.52,0.53,0.01,0.01,77478.21,1776943932000
1776943934.163,134.163,0.47,0.48,0.52,0.53,0.01,0.01,77478.21,1776943932000
1776943935.325,135.325,0.47,0.48,0.52,0.53,0.01,0.01,77476.99,1776943933000
1776943935.728,135.728,0.47,0.48,0.52,0.53,0.01,0.01,77476.99,1776943934000
1776943936.364,136.364,0.46,0.47,0.53,0.54,0.01,0.01,77477.26,1776943935000
1776943937.017,137.017,0.46,0.47,0.53,0.54,0.01,0.01,77477.26,1776943935000
1776943937.452,137.452,0.46,0.47,0.53,0.54,0.01,0.01,77477.25,1776943936000
1776943937.796,137.796,0.46,0.47,0.53,0.54,0.01,0.01,77477.25,1776943936000
1776943938.229,138.229,0.46,0.47,0.53,0.54,0.01,0.01,77477.25,1776943936000
1776943938.658,138.658,0.43,0.44,0.56,0.57,0.01,0.01,77485.02,1776943937000
1776943939.006,139.006,0.43,0.44,0.56,0.57,0.01,0.01,77485.02,1776943937000
1776943939.457,139.457,0.43,0.44,0.56,0.57,0.01,0.01,77477.17,1776943938000
1776943939.956,139.956,0.43,0.44,0.56,0.57,0.01,0.01,77477.17,1776943938000
1776943940.446,140.446,0.43,0.44,0.56,0.57,0.01,0.01,77477.17,1776943939000
1776943941.124,141.124,0.43,0.44,0.56,0.57,0.01,0.01,77477.17,1776943939000
1776943941.561,141.561,0.43,0.44,0.56,0.57,0.01,0.01,77476.18,1776943940000
1776943942.01,142.01,0.43,0.44,0.56,0.57,0.01,0.01,77476.18,1776943940000
1776943942.463,142.463,0.43,0.44,0.56,0.57,0.01,0.01,77476.18,1776943940000
1776943943.101,143.101,0.43,0.44,0.56,0.57,0.01,0.01,77476.25,1776943942000
1776943944.067,144.067,0.43,0.44,0.56,0.57,0.01,0.01,77476.25,1776943942000
1776943944.548,144.548,0.43,0.44,0.56,0.57,0.01,0.01,77475.88,1776943943000
1776943944.962,144.962,0.43,0.44,0.56,0.57,0.01,0.01,77475.88,1776943943000
1776943945.342,145.342,0.43,0.44,0.56,0.57,0.01,0.01,77475.88,1776943943000
1776943945.754,145.754,0.43,0.44,0.56,0.57,0.01,0.01,77475.84,1776943944000
1776943946.302,146.302,0.43,0.44,0.56,0.57,0.01,0.01,77475.8,1776943945000
1776943947.268,147.268,0.42,0.44,0.56,0.58,0.02,0.02,77475.8,1776943945000
1776943947.617,147.617,0.43,0.44,0.56,0.57,0.01,0.01,77475.58,1776943946000
1776943948.184,148.184,0.43,0.44,0.56,0.57,0.01,0.01,77475.58,1776943946000
1776943948.541,148.541,0.43,0.44,0.56,0.57,0.01,0.01,77474.86,1776943947000
1776943948.972,148.972,0.43,0.44,0.56,0.57,0.01,0.01,77474.86,1776943947000
1776943949.313,149.313,0.42,0.43,0.56,0.58,0.01,0.02,77475.62,1776943948000
1776943949.682,149.682,0.42,0.43,0.57,0.58,0.01,0.01,77475.62,1776943948000
1776943950.3,150.3,0.42,0.43,0.57,0.58,0.01,0.01,77475.62,1776943948000
1776943950.645,150.645,0.42,0.43,0.57,0.58,0.01,0.01,77475.62,1776943948000
1776943951.019,151.019,0.42,0.43,0.57,0.58,0.01,0.01,77474.56,1776943949000
1776943951.444,151.444,0.35,0.36,0.64,0.65,0.01,0.01,77474.56,1776943949000
1776943952.039,152.039,0.35,0.36,0.64,0.65,0.01,0.01,77474.54,1776943951000
1776943952.473,152.473,0.35,0.36,0.64,0.65,0.01,0.01,77474.54,1776943951000
1776943953.563,153.563,0.35,0.36,0.64,0.65,0.01,0.01,77473.46,1776943952000
1776943953.962,153.962,0.35,0.36,0.64,0.65,0.01,0.01,77470.66,1776943953000
1776943954.439,154.439,0.35,0.36,0.64,0.65,0.01,0.01,77470.66,1776943953000
1776943954.9,154.9,0.35,0.36,0.64,0.65,0.01,0.01,77470.66,1776943953000
1776943955.335,155.335,0.36,0.37,0.63,0.64,0.01,0.01,77470.66,1776943954000
1776943955.789,155.789,0.36,0.37,0.63,0.64,0.01,0.01,77470.66,1776943954000
1776943956.243,156.243,0.36,0.37,0.63,0.64,0.01,0.01,77470.66,1776943954000
1776943957.234,157.234,0.36,0.37,0.63,0.64,0.01,0.01,77470.65,1776943955000
1776943958.222,158.222,0.36,0.37,0.63,0.64,0.01,0.01,77469.87,1776943957000
1776943958.902,158.902,0.36,0.37,0.63,0.64,0.01,0.01,77469.87,1776943957000
1776943959.548,159.548,0.36,0.37,0.63,0.64,0.01,0.01,77469.79,1776943958000
1776943960.163,160.163,0.36,0.37,0.63,0.64,0.01,0.01,77469.79,1776943958000
1776943960.724,160.724,0.36,0.37,0.63,0.64,0.01,0.01,77469.81,1776943959000
1776943961.554,161.554,0.36,0.37,0.63,0.64,0.01,0.01,77469.81,1776943959000
1776943962.087,162.087,0.36,0.37,0.63,0.64,0.01,0.01,77469.79,1776943961000
1776943962.491,162.491,0.36,0.37,0.63,0.64,0.01,0.01,77469.79,1776943961000
1776943963.481,163.481,0.36,0.37,0.63,0.64,0.01,0.01,77469.62,1776943962000
1776943963.952,163.952,0.33,0.34,0.63,0.65,0.01,0.02,77469.62,1776943962000
1776943964.296,164.296,0.29,0.33,0.67,0.7,0.04,0.03,77469.57,1776943963000
1776943964.691,164.691,0.29,0.3,0.7,0.71,0.01,0.01,77469.57,1776943963000
1776943965.403,165.403,0.29,0.3,0.7,0.71,0.01,0.01,77469.57,1776943963000
1776943965.794,165.794,0.29,0.3,0.7,0.71,0.01,0.01,77469.45,1776943964000
1776943966.473,166.473,0.29,0.3,0.7,0.71,0.01,0.01,77467.9,1776943965000
1776943967.093,167.093,0.29,0.3,0.7,0.71,0.01,0.01,77464.27,1776943966000
1776943967.53,167.53,0.29,0.3,0.7,0.71,0.01,0.01,77464.27,1776943966000
1776943968.099,168.099,0.28,0.29,0.71,0.72,0.01,0.01,77463.87,1776943967000
1776943968.461,168.461,0.28,0.29,0.71,0.72,0.01,0.01,77463.87,1776943967000
1776943969.253,169.253,0.28,0.29,0.71,0.72,0.01,0.01,77463.81,1776943968000
1776943969.797,169.797,0.28,0.29,0.7,0.72,0.01,0.02,77463.81,1776943968000
1776943970.264,170.264,0.28,0.29,0.71,0.72,0.01,0.01,77463.61,1776943969000
1776943970.826,170.826,0.27,0.28,0.72,0.73,0.01,0.01,77463.61,1776943969000
1776943971.253,171.253,0.27,0.28,0.72,0.73,0.01,0.01,77463.55,1776943970000
1776943971.779,171.779,0.27,0.28,0.72,0.73,0.01,0.01,77463.55,1776943970000
1776943972.204,172.204,0.27,0.28,0.72,0.73,0.01,0.01,77462.37,1776943971000
1776943972.825,172.825,0.27,0.28,0.72,0.73,0.01,0.01,77462.37,1776943971000
1776943973.168,173.168,0.27,0.28,0.72,0.73,0.01,0.01,77461.64,1776943972000
1776943974.141,174.141,0.27,0.28,0.72,0.73,0.01,0.01,77461.64,1776943972000
1776943975.161,175.161,0.27,0.28,0.72,0.73,0.01,0.01,77461.22,1776943974000
1776943975.776,175.776,0.27,0.28,0.72,0.73,0.01,0.01,77461.22,1776943974000
1776943976.124,176.124,0.26,0.28,0.72,0.74,0.02,0.02,77461.22,1776943974000
1776943976.473,176.473,0.26,0.27,0.73,0.74,0.01,0.01,77460.55,1776943975000
1776943976.935,176.935,0.24,0.27,0.73,0.76,0.03,0.03,77460.55,1776943975000
1776943978.301,178.301,0.24,0.27,0.73,0.76,0.03,0.03,77455.96,1776943977000
1776943979.175,179.175,0.22,0.25,0.73,0.76,0.03,0.03,77455.96,1776943977000
1776943979.746,179.746,0.22,0.25,0.75,0.78,0.03,0.03,77455.96,1776943978000
1776943980.419,180.419,0.22,0.25,0.75,0.78,0.03,0.03,77455.96,1776943978000
1776943980.964,180.964,0.23,0.25,0.75,0.78,0.02,0.03,77455.96,1776943978000
1776943981.496,181.496,0.23,0.25,0.75,0.77,0.02,0.02,77455.96,1776943978000
1776943981.966,181.966,0.24,0.25,0.75,0.76,0.01,0.01,77456.28,1776943980000
1776943982.338,182.338,0.25,0.26,0.74,0.75,0.01,0.01,77456.28,1776943981000
1776943982.673,182.673,0.27,0.28,0.72,0.73,0.01,0.01,77456.28,1776943981000
1776943983.065,183.065,0.27,0.28,0.72,0.73,0.01,0.01,77456.28,1776943981000
1776943983.873,183.873,0.27,0.28,0.72,0.73,0.01,0.01,77459.41,1776943982000
1776943984.503,184.503,0.27,0.28,0.72,0.73,0.01,0.01,77459.03,1776943983000
1776943984.855,184.855,0.27,0.28,0.72,0.73,0.01,0.01,77459.03,1776943983000
1776943985.311,185.311,0.26,0.28,0.72,0.74,0.02,0.02,77458.08,1776943984000
1776943985.831,185.831,0.27,0.28,0.72,0.73,0.01,0.01,77458.08,1776943984000
1776943986.632,186.632,0.27,0.28,0.72,0.73,0.01,0.01,77457.74,1776943985000
1776943987.135,187.135,0.27,0.28,0.72,0.73,0.01,0.01,77457.74,1776943985000
1776943988.058,188.058,0.27,0.28,0.72,0.73,0.01,0.01,77457.42,1776943987000
1776943988.759,188.759,0.27,0.28,0.72,0.73,0.01,0.01,77457.42,1776943987000
1776943989.109,189.109,0.27,0.28,0.72,0.73,0.01,0.01,77457.42,1776943987000
1776943989.509,189.509,0.27,0.28,0.72,0.73,0.01,0.01,77458.2,1776943988000
1776943989.927,189.927,0.27,0.28,0.72,0.73,0.01,0.01,77458.2,1776943988000
1776943990.341,190.341,0.25,0.27,0.72,0.74,0.02,0.02,77458.16,1776943989000
1776943990.735,190.735,0.25,0.26,0.73,0.75,0.01,0.02,77458.16,1776943989000
1776943991.125,191.125,0.25,0.26,0.74,0.75,0.01,0.01,77458.16,1776943989000
1776943991.503,191.503,0.25,0.26,0.74,0.75,0.01,0.01,77458.16,1776943989000
1776943991.931,191.931,0.25,0.26,0.74,0.75,0.01,0.01,77458.22,1776943990000
1776943992.342,192.342,0.25,0.26,0.74,0.75,0.01,0.01,77458.14,1776943991000
1776943993.223,193.223,0.25,0.26,0.74,0.75,0.01,0.01,77458.14,1776943991000
1776943993.697,193.697,0.2,0.21,0.79,0.8,0.01,0.01,77457.64,1776943992000
1776943994.03,194.03,0.2,0.21,0.79,0.8,0.01,0.01,77457.64,1776943992000
1776943994.414,194.414,0.2,0.21,0.79,0.8,0.01,0.01,77457.64,1776943992000
1776943995.094,195.094,0.18,0.21,0.79,0.82,0.03,0.03,77457.64,1776943993000
1776943995.521,195.521,0.15,0.2,0.8,0.82,0.05,0.02,77456.75,1776943994000
1776943996.233,196.233,0.15,0.2,0.8,0.85,0.05,0.05,77456.75,1776943994000
1776943996.653,196.653,0.15,0.2,0.8,0.85,0.05,0.05,77448.33,1776943995000
1776943997.003,197.003,0.15,0.2,0.8,0.85,0.05,0.05,77448.33,1776943995000
1776943997.384,197.384,0.15,0.17,0.8,0.85,0.02,0.05,77448.33,1776943995000
1776943997.734,197.734,0.13,0.16,0.84,0.87,0.03,0.03,77444.77,1776943996000
1776943998.07,198.07,0.13,0.16,0.84,0.87,0.03,0.03,77444.77,1776943996000
1776943998.595,198.595,0.12,0.15,0.84,0.88,0.03,0.04,77443.61,1776943997000
1776943998.982,198.982,0.11,0.12,0.86,0.89,0.01,0.03,77443.61,1776943997000
1776943999.904,199.904,0.1,0.12,0.88,0.9,0.02,0.02,77438.83,1776943998000
1776944000.284,200.284,0.11,0.12,0.88,0.89,0.01,0.01,77438.83,1776943998000
1776944000.626,200.626,0.09,0.11,0.89,0.91,0.02,0.02,77437.84,1776943999000
1776944000.99,200.99,0.1,0.11,0.89,0.9,0.01,0.01,77437.76,1776944000000
1776944001.383,201.383,0.1,0.11,0.89,0.9,0.01,0.01,77437.76,1776944000000
1776944001.724,201.724,0.08,0.09,0.91,0.94,0.01,0.03,77437.76,1776944000000
1776944002.084,202.084,0.08,0.09,0.91,0.92,0.01,0.01,77437.05,1776944001000
1776944002.468,202.468,0.07,0.08,0.92,0.93,0.01,0.01,77437.05,1776944001000
1776944002.871,202.871,0.07,0.08,0.92,0.93,0.01,0.01,77437.05,1776944001000
1776944003.273,203.273,0.07,0.08,0.92,0.93,0.01,0.01,77435.36,1776944002000
1776944003.623,203.623,0.07,0.08,0.92,0.93,0.01,0.01,77435.36,1776944002000
1776944004.05,204.05,0.07,0.08,0.92,0.93,0.01,0.01,77430.67,1776944003000
1776944004.513,204.513,0.07,0.08,0.92,0.93,0.01,0.01,77430.67,1776944003000
1776944004.875,204.875,0.07,0.08,0.92,0.93,0.01,0.01,77430.67,1776944003000
1776944005.215,205.215,0.06,0.07,0.93,0.94,0.01,0.01,77430.67,1776944004000
1776944005.649,205.649,0.06,0.07,0.93,0.94,0.01,0.01,77430.67,1776944004000
1776944006.028,206.028,0.06,0.07,0.93,0.94,0.01,0.01,77430.67,1776944004000
1776944006.601,206.601,0.06,0.07,0.93,0.94,0.01,0.01,77430.56,1776944005000
1776944007.077,207.077,0.06,0.07,0.93,0.94,0.01,0.01,77430.56,1776944006000
1776944007.425,207.425,0.1,0.11,0.89,0.93,0.01,0.04,77430.56,1776944006000
1776944007.833,207.833,0.12,0.13,0.87,0.88,0.01,0.01,77430.56,1776944006000
1776944008.182,208.182,0.12,0.13,0.87,0.88,0.01,0.01,77429.83,1776944007000
1776944008.798,208.798,0.12,0.13,0.87,0.88,0.01,0.01,77429.83,1776944007000
1776944009.263,209.263,0.12,0.13,0.87,0.88,0.01,0.01,77437.32,1776944008000
1776944009.637,209.637,0.12,0.13,0.87,0.88,0.01,0.01,77437.32,1776944008000
1776944009.974,209.974,0.12,0.13,0.87,0.88,0.01,0.01,77437.32,1776944008000
1776944010.318,210.318,0.12,0.13,0.87,0.88,0.01,0.01,77439.78,1776944009000
1776944010.688,210.688,0.12,0.13,0.87,0.88,0.01,0.01,77439.78,1776944009000
1776944011.028,211.028,0.12,0.13,0.87,0.88,0.01,0.01,77439.78,1776944009000
1776944011.445,211.445,0.12,0.13,0.87,0.88,0.01,0.01,77439.8,1776944010000
1776944012.02,212.02,0.12,0.13,0.87,0.88,0.01,0.01,77439.21,1776944011000
1776944012.403,212.403,0.11,0.13,0.87,0.88,0.02,0.01,77439.21,1776944011000
1776944012.989,212.989,0.11,0.12,0.88,0.89,0.01,0.01,77439.21,1776944011000
1776944013.465,213.465,0.11,0.12,0.88,0.89,0.01,0.01,77438.94,1776944012000
1776944013.946,213.946,0.11,0.12,0.88,0.89,0.01,0.01,77438.94,1776944012000
1776944014.314,214.314,0.11,0.12,0.88,0.89,0.01,0.01,77438.94,1776944013000
1776944014.768,214.768,0.11,0.12,0.88,0.89,0.01,0.01,77438.94,1776944013000
1776944015.55,215.55,0.1,0.11,0.88,0.89,0.01,0.01,77439.04,1776944014000
1776944015.916,215.916,0.1,0.11,0.89,0.9,0.01,0.01,77439.04,1776944014000
1776944016.526,216.526,0.1,0.11,0.89,0.9,0.01,0.01,77439.04,1776944015000
1776944016.953,216.953,0.1,0.11,0.89,0.9,0.01,0.01,77439.04,1776944015000
1776944017.305,217.305,0.1,0.11,0.89,0.9,0.01,0.01,77438.71,1776944016000
1776944017.661,217.661,0.09,0.1,0.9,0.91,0.01,0.01,77438.71,1776944016000
1776944018.006,218.006,0.09,0.1,0.9,0.91,0.01,0.01,77438.71,1776944016000
1776944018.424,218.424,0.09,0.1,0.9,0.91,0.01,0.01,77438.53,1776944017000
1776944018.774,218.774,0.09,0.1,0.9,0.91,0.01,0.01,77438.53,1776944017000
1776944019.411,219.411,0.09,0.1,0.9,0.91,0.01,0.01,77438.54,1776944018000
1776944019.752,219.752,0.09,0.1,0.9,0.91,0.01,0.01,77438.54,1776944018000
1776944020.261,220.261,0.09,0.1,0.9,0.91,0.01,0.01,77438.71,1776944019000
1776944020.715,220.715,0.09,0.1,0.9,0.91,0.01,0.01,77438.71,1776944019000
1776944021.519,221.519,0.09,0.1,0.9,0.91,0.01,0.01,77438.7,1776944020000
1776944021.869,221.869,0.09,0.1,0.9,0.91,0.01,0.01,77438.68,1776944021000
1776944022.501,222.501,0.09,0.1,0.9,0.91,0.01,0.01,77438.68,1776944021000
1776944023.3,223.3,0.09,0.1,0.9,0.91,0.01,0.01,77439.02,1776944022000
1776944023.665,223.665,0.09,0.1,0.9,0.91,0.01,0.01,77439.02,1776944022000
1776944024.007,224.007,0.09,0.1,0.9,0.91,0.01,0.01,77439.02,1776944022000
1776944024.516,224.516,0.09,0.1,0.9,0.91,0.01,0.01,77438.83,1776944023000
1776944024.88,224.88,0.09,0.1,0.9,0.91,0.01,0.01,77438.83,1776944023000
1776944025.408,225.408,0.09,0.1,0.9,0.91,0.01,0.01,77438.83,1776944023000
1776944025.771,225.771,0.09,0.1,0.9,0.91,0.01,0.01,77439.54,1776944024000
1776944026.144,226.144,0.09,0.1,0.9,0.91,0.01,0.01,77439.54,1776944024000
1776944026.492,226.492,0.09,0.1,0.9,0.91,0.01,0.01,77441.65,1776944025000
1776944026.917,226.917,0.09,0.1,0.9,0.91,0.01,0.01,77441.65,1776944025000
1776944027.436,227.436,0.09,0.1,0.9,0.91,0.01,0.01,77441.72,1776944026000
1776944027.772,227.772,0.17,0.23,0.82,0.83,0.06,0.01,77441.72,1776944026000
1776944028.122,228.122,0.22,0.24,0.76,0.78,0.02,0.02,77441.72,1776944026000
1776944028.564,228.564,0.23,0.24,0.76,0.77,0.01,0.01,77441.97,1776944027000
1776944029.025,229.025,0.24,0.25,0.75,0.77,0.01,0.02,77441.97,1776944027000
1776944029.416,229.416,0.24,0.25,0.75,0.76,0.01,0.01,77441.97,1776944027000
1776944029.769,229.769,0.24,0.25,0.75,0.76,0.01,0.01,77454.25,1776944028000
1776944030.127,230.127,0.24,0.25,0.75,0.76,0.01,0.01,77455.34,1776944029000
1776944030.636,230.636,0.24,0.25,0.75,0.76,0.01,0.01,77455.34,1776944029000
1776944031.028,231.028,0.24,0.25,0.75,0.76,0.01,0.01,77455.34,1776944029000
1776944031.469,231.469,0.24,0.25,0.75,0.76,0.01,0.01,77458.35,1776944030000
1776944031.918,231.918,0.22,0.23,0.77,0.78,0.01,0.01,77458.35,1776944030000
1776944032.331,232.331,0.21,0.22,0.78,0.79,0.01,0.01,77459.5,1776944031000
1776944032.67,232.67,0.21,0.22,0.78,0.79,0.01,0.01,77459.5,1776944031000
1776944033.043,233.043,0.21,0.22,0.78,0.79,0.01,0.01,77459.5,1776944031000
1776944033.377,233.377,0.21,0.22,0.78,0.79,0.01,0.01,77459.35,1776944032000
1776944033.888,233.888,0.21,0.22,0.78,0.79,0.01,0.01,77459.35,1776944032000
1776944034.234,234.234,0.21,0.22,0.78,0.79,0.01,0.01,77458.53,1776944033000
1776944034.748,234.748,0.21,0.22,0.78,0.79,0.01,0.01,77458.53,1776944033000
1776944035.151,235.151,0.21,0.22,0.78,0.79,0.01,0.01,77458.53,1776944033000
1776944035.94,235.94,0.21,0.22,0.78,0.79,0.01,0.01,77458.79,1776944034000
1776944036.317,236.317,0.21,0.22,0.78,0.79,0.01,0.01,77458.8,1776944035000
1776944037.068,237.068,0.2,0.21,0.79,0.8,0.01,0.01,77458.8,1776944035000
1776944037.431,237.431,0.2,0.21,0.79,0.8,0.01,0.01,77458.63,1776944036000
1776944037.897,237.897,0.19,0.2,0.79,0.8,0.01,0.01,77458.63,1776944036000
1776944038.314,238.314,0.19,0.2,0.8,0.81,0.01,0.01,77458.32,1776944037000
1776944039.084,239.084,0.19,0.2,0.8,0.81,0.01,0.01,77458.17,1776944038000
1776944040.631,240.631,0.18,0.19,0.8,0.81,0.01,0.01,77458.17,1776944038000
1776944041.206,241.206,0.18,0.19,0.81,0.82,0.01,0.01,77454.65,1776944040000
1776944041.961,241.961,0.17,0.19,0.81,0.82,0.02,0.01,77454.65,1776944040000
1776944042.298,242.298,0.12,0.13,0.82,0.85,0.01,0.03,77451.5,1776944041000
1776944042.651,242.651,0.1,0.12,0.87,0.88,0.02,0.01,77451.5,1776944041000
1776944042.988,242.988,0.09,0.11,0.89,0.91,0.02,0.02,77451.5,1776944041000
1776944043.834,243.834,0.09,0.12,0.88,0.91,0.03,0.03,77447.81,1776944042000
1776944044.176,244.176,0.12,0.13,0.87,0.89,0.01,0.02,77447.81,1776944042000
1776944044.531,244.531,0.11,0.12,0.88,0.89,0.01,0.01,77447.81,1776944043000
1776944044.882,244.882,0.1,0.11,0.89,0.9,0.01,0.01,77447.81,1776944043000
1776944045.324,245.324,0.1,0.11,0.89,0.91,0.01,0.02,77449.33,1776944044000
1776944045.68,245.68,0.1,0.11,0.89,0.9,0.01,0.01,77449.33,1776944044000
1776944046.028,246.028,0.1,0.11,0.89,0.9,0.01,0.01,77449.33,1776944044000
1776944046.503,246.503,0.1,0.11,0.89,0.9,0.01,0.01,77449.33,1776944045000
1776944047.0,247.0,0.1,0.11,0.89,0.9,0.01,0.01,77449.33,1776944045000
1776944047.343,247.343,0.1,0.11,0.89,0.9,0.01,0.01,77449.32,1776944046000
1776944047.762,247.762,0.08,0.09,0.91,0.92,0.01,0.01,77449.32,1776944046000
1776944048.256,248.256,0.07,0.08,0.91,0.92,0.01,0.01,77449.25,1776944047000
1776944048.603,248.603,0.07,0.08,0.92,0.93,0.01,0.01,77449.25,1776944047000
1776944048.993,248.993,0.07,0.08,0.92,0.93,0.01,0.01,77449.25,1776944048000
1776944049.335,249.335,0.07,0.08,0.92,0.93,0.01,0.01,77449.25,1776944048000
1776944049.968,249.968,0.07,0.08,0.92,0.93,0.01,0.01,77448.05,1776944049000
1776944050.479,250.479,0.07,0.08,0.92,0.93,0.01,0.01,77448.05,1776944049000
1776944050.858,250.858,0.07,0.08,0.92,0.93,0.01,0.01,77448.05,1776944049000
1776944051.531,251.531,0.07,0.08,0.92,0.93,0.01,0.01,77446.87,1776944050000
1776944051.985,251.985,0.07,0.08,0.92,0.93,0.01,0.01,77447.29,1776944051000
1776944052.419,252.419,0.07,0.08,0.92,0.93,0.01,0.01,77447.29,1776944051000
1776944053.333,253.333,0.07,0.08,0.92,0.93,0.01,0.01,77447.29,1776944051000
1776944053.816,253.816,0.07,0.08,0.92,0.93,0.01,0.01,77446.48,1776944052000
1776944054.159,254.159,0.07,0.08,0.92,0.93,0.01,0.01,77446.48,1776944053000
1776944054.558,254.558,0.07,0.08,0.92,0.93,0.01,0.01,77446.48,1776944053000
1776944054.934,254.934,0.06,0.07,0.93,0.94,0.01,0.01,77446.48,1776944053000
1776944055.289,255.289,0.06,0.07,0.93,0.94,0.01,0.01,77446.31,1776944054000
1776944055.629,255.629,0.05,0.06,0.94,0.95,0.01,0.01,77446.31,1776944054000
1776944056.006,256.006,0.04,0.05,0.95,0.96,0.01,0.01,77446.31,1776944054000
1776944056.343,256.343,0.04,0.05,0.95,0.96,0.01,0.01,77444.21,1776944055000
1776944056.72,256.72,0.03,0.05,0.95,0.96,0.02,0.01,77444.21,1776944055000
1776944057.146,257.146,0.03,0.04,0.96,0.97,0.01,0.01,77437.72,1776944056000
1776944057.718,257.718,0.03,0.04,0.96,0.97,0.01,0.01,77437.72,1776944056000
1776944058.18,258.18,0.03,0.04,0.96,0.97,0.01,0.01,77437.72,1776944056000
1776944058.537,258.537,0.03,0.04,0.96,0.97,0.01,0.01,77430.84,1776944057000
1776944058.961,258.961,0.03,0.04,0.96,0.97,0.01,0.01,77430.84,1776944057000
1776944059.597,259.597,0.02,0.03,0.97,0.98,0.01,0.01,77429.75,1776944058000
1776944060.0,260.0,0.02,0.03,0.97,0.98,0.01,0.01,77429.75,1776944058000
1776944060.339,260.339,0.02,0.03,0.97,0.98,0.01,0.01,77429.79,1776944059000
1776944060.745,260.745,0.02,0.03,0.97,0.98,0.01,0.01,77429.79,1776944059000
1776944061.162,261.162,0.02,0.03,0.97,0.98,0.01,0.01,77429.79,1776944059000
1776944061.507,261.507,0.02,0.03,0.97,0.98,0.01,0.01,77429.44,1776944060000
1776944061.962,261.962,0.02,0.03,0.97,0.98,0.01,0.01,77429.44,1776944060000
1776944062.358,262.358,0.01,0.02,0.98,0.99,0.01,0.01,77429.11,1776944061000
1776944062.702,262.702,0.01,0.02,0.98,0.99,0.01,0.01,77429.11,1776944061000
1776944063.254,263.254,0.01,0.02,0.98,0.99,0.01,0.01,77428.13,1776944062000
1776944063.591,263.591,0.01,0.02,0.98,0.99,0.01,0.01,77428.13,1776944062000
1776944063.962,263.962,0.01,0.02,0.98,0.99,0.01,0.01,77428.08,1776944063000
1776944064.42,264.42,0.01,0.02,0.98,0.99,0.01,0.01,77428.08,1776944063000
1776944064.898,264.898,0.01,0.02,0.98,0.99,0.01,0.01,77428.08,1776944063000
1776944065.44,265.44,0.01,0.02,0.98,0.99,0.01,0.01,77425.43,1776944064000
1776944065.794,265.794,0.01,0.02,0.98,0.99,0.01,0.01,77425.43,1776944064000
1776944066.144,266.144,0.01,0.02,0.98,0.99,0.01,0.01,77421.82,1776944065000
1776944066.644,266.644,0.01,0.02,0.98,0.99,0.01,0.01,77421.82,1776944065000
1776944067.004,267.004,0.01,0.02,0.98,0.99,0.01,0.01,77421.41,1776944066000
1776944067.347,267.347,0.01,0.01,0.99,0.99,0.0,0.0,77421.41,1776944066000
1776944067.968,267.968,0.01,0.01,0.99,0.99,0.0,0.0,77421.41,1776944066000
1776944069.061,269.061,0.01,0.01,0.99,0.99,0.0,0.0,77419.64,1776944068000
1776944069.952,269.952,0.01,0.01,0.99,0.99,0.0,0.0,77419.64,1776944068000
1776944070.344,270.344,0.01,0.01,0.99,0.99,0.0,0.0,77417.83,1776944069000
1776944070.892,270.892,0.01,0.01,0.99,0.99,0.0,0.0,77417.83,1776944069000
1776944071.469,271.469,0.01,0.01,0.99,0.99,0.0,0.0,77416.95,1776944070000
1776944071.949,271.949,0.01,0.01,0.99,0.99,0.0,0.0,77414.36,1776944071000
1776944072.452,272.452,0.01,0.01,0.99,0.99,0.0,0.0,77414.36,1776944071000
1776944072.939,272.939,0.01,0.01,0.99,0.99,0.0,0.0,77410.8,1776944072000
1776944073.286,273.286,0.01,0.01,0.99,0.99,0.0,0.0,77410.8,1776944072000
1776944073.716,273.716,0.01,0.01,0.99,0.99,0.0,0.0,77410.8,1776944072000
1776944074.952,274.952,0.01,0.01,0.99,0.99,0.0,0.0,77405.7,1776944074000
1776944075.67,275.67,0.01,0.01,0.99,0.99,0.0,0.0,77405.7,1776944074000
1776944076.012,276.012,0.01,0.01,0.99,0.99,0.0,0.0,77405.7,1776944075000
1776944076.522,276.522,0.01,0.01,0.99,0.99,0.0,0.0,77405.7,1776944075000
1776944077.064,277.064,0.01,0.01,0.99,0.99,0.0,0.0,77405.8,1776944076000
1776944077.464,277.464,0.01,0.01,0.99,0.99,0.0,0.0,77405.8,1776944076000
1776944078.043,278.043,0.01,0.01,0.99,0.99,0.0,0.0,77406.39,1776944077000
1776944079.039,279.039,0.01,0.01,0.99,0.99,0.0,0.0,77406.93,1776944078000
1776944079.459,279.459,0.01,0.01,0.99,0.99,0.0,0.0,77406.93,1776944078000
1776944080.09,280.09,0.01,0.01,0.99,0.99,0.0,0.0,77407.19,1776944079000
1776944081.228,281.228,0.01,0.01,0.99,0.99,0.0,0.0,77407.1,1776944080000
1776944083.022,283.022,0.01,0.01,0.99,0.99,0.0,0.0,77407.13,1776944082000
1776944083.901,283.901,0.01,0.01,0.99,0.99,0.0,0.0,77407.13,1776944082000
1776944084.336,284.336,0.01,0.01,0.99,0.99,0.0,0.0,77407.13,1776944082000
1776944084.998,284.998,0.01,0.01,0.99,0.99,0.0,0.0,77406.8,1776944084000
1776944085.678,285.678,0.01,0.01,0.99,0.99,0.0,0.0,77406.8,1776944084000
1776944086.108,286.108,0.01,0.01,0.99,0.99,0.0,0.0,77406.8,1776944084000
1776944086.649,286.649,0.01,0.01,0.99,0.99,0.0,0.0,77406.8,1776944084000
1776944087.33,287.33,0.01,0.01,0.99,0.99,0.0,0.0,77405.24,1776944085000
1776944088.042,288.042,0.01,0.01,0.99,0.99,0.0,0.0,77406.82,1776944086000
1776944089.437,289.437,0.01,0.01,0.99,0.99,0.0,0.0,77405.67,1776944087000
1776944089.799,289.799,0.01,0.01,0.99,0.99,0.0,0.0,77405.68,1776944088000
1776944090.406,290.406,0.01,0.01,0.99,0.99,0.0,0.0,77405.68,1776944089000
1776944091.834,291.834,0.01,0.01,0.99,0.99,0.0,0.0,77406.47,1776944090000
1776944092.296,292.296,0.01,0.01,0.99,0.99,0.0,0.0,77406.47,1776944090000
1776944093.12,293.12,0.01,0.01,0.99,0.99,0.0,0.0,77406.17,1776944092000
1776944094.569,294.569,0.01,0.01,0.99,0.99,0.0,0.0,77405.23,1776944093000
1776944095.208,295.208,0.01,0.01,0.99,0.99,0.0,0.0,77405.23,1776944094000
1776944096.683,296.683,0.01,0.01,0.99,0.99,0.0,0.0,77405.26,1776944095000
1776944097.388,297.388,0.01,0.01,0.99,0.99,0.0,0.0,77405.26,1776944096000
1776944098.322,298.322,0.01,0.01,0.99,0.99,0.0,0.0,77405.33,1776944097000
1776944098.868,298.868,0.01,0.01,0.99,0.99,0.0,0.0,77405.33,1776944097000
1776944099.808,299.808,0.01,0.01,0.99,0.99,0.0,0.0,77405.33,1776944098000
1776944100.365,300.365,0.01,0.01,0.99,0.99,0.0,0.0,77405.33,1776944098000
1776944100.772,300.772,0.01,0.01,0.99,0.99,0.0,0.0,77405.42,1776944099000
1776944102.239,302.239,0.01,0.01,0.99,0.99,0.0,0.0,77405.49,1776944101000

# RESULT,winner=Down,slug=btc-updown-5m-1776943800,ticks=615
