timestamp,elapsed_sec,up_bid,up_ask,down_bid,down_ask,up_spread,down_spread,btc_price,btc_oracle_ts
1777318200.557,0.557,0.52,0.53,0.47,0.48,0.01,0.01,76622.82,1777318199000
1777318200.899,0.899,0.52,0.54,0.46,0.48,0.02,0.02,76622.82,1777318199000
1777318201.535,1.535,0.56,0.57,0.43,0.44,0.01,0.01,76620.82,1777318200000
1777318201.883,1.883,0.56,0.57,0.43,0.44,0.01,0.01,76620.82,1777318200000
1777318202.218,2.218,0.56,0.57,0.43,0.44,0.01,0.01,76620.82,1777318200000
1777318202.574,2.574,0.56,0.57,0.43,0.44,0.01,0.01,76618.84,1777318201000
1777318202.916,2.916,0.53,0.54,0.46,0.47,0.01,0.01,76618.84,1777318201000
1777318203.373,3.373,0.5,0.51,0.49,0.5,0.01,0.01,76617.88,1777318202000
1777318203.824,3.824,0.5,0.51,0.49,0.5,0.01,0.01,76617.88,1777318202000
1777318204.167,4.167,0.5,0.51,0.49,0.5,0.01,0.01,76617.63,1777318203000
1777318204.516,4.516,0.5,0.51,0.49,0.5,0.01,0.01,76617.63,1777318203000
1777318204.99,4.99,0.5,0.51,0.49,0.5,0.01,0.01,76613.24,1777318204000
1777318205.761,5.761,0.5,0.51,0.49,0.5,0.01,0.01,76613.24,1777318204000
1777318206.11,6.11,0.5,0.51,0.49,0.5,0.01,0.01,76613.24,1777318204000
1777318206.634,6.634,0.5,0.51,0.49,0.5,0.01,0.01,76611.78,1777318205000
1777318207.011,7.011,0.5,0.51,0.49,0.5,0.01,0.01,76611.78,1777318205000
1777318207.35,7.35,0.5,0.51,0.49,0.5,0.01,0.01,76611.46,1777318206000
1777318207.743,7.743,0.5,0.51,0.49,0.5,0.01,0.01,76611.46,1777318206000
1777318208.136,8.136,0.5,0.51,0.49,0.5,0.01,0.01,76611.46,1777318206000
1777318208.546,8.546,0.5,0.51,0.49,0.5,0.01,0.01,76611.49,1777318207000
1777318208.902,8.902,0.5,0.51,0.49,0.5,0.01,0.01,76611.49,1777318207000
1777318209.27,9.27,0.5,0.51,0.49,0.5,0.01,0.01,76611.33,1777318208000
1777318209.727,9.727,0.5,0.51,0.49,0.5,0.01,0.01,76611.33,1777318208000
1777318210.38,10.38,0.5,0.51,0.49,0.5,0.01,0.01,76611.33,1777318208000
1777318210.724,10.724,0.5,0.51,0.49,0.5,0.01,0.01,76611.19,1777318209000
1777318211.193,11.193,0.5,0.51,0.49,0.5,0.01,0.01,76611.19,1777318209000
1777318211.57,11.57,0.5,0.51,0.49,0.5,0.01,0.01,76611.5,1777318210000
1777318211.928,11.928,0.51,0.52,0.48,0.49,0.01,0.01,76611.5,1777318210000
1777318212.436,12.436,0.51,0.52,0.48,0.49,0.01,0.01,76611.5,1777318210000
1777318212.835,12.835,0.51,0.52,0.48,0.49,0.01,0.01,76611.28,1777318211000
1777318213.34,13.34,0.51,0.52,0.48,0.49,0.01,0.01,76611.39,1777318212000
1777318213.699,13.699,0.53,0.54,0.46,0.47,0.01,0.01,76611.39,1777318212000
1777318214.045,14.045,0.53,0.54,0.46,0.47,0.01,0.01,76612.64,1777318213000
1777318214.379,14.379,0.53,0.57,0.43,0.47,0.04,0.04,76612.64,1777318213000
1777318214.716,14.716,0.53,0.54,0.46,0.47,0.01,0.01,76612.64,1777318213000
1777318215.1,15.1,0.53,0.54,0.46,0.47,0.01,0.01,76613.41,1777318214000
1777318215.606,15.606,0.5,0.51,0.47,0.5,0.01,0.03,76613.41,1777318214000
1777318216.038,16.038,0.5,0.51,0.49,0.5,0.01,0.01,76613.41,1777318214000
1777318216.631,16.631,0.49,0.5,0.5,0.51,0.01,0.01,76617.16,1777318215000
1777318217.001,17.001,0.49,0.5,0.5,0.51,0.01,0.01,76617.16,1777318215000
1777318217.529,17.529,0.49,0.5,0.5,0.51,0.01,0.01,76613.57,1777318216000
1777318218.024,18.024,0.49,0.5,0.5,0.51,0.01,0.01,76613.57,1777318216000
1777318218.37,18.37,0.49,0.5,0.5,0.51,0.01,0.01,76609.06,1777318217000
1777318218.757,18.757,0.5,0.51,0.49,0.5,0.01,0.01,76609.06,1777318217000
1777318219.106,19.106,0.51,0.52,0.48,0.49,0.01,0.01,76608.53,1777318218000
1777318219.547,19.547,0.52,0.54,0.46,0.48,0.02,0.02,76608.53,1777318218000
1777318219.897,19.897,0.54,0.55,0.45,0.47,0.01,0.02,76608.53,1777318218000
1777318220.438,20.438,0.54,0.55,0.45,0.46,0.01,0.01,76610.28,1777318219000
1777318220.881,20.881,0.54,0.55,0.45,0.46,0.01,0.01,76610.28,1777318219000
1777318221.28,21.28,0.54,0.55,0.45,0.46,0.01,0.01,76613.96,1777318220000
1777318221.614,21.614,0.54,0.55,0.45,0.46,0.01,0.01,76613.96,1777318220000
1777318222.02,22.02,0.53,0.54,0.46,0.47,0.01,0.01,76613.96,1777318220000
1777318222.414,22.414,0.53,0.54,0.46,0.47,0.01,0.01,76613.96,1777318220000
1777318222.86,22.86,0.53,0.54,0.46,0.47,0.01,0.01,76616.77,1777318221000
1777318223.415,23.415,0.5,0.51,0.47,0.51,0.01,0.04,76617.52,1777318222000
1777318223.889,23.889,0.5,0.51,0.49,0.5,0.01,0.01,76617.52,1777318222000
1777318224.237,24.237,0.5,0.51,0.49,0.5,0.01,0.01,76614.98,1777318223000
1777318224.864,24.864,0.5,0.51,0.49,0.5,0.01,0.01,76614.98,1777318223000
1777318225.684,25.684,0.5,0.51,0.49,0.5,0.01,0.01,76614.98,1777318223000
1777318226.109,26.109,0.5,0.52,0.49,0.5,0.02,0.01,76614.98,1777318223000
1777318226.722,26.722,0.51,0.52,0.48,0.49,0.01,0.01,76614.98,1777318223000
1777318227.527,27.527,0.51,0.52,0.48,0.49,0.01,0.01,76614.98,1777318223000
1777318228.066,28.066,0.5,0.51,0.49,0.5,0.01,0.01,76614.98,1777318223000
1777318228.42,28.42,0.48,0.49,0.5,0.53,0.01,0.03,76614.98,1777318223000
1777318228.763,28.763,0.48,0.49,0.51,0.52,0.01,0.01,76614.98,1777318223000
1777318229.149,29.149,0.48,0.49,0.51,0.52,0.01,0.01,76614.98,1777318223000
1777318229.772,29.772,0.48,0.49,0.51,0.52,0.01,0.01,76614.98,1777318223000
1777318230.386,30.386,0.49,0.5,0.5,0.52,0.01,0.02,76614.98,1777318223000
1777318231.049,31.049,0.49,0.5,0.5,0.51,0.01,0.01,76614.98,1777318223000
1777318231.422,31.422,0.36,0.42,0.58,0.64,0.06,0.06,76614.98,1777318223000
1777318231.761,31.761,0.31,0.38,0.65,0.68,0.07,0.03,76614.98,1777318223000
1777318232.101,32.101,0.4,0.41,0.59,0.6,0.01,0.01,76614.98,1777318223000
1777318232.525,32.525,0.36,0.37,0.63,0.64,0.01,0.01,76614.98,1777318223000
1777318232.865,32.865,0.34,0.35,0.65,0.66,0.01,0.01,76594.34,1777318231000
1777318233.201,33.201,0.33,0.35,0.65,0.66,0.02,0.01,76577.3,1777318232000
1777318233.564,33.564,0.32,0.33,0.67,0.68,0.01,0.01,76577.3,1777318232000
1777318233.922,33.922,0.31,0.32,0.68,0.69,0.01,0.01,76577.3,1777318232000
1777318234.272,34.272,0.32,0.33,0.67,0.68,0.01,0.01,76571.48,1777318233000
1777318234.638,34.638,0.32,0.33,0.67,0.68,0.01,0.01,76571.48,1777318233000
1777318235.0,35.0,0.32,0.33,0.67,0.68,0.01,0.01,76571.48,1777318233000
1777318235.377,35.377,0.32,0.33,0.67,0.68,0.01,0.01,76571.14,1777318234000
1777318235.838,35.838,0.32,0.33,0.67,0.68,0.01,0.01,76571.14,1777318234000
1777318236.272,36.272,0.32,0.33,0.67,0.68,0.01,0.01,76573.79,1777318235000
1777318237.32,37.32,0.32,0.33,0.67,0.68,0.01,0.01,76575.06,1777318236000
1777318237.723,37.723,0.35,0.36,0.67,0.68,0.01,0.01,76575.06,1777318236000
1777318238.081,38.081,0.38,0.41,0.59,0.64,0.03,0.05,76575.06,1777318236000
1777318238.434,38.434,0.39,0.44,0.57,0.62,0.05,0.05,76575.06,1777318236000
1777318238.842,38.842,0.4,0.41,0.59,0.61,0.01,0.02,76575.06,1777318236000
1777318239.24,39.24,0.4,0.41,0.59,0.6,0.01,0.01,76583.9,1777318237000
1777318239.702,39.702,0.4,0.41,0.59,0.6,0.01,0.01,76593.93,1777318238000
1777318240.217,40.217,0.4,0.41,0.59,0.6,0.01,0.01,76593.93,1777318238000
1777318240.555,40.555,0.36,0.38,0.61,0.63,0.02,0.02,76593.93,1777318238000
1777318240.888,40.888,0.36,0.37,0.63,0.64,0.01,0.01,76593.93,1777318238000
1777318241.258,41.258,0.36,0.38,0.63,0.64,0.02,0.01,76593.93,1777318238000
1777318241.629,41.629,0.39,0.43,0.57,0.61,0.04,0.04,76596.16,1777318240000
1777318242.024,42.024,0.42,0.43,0.57,0.58,0.01,0.01,76596.16,1777318240000
1777318242.416,42.416,0.42,0.43,0.57,0.58,0.01,0.01,76596.16,1777318240000
1777318242.965,42.965,0.42,0.43,0.57,0.58,0.01,0.01,76592.88,1777318241000
1777318243.897,43.897,0.42,0.43,0.57,0.58,0.01,0.01,76594.56,1777318242000
1777318244.595,44.595,0.42,0.43,0.57,0.58,0.01,0.01,76594.56,1777318242000
1777318245.302,45.302,0.42,0.43,0.57,0.58,0.01,0.01,76589.67,1777318243000
1777318245.668,45.668,0.42,0.43,0.57,0.58,0.01,0.01,76525.86,1777318244000
1777318246.022,46.022,0.37,0.43,0.57,0.63,0.06,0.06,76525.86,1777318244000
1777318246.357,46.357,0.3,0.36,0.64,0.7,0.06,0.06,76525.86,1777318244000
1777318246.712,46.712,0.25,0.27,0.73,0.75,0.02,0.02,76525.86,1777318244000
1777318247.07,47.07,0.25,0.27,0.68,0.75,0.02,0.07,76489.76,1777318245000
1777318247.409,47.409,0.21,0.29,0.6,0.79,0.08,0.19,76489.76,1777318245000
1777318247.747,47.747,0.22,0.27,0.73,0.75,0.05,0.02,76489.76,1777318245000
1777318248.086,48.086,0.23,0.27,0.73,0.77,0.04,0.04,76480.48,1777318246000
1777318248.422,48.422,0.17,0.26,0.74,0.83,0.09,0.09,76480.48,1777318246000
1777318248.76,48.76,0.15,0.21,0.79,0.8,0.06,0.01,76474.84,1777318247000
1777318249.093,49.093,0.18,0.21,0.79,0.83,0.03,0.04,76474.84,1777318247000
1777318249.441,49.441,0.13,0.21,0.86,0.87,0.08,0.01,76474.84,1777318247000
1777318249.779,49.779,0.18,0.19,0.81,0.82,0.01,0.01,76464.41,1777318248000
1777318250.116,50.116,0.18,0.19,0.81,0.82,0.01,0.01,76464.41,1777318248000
1777318250.583,50.583,0.18,0.19,0.81,0.82,0.01,0.01,76464.41,1777318248000
1777318250.921,50.921,0.19,0.2,0.8,0.82,0.01,0.02,76464.41,1777318248000
1777318251.274,51.274,0.19,0.2,0.8,0.83,0.01,0.03,76471.01,1777318249000
1777318251.646,51.646,0.18,0.19,0.81,0.82,0.01,0.01,76471.01,1777318249000
1777318252.009,52.009,0.18,0.19,0.81,0.82,0.01,0.01,76476.93,1777318250000
1777318253.006,53.006,0.18,0.19,0.81,0.82,0.01,0.01,76476.93,1777318250000
1777318253.344,53.344,0.18,0.2,0.8,0.82,0.02,0.02,76492.19,1777318251000
1777318253.784,53.784,0.2,0.21,0.79,0.8,0.01,0.01,76492.19,1777318251000
1777318254.121,54.121,0.18,0.21,0.79,0.82,0.03,0.03,76492.19,1777318251000
1777318254.653,54.653,0.21,0.22,0.78,0.8,0.01,0.02,76492.19,1777318251000
1777318255.023,55.023,0.19,0.2,0.8,0.81,0.01,0.01,76495.98,1777318252000
1777318255.388,55.388,0.18,0.19,0.81,0.82,0.01,0.01,76495.98,1777318252000
1777318255.785,55.785,0.18,0.19,0.81,0.83,0.01,0.02,76500.64,1777318253000
1777318256.133,56.133,0.16,0.17,0.81,0.84,0.01,0.03,76500.64,1777318253000
1777318256.498,56.498,0.16,0.17,0.83,0.84,0.01,0.01,76507.37,1777318254000
1777318256.936,56.936,0.16,0.17,0.83,0.84,0.01,0.01,76507.37,1777318254000
1777318257.382,57.382,0.16,0.17,0.83,0.84,0.01,0.01,76508.92,1777318255000
1777318257.8,57.8,0.15,0.16,0.84,0.85,0.01,0.01,76508.92,1777318255000
1777318258.15,58.15,0.16,0.18,0.84,0.85,0.02,0.01,76508.92,1777318255000
1777318258.491,58.491,0.17,0.19,0.81,0.83,0.02,0.02,76508.92,1777318255000
1777318258.93,58.93,0.18,0.19,0.81,0.82,0.01,0.01,76508.17,1777318256000
1777318259.332,59.332,0.21,0.22,0.78,0.79,0.01,0.01,76508.17,1777318256000
1777318259.753,59.753,0.21,0.22,0.78,0.79,0.01,0.01,76509.37,1777318257000
1777318260.165,60.165,0.19,0.22,0.78,0.81,0.03,0.03,76509.37,1777318257000
1777318260.535,60.535,0.18,0.22,0.78,0.82,0.04,0.04,76506.79,1777318258000
1777318260.89,60.89,0.15,0.2,0.8,0.85,0.05,0.05,76506.79,1777318258000
1777318261.225,61.225,0.15,0.17,0.83,0.85,0.02,0.02,76506.79,1777318258000
1777318261.592,61.592,0.14,0.15,0.84,0.86,0.01,0.02,76506.79,1777318258000
1777318261.944,61.944,0.12,0.14,0.85,0.87,0.02,0.02,76509.5,1777318259000
1777318262.289,62.289,0.12,0.13,0.87,0.88,0.01,0.01,76509.5,1777318259000
1777318262.633,62.633,0.12,0.13,0.87,0.88,0.01,0.01,76522.12,1777318260000
1777318263.008,63.008,0.12,0.13,0.87,0.88,0.01,0.01,76522.12,1777318260000
1777318263.355,63.355,0.12,0.13,0.87,0.88,0.01,0.01,76522.12,1777318260000
1777318263.707,63.707,0.13,0.14,0.86,0.88,0.01,0.02,76522.1,1777318261000
1777318264.062,64.062,0.14,0.15,0.85,0.87,0.01,0.02,76522.1,1777318261000
1777318264.402,64.402,0.14,0.15,0.85,0.86,0.01,0.01,76514.25,1777318262000
1777318264.745,64.745,0.14,0.15,0.85,0.86,0.01,0.01,76514.25,1777318262000
1777318265.104,65.104,0.15,0.16,0.84,0.85,0.01,0.01,76514.25,1777318262000
1777318265.456,65.456,0.15,0.16,0.84,0.85,0.01,0.01,76514.25,1777318262000
1777318265.798,65.798,0.15,0.16,0.84,0.85,0.01,0.01,76502.05,1777318263000
1777318266.346,66.346,0.15,0.16,0.84,0.85,0.01,0.01,76502.05,1777318263000
1777318266.796,66.796,0.15,0.16,0.84,0.85,0.01,0.01,76500.31,1777318264000
1777318267.185,67.185,0.16,0.19,0.81,0.85,0.03,0.04,76500.31,1777318264000
1777318267.94,67.94,0.16,0.19,0.81,0.84,0.03,0.03,76504.3,1777318265000
1777318268.306,68.306,0.18,0.19,0.81,0.82,0.01,0.01,76504.3,1777318265000
1777318268.704,68.704,0.18,0.2,0.8,0.82,0.02,0.02,76504.3,1777318265000
1777318269.145,69.145,0.19,0.2,0.8,0.81,0.01,0.01,76504.3,1777318265000
1777318269.504,69.504,0.2,0.21,0.79,0.8,0.01,0.01,76504.3,1777318265000
1777318269.886,69.886,0.22,0.24,0.77,0.8,0.02,0.03,76504.3,1777318265000
1777318270.222,70.222,0.22,0.23,0.77,0.78,0.01,0.01,76507.99,1777318267000
1777318270.559,70.559,0.22,0.23,0.77,0.78,0.01,0.01,76507.99,1777318267000
1777318270.952,70.952,0.22,0.23,0.77,0.78,0.01,0.01,76507.99,1777318267000
1777318271.429,71.429,0.22,0.23,0.77,0.78,0.01,0.01,76519.08,1777318268000
1777318272.051,72.051,0.22,0.23,0.77,0.78,0.01,0.01,76522.62,1777318269000
1777318272.428,72.428,0.21,0.22,0.77,0.82,0.01,0.05,76524.4,1777318270000
1777318272.851,72.851,0.21,0.22,0.78,0.79,0.01,0.01,76524.4,1777318270000
1777318273.201,73.201,0.23,0.24,0.76,0.77,0.01,0.01,76530.82,1777318271000
1777318273.541,73.541,0.25,0.26,0.74,0.76,0.01,0.02,76530.82,1777318271000
1777318273.935,73.935,0.25,0.26,0.74,0.75,0.01,0.01,76530.82,1777318271000
1777318274.286,74.286,0.25,0.26,0.74,0.75,0.01,0.01,76534.54,1777318272000
1777318274.688,74.688,0.25,0.26,0.74,0.75,0.01,0.01,76534.54,1777318272000
1777318275.063,75.063,0.25,0.26,0.74,0.75,0.01,0.01,76534.54,1777318272000
1777318275.456,75.456,0.25,0.26,0.74,0.75,0.01,0.01,76534.38,1777318273000
1777318275.999,75.999,0.25,0.26,0.74,0.75,0.01,0.01,76540.92,1777318274000
1777318276.378,76.378,0.25,0.26,0.74,0.75,0.01,0.01,76540.92,1777318274000
1777318276.863,76.863,0.25,0.26,0.74,0.75,0.01,0.01,76540.92,1777318274000
1777318277.337,77.337,0.28,0.29,0.71,0.72,0.01,0.01,76547.59,1777318275000
1777318277.682,77.682,0.28,0.29,0.71,0.72,0.01,0.01,76547.59,1777318275000
1777318278.037,78.037,0.28,0.29,0.71,0.72,0.01,0.01,76552.96,1777318276000
1777318278.385,78.385,0.27,0.28,0.72,0.73,0.01,0.01,76552.96,1777318276000
1777318278.784,78.784,0.27,0.28,0.72,0.73,0.01,0.01,76553.42,1777318277000
1777318279.152,79.152,0.27,0.28,0.72,0.73,0.01,0.01,76553.42,1777318277000
1777318279.495,79.495,0.28,0.29,0.71,0.72,0.01,0.01,76553.42,1777318277000
1777318279.838,79.838,0.28,0.29,0.71,0.72,0.01,0.01,76553.42,1777318277000
1777318280.275,80.275,0.28,0.29,0.71,0.72,0.01,0.01,76554.8,1777318278000
1777318280.659,80.659,0.28,0.29,0.71,0.72,0.01,0.01,76554.8,1777318278000
1777318281.034,81.034,0.28,0.29,0.71,0.72,0.01,0.01,76554.92,1777318279000
1777318281.583,81.583,0.28,0.29,0.71,0.72,0.01,0.01,76557.39,1777318280000
1777318281.953,81.953,0.28,0.29,0.71,0.72,0.01,0.01,76557.39,1777318280000
1777318282.289,82.289,0.28,0.29,0.71,0.72,0.01,0.01,76562.97,1777318281000
1777318282.904,82.904,0.28,0.29,0.71,0.72,0.01,0.01,76562.97,1777318281000
1777318283.92,83.92,0.28,0.29,0.71,0.72,0.01,0.01,76563.84,1777318282000
1777318284.529,84.529,0.28,0.29,0.71,0.72,0.01,0.01,76563.84,1777318282000
1777318284.905,84.905,0.27,0.29,0.71,0.72,0.02,0.01,76563.84,1777318283000
1777318285.249,85.249,0.23,0.28,0.72,0.77,0.05,0.05,76563.5,1777318284000
1777318285.594,85.594,0.26,0.28,0.72,0.74,0.02,0.02,76563.5,1777318284000
1777318285.939,85.939,0.26,0.27,0.73,0.74,0.01,0.01,76563.5,1777318284000
1777318286.297,86.297,0.26,0.27,0.73,0.74,0.01,0.01,76563.5,1777318284000
1777318286.703,86.703,0.26,0.27,0.73,0.74,0.01,0.01,76561.51,1777318285000
1777318287.101,87.101,0.27,0.28,0.72,0.73,0.01,0.01,76561.51,1777318285000
1777318287.473,87.473,0.29,0.3,0.7,0.71,0.01,0.01,76561.62,1777318286000
1777318287.823,87.823,0.29,0.3,0.7,0.71,0.01,0.01,76561.62,1777318286000
1777318288.193,88.193,0.29,0.3,0.7,0.71,0.01,0.01,76561.95,1777318287000
1777318288.687,88.687,0.34,0.35,0.65,0.68,0.01,0.03,76561.95,1777318287000
1777318289.219,89.219,0.36,0.37,0.63,0.65,0.01,0.02,76561.95,1777318287000
1777318289.553,89.553,0.36,0.4,0.61,0.64,0.04,0.03,76565.64,1777318288000
1777318289.895,89.895,0.38,0.4,0.59,0.63,0.02,0.04,76565.64,1777318288000
1777318290.239,90.239,0.39,0.4,0.6,0.61,0.01,0.01,76573.83,1777318289000
1777318290.639,90.639,0.38,0.39,0.6,0.62,0.01,0.02,76573.83,1777318289000
1777318291.135,91.135,0.38,0.39,0.61,0.62,0.01,0.01,76573.83,1777318289000
1777318291.515,91.515,0.37,0.38,0.62,0.63,0.01,0.01,76582.8,1777318290000
1777318292.015,92.015,0.36,0.38,0.63,0.64,0.02,0.01,76582.8,1777318290000
1777318292.443,92.443,0.36,0.37,0.62,0.64,0.01,0.02,76582.8,1777318290000
1777318292.788,92.788,0.36,0.37,0.63,0.64,0.01,0.01,76585.56,1777318291000
1777318293.196,93.196,0.36,0.37,0.63,0.64,0.01,0.01,76585.69,1777318292000
1777318293.561,93.561,0.36,0.37,0.63,0.64,0.01,0.01,76585.69,1777318292000
1777318293.925,93.925,0.39,0.4,0.57,0.63,0.01,0.06,76585.69,1777318292000
1777318294.271,94.271,0.39,0.4,0.6,0.61,0.01,0.01,76585.69,1777318292000
1777318294.652,94.652,0.39,0.41,0.6,0.61,0.02,0.01,76585.8,1777318293000
1777318295.007,95.007,0.41,0.42,0.58,0.59,0.01,0.01,76585.8,1777318293000
1777318295.344,95.344,0.41,0.42,0.58,0.59,0.01,0.01,76585.8,1777318293000
1777318295.73,95.73,0.41,0.42,0.58,0.59,0.01,0.01,76593.29,1777318294000
1777318296.133,96.133,0.41,0.42,0.58,0.59,0.01,0.01,76593.29,1777318294000
1777318296.466,96.466,0.4,0.41,0.58,0.6,0.01,0.02,76593.45,1777318295000
1777318296.909,96.909,0.4,0.41,0.59,0.6,0.01,0.01,76593.45,1777318295000
1777318297.265,97.265,0.4,0.41,0.59,0.6,0.01,0.01,76594.27,1777318296000
1777318297.639,97.639,0.41,0.42,0.58,0.6,0.01,0.02,76594.27,1777318296000
1777318298.023,98.023,0.41,0.42,0.58,0.59,0.01,0.01,76594.27,1777318296000
1777318298.383,98.383,0.41,0.43,0.57,0.59,0.02,0.02,76593.81,1777318297000
1777318298.777,98.777,0.42,0.43,0.57,0.58,0.01,0.01,76593.81,1777318297000
1777318299.158,99.158,0.42,0.43,0.57,0.58,0.01,0.01,76593.81,1777318297000
1777318299.647,99.647,0.42,0.46,0.54,0.58,0.04,0.04,76595.2,1777318298000
1777318300.298,100.298,0.43,0.47,0.54,0.58,0.04,0.04,76595.2,1777318298000
1777318300.633,100.633,0.45,0.51,0.49,0.55,0.06,0.06,76598.48,1777318299000
1777318301.028,101.028,0.48,0.49,0.51,0.52,0.01,0.01,76598.48,1777318299000
1777318301.364,101.364,0.48,0.49,0.51,0.52,0.01,0.01,76598.48,1777318299000
1777318301.902,101.902,0.48,0.49,0.51,0.52,0.01,0.01,76604.0,1777318300000
1777318302.311,102.311,0.5,0.51,0.49,0.5,0.01,0.01,76608.34,1777318301000
1777318302.688,102.688,0.5,0.51,0.49,0.5,0.01,0.01,76608.34,1777318301000
1777318303.04,103.04,0.51,0.52,0.48,0.49,0.01,0.01,76611.12,1777318302000
1777318303.373,103.373,0.52,0.53,0.47,0.48,0.01,0.01,76611.12,1777318302000
1777318303.729,103.729,0.52,0.53,0.47,0.48,0.01,0.01,76611.12,1777318302000
1777318304.173,104.173,0.52,0.53,0.47,0.48,0.01,0.01,76612.01,1777318303000
1777318304.509,104.509,0.53,0.54,0.46,0.47,0.01,0.01,76612.01,1777318303000
1777318305.012,105.012,0.53,0.54,0.46,0.47,0.01,0.01,76612.01,1777318303000
1777318305.384,105.384,0.54,0.56,0.44,0.46,0.02,0.02,76615.33,1777318304000
1777318305.892,105.892,0.57,0.58,0.42,0.43,0.01,0.01,76615.33,1777318304000
1777318306.429,106.429,0.57,0.58,0.42,0.43,0.01,0.01,76617.44,1777318305000
1777318306.791,106.791,0.57,0.58,0.42,0.43,0.01,0.01,76617.44,1777318305000
1777318307.125,107.125,0.57,0.58,0.42,0.43,0.01,0.01,76617.44,1777318305000
1777318307.497,107.497,0.59,0.6,0.4,0.42,0.01,0.02,76624.39,1777318306000
1777318308.0,108.0,0.59,0.6,0.4,0.41,0.01,0.01,76624.39,1777318306000
1777318308.371,108.371,0.59,0.6,0.4,0.41,0.01,0.01,76624.39,1777318306000
1777318308.921,108.921,0.59,0.6,0.4,0.41,0.01,0.01,76628.56,1777318308000
1777318309.312,109.312,0.59,0.6,0.4,0.41,0.01,0.01,76628.56,1777318308000
1777318309.818,109.818,0.59,0.6,0.4,0.41,0.01,0.01,76628.56,1777318308000
1777318310.157,110.157,0.59,0.6,0.4,0.41,0.01,0.01,76629.75,1777318309000
1777318310.529,110.529,0.59,0.6,0.4,0.41,0.01,0.01,76629.75,1777318309000
1777318310.989,110.989,0.59,0.6,0.4,0.41,0.01,0.01,76629.75,1777318309000
1777318311.327,111.327,0.59,0.6,0.4,0.41,0.01,0.01,76629.7,1777318310000
1777318311.794,111.794,0.59,0.6,0.4,0.41,0.01,0.01,76629.7,1777318310000
1777318312.161,112.161,0.58,0.6,0.4,0.42,0.02,0.02,76630.22,1777318311000
1777318312.496,112.496,0.58,0.59,0.41,0.42,0.01,0.01,76630.22,1777318311000
1777318312.856,112.856,0.58,0.59,0.41,0.42,0.01,0.01,76630.22,1777318311000
1777318313.222,113.222,0.58,0.59,0.4,0.42,0.01,0.02,76630.26,1777318312000
1777318313.596,113.596,0.59,0.6,0.41,0.42,0.01,0.01,76630.26,1777318312000
1777318314.069,114.069,0.59,0.6,0.4,0.41,0.01,0.01,76630.26,1777318312000
1777318314.403,114.403,0.59,0.6,0.4,0.41,0.01,0.01,76630.38,1777318313000
1777318314.778,114.778,0.52,0.54,0.45,0.48,0.02,0.03,76630.38,1777318313000
1777318315.111,115.111,0.52,0.53,0.47,0.48,0.01,0.01,76631.32,1777318314000
1777318315.483,115.483,0.52,0.53,0.47,0.48,0.01,0.01,76631.32,1777318314000
1777318315.87,115.87,0.53,0.54,0.46,0.47,0.01,0.01,76631.32,1777318314000
1777318316.267,116.267,0.53,0.54,0.45,0.47,0.01,0.02,76631.43,1777318315000
1777318316.668,116.668,0.53,0.54,0.46,0.47,0.01,0.01,76631.43,1777318315000
1777318317.037,117.037,0.53,0.54,0.46,0.47,0.01,0.01,76631.43,1777318315000
1777318317.435,117.435,0.5,0.53,0.47,0.48,0.03,0.01,76620.87,1777318316000
1777318317.824,117.824,0.5,0.51,0.49,0.5,0.01,0.01,76620.87,1777318316000
1777318318.237,118.237,0.5,0.51,0.49,0.5,0.01,0.01,76620.87,1777318316000
1777318318.577,118.577,0.5,0.51,0.49,0.5,0.01,0.01,76620.38,1777318317000
1777318319.134,119.134,0.5,0.51,0.49,0.5,0.01,0.01,76616.66,1777318318000
1777318319.481,119.481,0.5,0.51,0.49,0.5,0.01,0.01,76616.66,1777318318000
1777318319.826,119.826,0.5,0.51,0.49,0.5,0.01,0.01,76616.66,1777318318000
1777318320.166,120.166,0.5,0.51,0.49,0.5,0.01,0.01,76619.14,1777318319000
1777318320.502,120.502,0.5,0.51,0.49,0.5,0.01,0.01,76619.14,1777318319000
1777318321.166,121.166,0.5,0.51,0.49,0.5,0.01,0.01,76619.14,1777318319000
1777318321.576,121.576,0.5,0.52,0.49,0.5,0.02,0.01,76619.14,1777318320000
1777318321.982,121.982,0.5,0.52,0.48,0.49,0.02,0.01,76619.14,1777318320000
1777318322.323,122.323,0.49,0.5,0.5,0.51,0.01,0.01,76618.86,1777318321000
1777318322.657,122.657,0.49,0.5,0.5,0.51,0.01,0.01,76618.86,1777318321000
1777318323.011,123.011,0.49,0.5,0.5,0.51,0.01,0.01,76618.86,1777318321000
1777318323.368,123.368,0.49,0.5,0.5,0.51,0.01,0.01,76619.74,1777318322000
1777318323.719,123.719,0.49,0.5,0.5,0.51,0.01,0.01,76619.74,1777318322000
1777318324.063,124.063,0.49,0.5,0.5,0.51,0.01,0.01,76619.74,1777318322000
1777318324.493,124.493,0.5,0.51,0.49,0.5,0.01,0.01,76616.5,1777318323000
1777318325.085,125.085,0.5,0.51,0.49,0.5,0.01,0.01,76616.5,1777318323000
1777318325.472,125.472,0.5,0.51,0.49,0.5,0.01,0.01,76617.78,1777318324000
1777318325.996,125.996,0.5,0.51,0.49,0.5,0.01,0.01,76617.78,1777318324000
1777318326.337,126.337,0.53,0.56,0.45,0.47,0.03,0.02,76618.68,1777318325000
1777318326.709,126.709,0.55,0.56,0.44,0.45,0.01,0.01,76618.68,1777318325000
1777318327.06,127.06,0.53,0.54,0.44,0.5,0.01,0.06,76618.68,1777318325000
1777318327.439,127.439,0.49,0.5,0.48,0.51,0.01,0.03,76618.68,1777318325000
1777318327.781,127.781,0.49,0.5,0.5,0.51,0.01,0.01,76618.68,1777318325000
1777318328.506,128.506,0.49,0.5,0.5,0.51,0.01,0.01,76619.05,1777318327000
1777318328.844,128.844,0.48,0.49,0.51,0.52,0.01,0.01,76619.05,1777318327000
1777318329.204,129.204,0.48,0.49,0.51,0.52,0.01,0.01,76619.05,1777318328000
1777318329.568,129.568,0.48,0.49,0.51,0.52,0.01,0.01,76619.05,1777318328000
1777318329.964,129.964,0.49,0.5,0.5,0.52,0.01,0.02,76619.05,1777318328000
1777318330.441,130.441,0.49,0.5,0.5,0.51,0.01,0.01,76615.71,1777318329000
1777318330.883,130.883,0.49,0.5,0.5,0.51,0.01,0.01,76615.71,1777318329000
1777318331.415,131.415,0.51,0.54,0.46,0.5,0.03,0.04,76615.79,1777318330000
1777318332.19,132.19,0.51,0.54,0.46,0.49,0.03,0.03,76617.81,1777318331000
1777318332.534,132.534,0.55,0.59,0.41,0.45,0.04,0.04,76617.81,1777318331000
1777318332.921,132.921,0.58,0.59,0.41,0.44,0.01,0.03,76617.81,1777318331000
1777318333.279,133.279,0.58,0.59,0.41,0.42,0.01,0.01,76617.81,1777318331000
1777318333.665,133.665,0.58,0.59,0.41,0.42,0.01,0.01,76623.11,1777318332000
1777318334.005,134.005,0.6,0.61,0.39,0.41,0.01,0.02,76627.36,1777318333000
1777318334.371,134.371,0.6,0.62,0.38,0.4,0.02,0.02,76627.36,1777318333000
1777318334.768,134.768,0.61,0.62,0.38,0.39,0.01,0.01,76627.36,1777318333000
1777318335.189,135.189,0.61,0.62,0.38,0.39,0.01,0.01,76629.19,1777318334000
1777318335.522,135.522,0.61,0.62,0.38,0.39,0.01,0.01,76629.19,1777318334000
1777318335.889,135.889,0.61,0.62,0.38,0.39,0.01,0.01,76629.19,1777318334000
1777318336.235,136.235,0.61,0.62,0.38,0.39,0.01,0.01,76629.19,1777318334000
1777318336.588,136.588,0.61,0.62,0.38,0.39,0.01,0.01,76635.03,1777318335000
1777318336.99,136.99,0.62,0.63,0.37,0.38,0.01,0.01,76635.23,1777318336000
1777318337.33,137.33,0.62,0.63,0.37,0.38,0.01,0.01,76635.23,1777318336000
1777318337.704,137.704,0.62,0.63,0.37,0.38,0.01,0.01,76635.23,1777318336000
1777318338.057,138.057,0.62,0.63,0.37,0.38,0.01,0.01,76634.95,1777318337000
1777318338.398,138.398,0.63,0.64,0.36,0.38,0.01,0.02,76634.95,1777318337000
1777318339.273,139.273,0.63,0.64,0.36,0.37,0.01,0.01,76635.17,1777318338000
1777318339.662,139.662,0.63,0.64,0.36,0.37,0.01,0.01,76635.17,1777318338000
1777318340.044,140.044,0.62,0.64,0.36,0.38,0.02,0.02,76635.17,1777318338000
1777318340.532,140.532,0.58,0.61,0.39,0.41,0.03,0.02,76635.43,1777318339000
1777318340.941,140.941,0.58,0.59,0.41,0.42,0.01,0.01,76635.43,1777318339000
1777318341.397,141.397,0.58,0.59,0.41,0.42,0.01,0.01,76630.96,1777318340000
1777318341.775,141.775,0.58,0.59,0.41,0.42,0.01,0.01,76630.96,1777318340000
1777318342.125,142.125,0.56,0.58,0.41,0.43,0.02,0.02,76630.96,1777318340000
1777318342.507,142.507,0.54,0.57,0.43,0.44,0.03,0.01,76624.76,1777318341000
1777318342.848,142.848,0.55,0.56,0.44,0.45,0.01,0.01,76624.76,1777318341000
1777318343.361,143.361,0.55,0.56,0.44,0.45,0.01,0.01,76624.76,1777318341000
1777318343.781,143.781,0.55,0.56,0.44,0.45,0.01,0.01,76626.52,1777318342000
1777318344.22,144.22,0.55,0.56,0.44,0.45,0.01,0.01,76626.52,1777318342000
1777318344.591,144.591,0.55,0.56,0.44,0.45,0.01,0.01,76626.52,1777318343000
1777318345.341,145.341,0.55,0.56,0.44,0.45,0.01,0.01,76626.41,1777318344000
1777318345.678,145.678,0.55,0.56,0.44,0.45,0.01,0.01,76626.41,1777318344000
1777318346.72,146.72,0.55,0.56,0.44,0.45,0.01,0.01,76626.76,1777318345000
1777318347.227,147.227,0.55,0.56,0.44,0.45,0.01,0.01,76626.76,1777318345000
1777318347.597,147.597,0.55,0.56,0.44,0.45,0.01,0.01,76626.78,1777318346000
1777318348.264,148.264,0.57,0.58,0.42,0.43,0.01,0.01,76626.78,1777318346000
1777318348.786,148.786,0.57,0.58,0.42,0.43,0.01,0.01,76628.67,1777318347000
1777318349.173,149.173,0.57,0.59,0.42,0.43,0.02,0.01,76628.67,1777318347000
1777318349.723,149.723,0.59,0.6,0.4,0.41,0.01,0.01,76628.67,1777318347000
1777318350.098,150.098,0.59,0.61,0.4,0.41,0.02,0.01,76630.13,1777318348000
1777318350.515,150.515,0.6,0.61,0.39,0.4,0.01,0.01,76630.13,1777318348000
1777318351.266,151.266,0.6,0.61,0.39,0.4,0.01,0.01,76631.73,1777318349000
1777318351.654,151.654,0.6,0.61,0.39,0.4,0.01,0.01,76631.74,1777318350000
1777318352.035,152.035,0.53,0.54,0.44,0.48,0.01,0.04,76631.74,1777318350000
1777318352.562,152.562,0.52,0.54,0.46,0.47,0.02,0.01,76631.82,1777318351000
1777318352.903,152.903,0.51,0.52,0.47,0.5,0.01,0.03,76631.82,1777318351000
1777318353.832,153.832,0.51,0.52,0.48,0.49,0.01,0.01,76631.82,1777318351000
1777318354.242,154.242,0.51,0.52,0.48,0.49,0.01,0.01,76628.53,1777318352000
1777318354.688,154.688,0.51,0.52,0.48,0.49,0.01,0.01,76621.9,1777318353000
1777318355.207,155.207,0.51,0.52,0.48,0.49,0.01,0.01,76621.9,1777318353000
1777318355.608,155.608,0.51,0.52,0.48,0.49,0.01,0.01,76621.9,1777318353000
1777318356.005,156.005,0.51,0.52,0.48,0.49,0.01,0.01,76621.22,1777318354000
1777318356.377,156.377,0.51,0.52,0.48,0.49,0.01,0.01,76621.43,1777318355000
1777318356.733,156.733,0.5,0.51,0.48,0.49,0.01,0.01,76621.43,1777318355000
1777318357.099,157.099,0.5,0.51,0.49,0.5,0.01,0.01,76621.43,1777318355000
1777318357.458,157.458,0.5,0.51,0.49,0.5,0.01,0.01,76622.17,1777318356000
1777318357.931,157.931,0.5,0.52,0.49,0.5,0.02,0.01,76622.17,1777318356000
1777318358.562,158.562,0.56,0.57,0.48,0.49,0.01,0.01,76622.17,1777318356000
1777318358.945,158.945,0.56,0.57,0.43,0.44,0.01,0.01,76620.8,1777318357000
1777318359.419,159.419,0.56,0.57,0.43,0.44,0.01,0.01,76620.8,1777318357000
1777318359.831,159.831,0.57,0.58,0.42,0.43,0.01,0.01,76622.35,1777318358000
1777318360.316,160.316,0.57,0.58,0.42,0.43,0.01,0.01,76622.76,1777318359000
1777318360.97,160.97,0.57,0.58,0.42,0.43,0.01,0.01,76622.76,1777318359000
1777318361.435,161.435,0.56,0.57,0.43,0.44,0.01,0.01,76622.76,1777318359000
1777318361.888,161.888,0.56,0.57,0.43,0.44,0.01,0.01,76627.79,1777318360000
1777318362.254,162.254,0.56,0.57,0.43,0.44,0.01,0.01,76627.79,1777318360000
1777318362.653,162.653,0.59,0.6,0.4,0.41,0.01,0.01,76627.79,1777318360000
1777318363.022,163.022,0.61,0.62,0.38,0.4,0.01,0.02,76627.89,1777318361000
1777318363.485,163.485,0.62,0.63,0.38,0.39,0.01,0.01,76627.89,1777318361000
1777318363.849,163.849,0.62,0.63,0.37,0.38,0.01,0.01,76628.15,1777318362000
1777318364.29,164.29,0.62,0.63,0.37,0.38,0.01,0.01,76629.64,1777318363000
1777318364.866,164.866,0.62,0.63,0.37,0.38,0.01,0.01,76629.64,1777318363000
1777318365.264,165.264,0.62,0.63,0.37,0.38,0.01,0.01,76629.64,1777318363000
1777318365.697,165.697,0.62,0.63,0.37,0.38,0.01,0.01,76632.16,1777318364000
1777318366.091,166.091,0.61,0.62,0.38,0.39,0.01,0.01,76632.16,1777318364000
1777318366.611,166.611,0.61,0.62,0.38,0.39,0.01,0.01,76633.53,1777318365000
1777318367.136,167.136,0.61,0.62,0.38,0.39,0.01,0.01,76633.53,1777318365000
1777318367.49,167.49,0.61,0.62,0.38,0.39,0.01,0.01,76633.53,1777318365000
1777318367.845,167.845,0.61,0.62,0.38,0.39,0.01,0.01,76632.26,1777318366000
1777318368.213,168.213,0.61,0.62,0.38,0.39,0.01,0.01,76632.26,1777318366000
1777318368.579,168.579,0.61,0.62,0.38,0.39,0.01,0.01,76631.12,1777318367000
1777318369.168,169.168,0.61,0.62,0.38,0.39,0.01,0.01,76631.12,1777318368000
1777318369.646,169.646,0.61,0.62,0.38,0.39,0.01,0.01,76631.12,1777318368000
1777318370.002,170.002,0.5,0.54,0.46,0.5,0.04,0.04,76631.12,1777318368000
1777318370.466,170.466,0.52,0.53,0.47,0.48,0.01,0.01,76631.12,1777318368000
1777318370.937,170.937,0.52,0.53,0.47,0.48,0.01,0.01,76630.82,1777318369000
1777318371.449,171.449,0.52,0.53,0.47,0.48,0.01,0.01,76628.41,1777318370000
1777318372.424,172.424,0.52,0.53,0.47,0.48,0.01,0.01,76622.04,1777318371000
1777318372.773,172.773,0.38,0.49,0.6,0.62,0.11,0.02,76622.04,1777318371000
1777318373.122,173.122,0.36,0.37,0.63,0.64,0.01,0.01,76622.04,1777318371000
1777318373.502,173.502,0.36,0.37,0.63,0.64,0.01,0.01,76619.38,1777318372000
1777318373.846,173.846,0.36,0.37,0.63,0.64,0.01,0.01,76619.38,1777318372000
1777318374.258,174.258,0.35,0.36,0.63,0.65,0.01,0.02,76619.38,1777318372000
1777318374.684,174.684,0.33,0.34,0.66,0.67,0.01,0.01,76609.14,1777318373000
1777318375.032,175.032,0.33,0.34,0.66,0.67,0.01,0.01,76609.14,1777318373000
1777318375.558,175.558,0.33,0.34,0.66,0.67,0.01,0.01,76598.14,1777318374000
1777318375.914,175.914,0.32,0.34,0.66,0.68,0.02,0.02,76598.14,1777318374000
1777318376.273,176.273,0.32,0.33,0.67,0.68,0.01,0.01,76598.14,1777318374000
1777318376.682,176.682,0.32,0.33,0.67,0.68,0.01,0.01,76594.56,1777318375000
1777318377.055,177.055,0.32,0.33,0.67,0.68,0.01,0.01,76594.56,1777318375000
1777318377.59,177.59,0.32,0.33,0.67,0.68,0.01,0.01,76594.56,1777318376000
1777318377.93,177.93,0.32,0.33,0.67,0.68,0.01,0.01,76594.56,1777318376000
1777318378.494,178.494,0.32,0.33,0.67,0.68,0.01,0.01,76594.35,1777318377000
1777318379.019,179.019,0.32,0.33,0.67,0.68,0.01,0.01,76594.35,1777318377000
1777318379.372,179.372,0.33,0.34,0.66,0.67,0.01,0.01,76594.56,1777318378000
1777318379.822,179.822,0.34,0.35,0.65,0.66,0.01,0.01,76594.56,1777318378000
1777318380.161,180.161,0.33,0.34,0.66,0.67,0.01,0.01,76594.56,1777318378000
1777318380.575,180.575,0.32,0.33,0.66,0.68,0.01,0.02,76594.56,1777318378000
1777318381.051,181.051,0.32,0.33,0.67,0.68,0.01,0.01,76594.56,1777318378000
1777318381.408,181.408,0.33,0.39,0.61,0.67,0.06,0.06,76594.37,1777318380000
1777318381.758,181.758,0.41,0.45,0.55,0.6,0.04,0.05,76594.37,1777318380000
1777318382.136,182.136,0.44,0.45,0.55,0.56,0.01,0.01,76594.37,1777318380000
1777318382.472,182.472,0.44,0.45,0.55,0.56,0.01,0.01,76593.43,1777318381000
1777318382.85,182.85,0.43,0.44,0.56,0.57,0.01,0.01,76593.43,1777318381000
1777318383.188,183.188,0.43,0.44,0.56,0.57,0.01,0.01,76597.89,1777318382000
1777318383.603,183.603,0.41,0.42,0.58,0.59,0.01,0.01,76597.89,1777318382000
1777318383.965,183.965,0.4,0.41,0.59,0.6,0.01,0.01,76597.89,1777318382000
1777318384.361,184.361,0.4,0.41,0.59,0.6,0.01,0.01,76604.11,1777318383000
1777318384.799,184.799,0.4,0.41,0.59,0.6,0.01,0.01,76604.11,1777318383000
1777318385.187,185.187,0.34,0.37,0.63,0.66,0.03,0.03,76604.11,1777318383000
1777318385.527,185.527,0.33,0.37,0.63,0.66,0.04,0.03,76603.63,1777318384000
1777318386.043,186.043,0.33,0.34,0.65,0.68,0.01,0.03,76603.63,1777318384000
1777318386.471,186.471,0.33,0.34,0.66,0.67,0.01,0.01,76602.6,1777318385000
1777318387.017,187.017,0.33,0.34,0.66,0.67,0.01,0.01,76597.36,1777318386000
1777318387.741,187.741,0.33,0.34,0.66,0.67,0.01,0.01,76597.36,1777318386000
1777318388.076,188.076,0.33,0.34,0.66,0.67,0.01,0.01,76597.36,1777318386000
1777318388.43,188.43,0.2,0.27,0.75,0.77,0.07,0.02,76589.16,1777318387000
1777318388.78,188.78,0.24,0.28,0.72,0.74,0.04,0.02,76589.16,1777318387000
1777318389.242,189.242,0.25,0.26,0.74,0.75,0.01,0.01,76589.16,1777318387000
1777318389.711,189.711,0.2,0.24,0.74,0.8,0.04,0.06,76581.1,1777318388000
1777318390.075,190.075,0.21,0.22,0.78,0.8,0.01,0.02,76573.58,1777318389000
1777318390.446,190.446,0.21,0.22,0.78,0.79,0.01,0.01,76573.58,1777318389000
1777318390.85,190.85,0.21,0.22,0.78,0.79,0.01,0.01,76573.58,1777318389000
1777318391.246,191.246,0.15,0.16,0.84,0.85,0.01,0.01,76571.29,1777318390000
1777318391.603,191.603,0.15,0.16,0.84,0.85,0.01,0.01,76571.29,1777318390000
1777318392.106,192.106,0.15,0.16,0.84,0.85,0.01,0.01,76571.29,1777318390000
1777318392.534,192.534,0.15,0.16,0.84,0.85,0.01,0.01,76567.33,1777318391000
1777318392.868,192.868,0.15,0.16,0.84,0.85,0.01,0.01,76567.33,1777318391000
1777318393.22,193.22,0.15,0.17,0.84,0.85,0.02,0.01,76567.33,1777318391000
1777318393.754,193.754,0.15,0.16,0.84,0.85,0.01,0.01,76556.0,1777318392000
1777318394.168,194.168,0.15,0.16,0.84,0.85,0.01,0.01,76555.51,1777318393000
1777318394.532,194.532,0.15,0.17,0.83,0.85,0.02,0.02,76555.51,1777318393000
1777318394.871,194.871,0.18,0.2,0.8,0.82,0.02,0.02,76555.51,1777318393000
1777318395.263,195.263,0.18,0.19,0.81,0.84,0.01,0.03,76556.17,1777318394000
1777318395.67,195.67,0.18,0.19,0.81,0.82,0.01,0.01,76556.17,1777318394000
1777318396.034,196.034,0.18,0.19,0.81,0.82,0.01,0.01,76556.17,1777318394000
1777318396.47,196.47,0.18,0.19,0.81,0.82,0.01,0.01,76556.17,1777318394000
1777318396.905,196.905,0.18,0.19,0.81,0.82,0.01,0.01,76563.51,1777318395000
1777318397.269,197.269,0.16,0.19,0.81,0.82,0.03,0.01,76564.39,1777318396000
1777318397.7,197.7,0.16,0.17,0.83,0.84,0.01,0.01,76564.39,1777318396000
1777318398.059,198.059,0.16,0.17,0.83,0.84,0.01,0.01,76564.39,1777318396000
1777318398.405,198.405,0.16,0.17,0.83,0.84,0.01,0.01,76564.13,1777318397000
1777318399.129,199.129,0.16,0.17,0.83,0.84,0.01,0.01,76561.9,1777318398000
1777318399.611,199.611,0.16,0.17,0.83,0.84,0.01,0.01,76561.9,1777318398000
1777318400.181,200.181,0.16,0.17,0.83,0.84,0.01,0.01,76561.9,1777318399000
1777318400.534,200.534,0.17,0.18,0.82,0.84,0.01,0.02,76561.9,1777318399000
1777318400.886,200.886,0.17,0.18,0.82,0.83,0.01,0.01,76561.9,1777318399000
1777318401.273,201.273,0.16,0.17,0.82,0.84,0.01,0.02,76563.52,1777318400000
1777318401.669,201.669,0.15,0.16,0.84,0.85,0.01,0.01,76563.52,1777318400000
1777318402.124,202.124,0.15,0.16,0.84,0.85,0.01,0.01,76564.02,1777318401000
1777318403.13,203.13,0.15,0.16,0.84,0.85,0.01,0.01,76562.31,1777318402000
1777318403.463,203.463,0.15,0.19,0.81,0.85,0.04,0.04,76562.31,1777318402000
1777318403.838,203.838,0.18,0.19,0.81,0.82,0.01,0.01,76562.31,1777318402000
1777318404.224,204.224,0.18,0.19,0.81,0.82,0.01,0.01,76564.62,1777318403000
1777318404.614,204.614,0.18,0.19,0.81,0.82,0.01,0.01,76564.62,1777318403000
1777318405.078,205.078,0.16,0.18,0.82,0.83,0.02,0.01,76564.62,1777318403000
1777318405.734,205.734,0.16,0.17,0.83,0.84,0.01,0.01,76565.09,1777318404000
1777318406.256,206.256,0.16,0.17,0.83,0.84,0.01,0.01,76564.61,1777318405000
1777318406.629,206.629,0.16,0.17,0.83,0.84,0.01,0.01,76564.61,1777318405000
1777318407.13,207.13,0.16,0.17,0.82,0.84,0.01,0.02,76564.61,1777318405000
1777318407.764,207.764,0.17,0.18,0.83,0.84,0.01,0.01,76564.62,1777318406000
1777318408.11,208.11,0.14,0.18,0.82,0.86,0.04,0.04,76564.62,1777318406000
1777318408.497,208.497,0.15,0.16,0.84,0.85,0.01,0.01,76565.23,1777318407000
1777318408.842,208.842,0.13,0.14,0.86,0.87,0.01,0.01,76565.23,1777318407000
1777318409.19,209.19,0.12,0.13,0.87,0.88,0.01,0.01,76565.23,1777318407000
1777318409.572,209.572,0.11,0.12,0.87,0.89,0.01,0.02,76565.23,1777318407000
1777318409.948,209.948,0.11,0.12,0.88,0.89,0.01,0.01,76565.72,1777318408000
1777318410.397,210.397,0.11,0.12,0.88,0.89,0.01,0.01,76564.98,1777318409000
1777318410.8,210.8,0.11,0.12,0.88,0.89,0.01,0.01,76564.98,1777318409000
1777318411.189,211.189,0.11,0.13,0.88,0.89,0.02,0.01,76564.98,1777318409000
1777318411.529,211.529,0.15,0.21,0.79,0.85,0.06,0.06,76562.23,1777318410000
1777318411.971,211.971,0.19,0.2,0.8,0.81,0.01,0.01,76562.23,1777318410000
1777318412.31,212.31,0.19,0.2,0.8,0.81,0.01,0.01,76562.23,1777318410000
1777318412.743,212.743,0.19,0.21,0.8,0.81,0.02,0.01,76561.75,1777318411000
1777318413.149,213.149,0.2,0.21,0.79,0.8,0.01,0.01,76565.91,1777318412000
1777318413.523,213.523,0.2,0.21,0.79,0.8,0.01,0.01,76565.91,1777318412000
1777318413.909,213.909,0.2,0.21,0.79,0.8,0.01,0.01,76565.91,1777318412000
1777318414.292,214.292,0.2,0.21,0.79,0.8,0.01,0.01,76570.71,1777318413000
1777318414.635,214.635,0.17,0.18,0.79,0.8,0.01,0.01,76570.71,1777318413000
1777318414.985,214.985,0.13,0.16,0.83,0.85,0.03,0.02,76570.71,1777318413000
1777318415.319,215.319,0.12,0.14,0.85,0.86,0.02,0.01,76572.63,1777318414000
1777318415.733,215.733,0.11,0.13,0.87,0.88,0.02,0.01,76572.63,1777318414000
1777318416.278,216.278,0.1,0.11,0.89,0.9,0.01,0.01,76572.63,1777318414000
1777318416.7,216.7,0.1,0.11,0.89,0.9,0.01,0.01,76572.99,1777318415000
1777318417.041,217.041,0.1,0.11,0.89,0.9,0.01,0.01,76572.99,1777318415000
1777318417.414,217.414,0.1,0.11,0.89,0.9,0.01,0.01,76567.31,1777318416000
1777318417.769,217.769,0.1,0.11,0.89,0.9,0.01,0.01,76567.31,1777318416000
1777318418.151,218.151,0.1,0.11,0.89,0.9,0.01,0.01,76567.31,1777318416000
1777318418.5,218.5,0.1,0.11,0.89,0.9,0.01,0.01,76562.96,1777318417000
1777318418.913,218.913,0.11,0.12,0.88,0.89,0.01,0.01,76562.96,1777318417000
1777318419.281,219.281,0.11,0.12,0.88,0.89,0.01,0.01,76562.96,1777318417000
1777318419.615,219.615,0.11,0.12,0.88,0.89,0.01,0.01,76562.01,1777318418000
1777318419.98,219.98,0.11,0.12,0.88,0.89,0.01,0.01,76562.35,1777318419000
1777318420.713,220.713,0.1,0.11,0.88,0.89,0.01,0.01,76562.35,1777318419000
1777318421.079,221.079,0.11,0.12,0.89,0.9,0.01,0.01,76562.35,1777318419000
1777318421.474,221.474,0.14,0.15,0.85,0.87,0.01,0.02,76563.86,1777318420000
1777318421.811,221.811,0.14,0.15,0.85,0.86,0.01,0.01,76563.86,1777318420000
1777318422.161,222.161,0.14,0.15,0.85,0.86,0.01,0.01,76563.86,1777318420000
1777318422.604,222.604,0.14,0.15,0.85,0.86,0.01,0.01,76563.82,1777318421000
1777318423.025,223.025,0.14,0.15,0.85,0.86,0.01,0.01,76566.57,1777318422000
1777318423.795,223.795,0.14,0.15,0.85,0.86,0.01,0.01,76566.57,1777318422000
1777318424.345,224.345,0.14,0.15,0.85,0.86,0.01,0.01,76566.57,1777318422000
1777318424.721,224.721,0.14,0.15,0.85,0.86,0.01,0.01,76566.55,1777318423000
1777318425.077,225.077,0.1,0.11,0.89,0.9,0.01,0.01,76566.55,1777318423000
1777318425.458,225.458,0.09,0.1,0.9,0.91,0.01,0.01,76566.35,1777318424000
1777318425.84,225.84,0.08,0.1,0.9,0.91,0.02,0.01,76566.35,1777318424000
1777318426.216,226.216,0.07,0.09,0.91,0.92,0.02,0.01,76566.35,1777318424000
1777318426.569,226.569,0.07,0.08,0.92,0.93,0.01,0.01,76566.5,1777318425000
1777318426.935,226.935,0.07,0.08,0.92,0.93,0.01,0.01,76566.5,1777318425000
1777318427.294,227.294,0.07,0.08,0.92,0.93,0.01,0.01,76559.68,1777318426000
1777318428.004,228.004,0.08,0.09,0.9,0.91,0.01,0.01,76559.68,1777318426000
1777318428.545,228.545,0.07,0.1,0.91,0.93,0.03,0.02,76555.48,1777318427000
1777318428.914,228.914,0.09,0.1,0.9,0.91,0.01,0.01,76555.48,1777318427000
1777318429.441,229.441,0.08,0.09,0.9,0.92,0.01,0.02,76555.48,1777318427000
1777318429.792,229.792,0.08,0.09,0.91,0.92,0.01,0.01,76557.24,1777318428000
1777318430.146,230.146,0.08,0.09,0.91,0.92,0.01,0.01,76558.85,1777318429000
1777318430.523,230.523,0.08,0.09,0.91,0.92,0.01,0.01,76558.85,1777318429000
1777318430.899,230.899,0.08,0.1,0.91,0.92,0.02,0.01,76558.85,1777318429000
1777318431.289,231.289,0.09,0.1,0.9,0.91,0.01,0.01,76558.85,1777318429000
1777318431.953,231.953,0.09,0.1,0.9,0.91,0.01,0.01,76561.36,1777318430000
1777318432.376,232.376,0.09,0.1,0.9,0.91,0.01,0.01,76561.36,1777318430000
1777318432.717,232.717,0.25,0.29,0.71,0.75,0.04,0.04,76564.29,1777318431000
1777318433.062,233.062,0.25,0.3,0.7,0.75,0.05,0.05,76565.65,1777318432000
1777318433.569,233.569,0.26,0.32,0.68,0.74,0.06,0.06,76565.65,1777318432000
1777318433.975,233.975,0.26,0.34,0.66,0.74,0.08,0.08,76565.65,1777318432000
1777318434.309,234.309,0.28,0.36,0.64,0.72,0.08,0.08,76609.1,1777318433000
1777318434.656,234.656,0.44,0.47,0.52,0.61,0.03,0.09,76609.1,1777318433000
1777318434.992,234.992,0.44,0.45,0.55,0.56,0.01,0.01,76609.1,1777318433000
1777318435.335,235.335,0.44,0.45,0.55,0.56,0.01,0.01,76609.1,1777318433000
1777318435.669,235.669,0.36,0.41,0.59,0.64,0.05,0.05,76615.22,1777318434000
1777318436.022,236.022,0.33,0.34,0.66,0.67,0.01,0.01,76615.22,1777318434000
1777318436.377,236.377,0.33,0.34,0.66,0.67,0.01,0.01,76615.82,1777318435000
1777318436.713,236.713,0.3,0.34,0.66,0.67,0.04,0.01,76615.82,1777318435000
1777318437.101,237.101,0.33,0.34,0.66,0.68,0.01,0.02,76615.82,1777318435000
1777318437.457,237.457,0.3,0.32,0.68,0.7,0.02,0.02,76615.82,1777318435000
1777318437.855,237.855,0.25,0.26,0.72,0.75,0.01,0.03,76604.79,1777318436000
1777318438.197,238.197,0.23,0.26,0.74,0.75,0.03,0.01,76601.89,1777318437000
1777318438.551,238.551,0.24,0.25,0.75,0.76,0.01,0.01,76601.89,1777318437000
1777318438.884,238.884,0.24,0.25,0.75,0.76,0.01,0.01,76601.89,1777318437000
1777318439.223,239.223,0.24,0.25,0.75,0.76,0.01,0.01,76601.89,1777318437000
1777318439.572,239.572,0.24,0.26,0.75,0.76,0.02,0.01,76601.89,1777318437000
1777318439.932,239.932,0.25,0.26,0.73,0.75,0.01,0.02,76595.61,1777318438000
1777318440.37,240.37,0.25,0.26,0.74,0.75,0.01,0.01,76595.2,1777318439000
1777318441.18,241.18,0.25,0.26,0.74,0.75,0.01,0.01,76595.16,1777318440000
1777318441.562,241.562,0.25,0.26,0.74,0.75,0.01,0.01,76595.16,1777318440000
1777318441.988,241.988,0.25,0.26,0.74,0.75,0.01,0.01,76595.16,1777318440000
1777318442.472,242.472,0.25,0.26,0.74,0.75,0.01,0.01,76594.78,1777318441000
1777318442.835,242.835,0.2,0.26,0.74,0.78,0.06,0.04,76594.78,1777318441000
1777318443.302,243.302,0.19,0.2,0.8,0.82,0.01,0.02,76588.47,1777318442000
1777318443.77,243.77,0.18,0.19,0.81,0.82,0.01,0.01,76588.47,1777318442000
1777318444.152,244.152,0.15,0.16,0.84,0.85,0.01,0.01,76583.36,1777318443000
1777318444.55,244.55,0.12,0.13,0.84,0.85,0.01,0.01,76583.36,1777318443000
1777318444.929,244.929,0.12,0.13,0.87,0.88,0.01,0.01,76583.36,1777318443000
1777318445.367,245.367,0.09,0.11,0.88,0.91,0.02,0.03,76579.01,1777318444000
1777318445.778,245.778,0.1,0.11,0.89,0.9,0.01,0.01,76579.01,1777318444000
1777318446.211,246.211,0.1,0.11,0.89,0.9,0.01,0.01,76579.01,1777318444000
1777318446.562,246.562,0.13,0.14,0.86,0.87,0.01,0.01,76571.0,1777318445000
1777318446.898,246.898,0.14,0.15,0.86,0.87,0.01,0.01,76571.0,1777318445000
1777318447.239,247.239,0.16,0.18,0.85,0.86,0.02,0.01,76569.93,1777318446000
1777318447.613,247.613,0.17,0.18,0.82,0.86,0.01,0.04,76569.93,1777318446000
1777318448.039,248.039,0.17,0.18,0.82,0.83,0.01,0.01,76571.6,1777318447000
1777318448.41,248.41,0.17,0.18,0.82,0.83,0.01,0.01,76571.6,1777318447000
1777318448.746,248.746,0.17,0.18,0.82,0.83,0.01,0.01,76571.6,1777318447000
1777318449.142,249.142,0.17,0.18,0.82,0.83,0.01,0.01,76571.6,1777318447000
1777318449.547,249.547,0.17,0.18,0.82,0.83,0.01,0.01,76573.62,1777318448000
1777318450.051,250.051,0.24,0.25,0.75,0.76,0.01,0.01,76573.81,1777318449000
1777318450.402,250.402,0.24,0.25,0.75,0.76,0.01,0.01,76573.81,1777318449000
1777318450.818,250.818,0.22,0.23,0.76,0.77,0.01,0.01,76573.81,1777318449000
1777318451.217,251.217,0.2,0.21,0.78,0.79,0.01,0.01,76579.8,1777318450000
1777318451.555,251.555,0.2,0.21,0.79,0.8,0.01,0.01,76579.8,1777318450000
1777318451.902,251.902,0.09,0.12,0.89,0.91,0.03,0.02,76579.8,1777318450000
1777318452.243,252.243,0.11,0.13,0.88,0.89,0.02,0.01,76582.4,1777318451000
1777318452.625,252.625,0.13,0.14,0.87,0.88,0.01,0.01,76582.4,1777318451000
1777318453.057,253.057,0.13,0.14,0.86,0.87,0.01,0.01,76582.45,1777318452000
1777318453.504,253.504,0.14,0.17,0.86,0.87,0.03,0.01,76582.45,1777318452000
1777318453.922,253.922,0.21,0.22,0.77,0.82,0.01,0.05,76582.45,1777318452000
1777318454.71,254.71,0.27,0.28,0.75,0.76,0.01,0.01,76576.01,1777318453000
1777318455.169,255.169,0.2,0.21,0.78,0.8,0.01,0.02,76576.01,1777318453000
1777318455.945,255.945,0.2,0.21,0.79,0.8,0.01,0.01,76576.01,1777318453000
1777318456.284,256.284,0.18,0.21,0.79,0.8,0.03,0.01,76587.91,1777318455000
1777318456.678,256.678,0.17,0.21,0.79,0.82,0.04,0.03,76587.91,1777318455000
1777318457.202,257.202,0.14,0.16,0.79,0.85,0.02,0.06,76587.91,1777318455000
1777318457.539,257.539,0.14,0.16,0.85,0.86,0.02,0.01,76586.31,1777318456000
1777318457.881,257.881,0.14,0.15,0.84,0.85,0.01,0.01,76586.31,1777318456000
1777318458.243,258.243,0.14,0.15,0.85,0.86,0.01,0.01,76586.31,1777318456000
1777318458.698,258.698,0.17,0.18,0.82,0.83,0.01,0.01,76586.31,1777318456000
1777318459.087,259.087,0.19,0.22,0.78,0.81,0.03,0.03,76583.06,1777318458000
1777318459.743,259.743,0.19,0.22,0.78,0.79,0.03,0.01,76583.06,1777318458000
1777318460.104,260.104,0.15,0.16,0.84,0.85,0.01,0.01,76583.06,1777318458000
1777318460.441,260.441,0.14,0.15,0.84,0.86,0.01,0.02,76583.06,1777318458000
1777318460.965,260.965,0.14,0.15,0.85,0.86,0.01,0.01,76585.76,1777318459000
1777318461.496,261.496,0.14,0.15,0.85,0.86,0.01,0.01,76587.48,1777318460000
1777318462.124,262.124,0.1,0.11,0.88,0.89,0.01,0.01,76587.48,1777318460000
1777318462.47,262.47,0.09,0.1,0.9,0.91,0.01,0.01,76583.03,1777318461000
1777318462.895,262.895,0.08,0.09,0.91,0.92,0.01,0.01,76583.03,1777318461000
1777318463.536,263.536,0.08,0.09,0.91,0.92,0.01,0.01,76582.97,1777318462000
1777318463.887,263.887,0.09,0.1,0.9,0.91,0.01,0.01,76582.97,1777318462000
1777318464.263,264.263,0.11,0.12,0.88,0.9,0.01,0.02,76582.97,1777318462000
1777318464.688,264.688,0.1,0.12,0.88,0.89,0.02,0.01,76577.5,1777318463000
1777318465.048,265.048,0.07,0.09,0.89,0.93,0.02,0.04,76577.5,1777318463000
1777318465.499,265.499,0.06,0.07,0.93,0.94,0.01,0.01,76577.32,1777318464000
1777318465.996,265.996,0.06,0.07,0.93,0.94,0.01,0.01,76577.32,1777318464000
1777318466.455,266.455,0.06,0.07,0.93,0.94,0.01,0.01,76577.32,1777318464000
1777318466.846,266.846,0.05,0.06,0.94,0.95,0.01,0.01,76579.2,1777318465000
1777318467.226,267.226,0.04,0.05,0.95,0.96,0.01,0.01,76574.52,1777318466000
1777318467.573,267.573,0.03,0.04,0.95,0.97,0.01,0.02,76574.52,1777318466000
1777318467.928,267.928,0.03,0.04,0.96,0.97,0.01,0.01,76574.52,1777318466000
1777318468.264,268.264,0.03,0.04,0.96,0.97,0.01,0.01,76574.52,1777318466000
1777318468.604,268.604,0.03,0.04,0.96,0.97,0.01,0.01,76564.76,1777318467000
1777318469.03,269.03,0.03,0.04,0.96,0.97,0.01,0.01,76564.76,1777318467000
1777318469.585,269.585,0.03,0.04,0.96,0.97,0.01,0.01,76559.84,1777318468000
1777318470.314,270.314,0.03,0.04,0.96,0.97,0.01,0.01,76559.84,1777318468000
1777318470.767,270.767,0.04,0.05,0.95,0.97,0.01,0.02,76559.84,1777318468000
1777318471.152,271.152,0.04,0.05,0.95,0.96,0.01,0.01,76560.21,1777318470000
1777318471.59,271.59,0.04,0.05,0.95,0.96,0.01,0.01,76560.21,1777318470000
1777318471.986,271.986,0.04,0.06,0.94,0.96,0.02,0.02,76560.21,1777318470000
1777318472.39,272.39,0.08,0.09,0.91,0.92,0.01,0.01,76564.19,1777318471000
1777318472.763,272.763,0.08,0.09,0.91,0.92,0.01,0.01,76564.19,1777318471000
1777318473.151,273.151,0.08,0.09,0.91,0.92,0.01,0.01,76568.53,1777318472000
1777318473.537,273.537,0.1,0.11,0.9,0.91,0.01,0.01,76568.53,1777318472000
1777318473.878,273.878,0.1,0.11,0.89,0.9,0.01,0.01,76568.53,1777318472000
1777318474.286,274.286,0.1,0.11,0.89,0.9,0.01,0.01,76572.02,1777318473000
1777318474.713,274.713,0.06,0.07,0.92,0.93,0.01,0.01,76572.02,1777318473000
1777318475.115,275.115,0.03,0.04,0.96,0.97,0.01,0.01,76576.18,1777318474000
1777318475.458,275.458,0.03,0.04,0.96,0.97,0.01,0.01,76576.18,1777318474000
1777318475.839,275.839,0.03,0.04,0.96,0.97,0.01,0.01,76576.18,1777318474000
1777318476.184,276.184,0.03,0.04,0.96,0.97,0.01,0.01,76577.63,1777318475000
1777318476.531,276.531,0.03,0.04,0.96,0.97,0.01,0.01,76577.63,1777318475000
1777318476.912,276.912,0.03,0.04,0.96,0.97,0.01,0.01,76577.63,1777318475000
1777318477.26,277.26,0.03,0.04,0.96,0.97,0.01,0.01,76572.63,1777318476000
1777318477.755,277.755,0.03,0.04,0.96,0.97,0.01,0.01,76572.63,1777318476000
1777318478.191,278.191,0.03,0.04,0.96,0.97,0.01,0.01,76572.63,1777318476000
1777318478.592,278.592,0.03,0.04,0.96,0.97,0.01,0.01,76572.12,1777318477000
1777318479.034,279.034,0.03,0.04,0.96,0.97,0.01,0.01,76572.12,1777318477000
1777318479.391,279.391,0.03,0.04,0.96,0.97,0.01,0.01,76572.12,1777318477000
1777318479.904,279.904,0.03,0.04,0.96,0.97,0.01,0.01,76573.24,1777318479000
1777318480.355,280.355,0.03,0.04,0.96,0.97,0.01,0.01,76573.24,1777318479000
1777318480.71,280.71,0.03,0.04,0.96,0.97,0.01,0.01,76573.24,1777318479000
1777318481.255,281.255,0.02,0.03,0.96,0.98,0.01,0.02,76571.62,1777318480000
1777318481.748,281.748,0.02,0.03,0.97,0.98,0.01,0.01,76571.62,1777318480000
1777318482.142,282.142,0.04,0.05,0.95,0.97,0.01,0.02,76570.98,1777318481000
1777318482.596,282.596,0.06,0.07,0.93,0.95,0.01,0.02,76570.98,1777318481000
1777318482.956,282.956,0.06,0.07,0.93,0.94,0.01,0.01,76570.98,1777318481000
1777318483.315,283.315,0.06,0.07,0.93,0.94,0.01,0.01,76573.26,1777318482000
1777318483.695,283.695,0.04,0.06,0.93,0.96,0.02,0.03,76573.26,1777318482000
1777318484.179,284.179,0.03,0.04,0.96,0.97,0.01,0.01,76573.26,1777318482000
1777318484.762,284.762,0.02,0.04,0.96,0.98,0.02,0.02,76578.3,1777318483000
1777318485.103,285.103,0.02,0.03,0.97,0.98,0.01,0.01,76578.3,1777318483000
1777318485.456,285.456,0.02,0.03,0.97,0.98,0.01,0.01,76578.3,1777318483000
1777318485.791,285.791,0.02,0.03,0.97,0.98,0.01,0.01,76580.4,1777318484000
1777318486.125,286.125,0.02,0.03,0.97,0.98,0.01,0.01,76580.4,1777318484000
1777318486.495,286.495,0.02,0.03,0.97,0.98,0.01,0.01,76580.4,1777318484000
1777318486.989,286.989,0.02,0.03,0.97,0.98,0.01,0.01,76580.12,1777318485000
1777318487.335,287.335,0.02,0.03,0.97,0.98,0.01,0.01,76576.33,1777318486000
1777318487.709,287.709,0.02,0.03,0.97,0.98,0.01,0.01,76576.33,1777318486000
1777318488.05,288.05,0.02,0.03,0.97,0.98,0.01,0.01,76576.33,1777318486000
1777318488.411,288.411,0.13,0.14,0.86,0.87,0.01,0.01,76576.33,1777318486000
1777318488.777,288.777,0.02,0.04,0.94,0.97,0.02,0.03,76576.33,1777318486000
1777318489.146,289.146,0.02,0.03,0.97,0.98,0.01,0.01,76576.0,1777318487000
1777318489.665,289.665,0.02,0.03,0.97,0.98,0.01,0.01,76576.0,1777318487000
1777318490.323,290.323,0.01,0.03,0.97,0.98,0.02,0.01,76578.66,1777318488000
1777318490.866,290.866,0.01,0.02,0.98,0.99,0.01,0.01,76583.16,1777318489000
1777318491.262,291.262,0.01,0.02,0.98,0.99,0.01,0.01,76584.53,1777318490000
1777318491.617,291.617,0.02,0.03,0.97,0.98,0.01,0.01,76584.53,1777318490000
1777318492.281,292.281,0.01,0.03,0.98,0.99,0.02,0.01,76584.53,1777318490000
1777318492.808,292.808,0.01,0.02,0.98,0.99,0.01,0.01,76584.53,1777318490000
1777318493.144,293.144,0.01,0.02,0.98,0.99,0.01,0.01,76582.4,1777318491000
1777318493.497,293.497,0.01,0.02,0.98,0.99,0.01,0.01,76582.4,1777318491000
1777318493.837,293.837,0.01,0.02,0.98,0.99,0.01,0.01,76582.41,1777318492000
1777318494.19,294.19,0.01,0.01,0.99,0.99,0.0,0.0,76582.13,1777318493000
1777318494.533,294.533,0.01,0.01,0.99,0.99,0.0,0.0,76582.13,1777318493000
1777318494.871,294.871,0.01,0.01,0.99,0.99,0.0,0.0,76582.13,1777318493000
1777318495.374,295.374,0.01,0.01,0.99,0.99,0.0,0.0,76582.13,1777318493000
1777318495.92,295.92,0.01,0.01,0.99,0.99,0.0,0.0,76576.53,1777318494000
1777318496.264,296.264,0.01,0.01,0.99,0.99,0.0,0.0,76576.53,1777318494000
1777318496.998,296.998,0.01,0.01,0.99,0.99,0.0,0.0,76576.97,1777318495000
1777318497.659,297.659,0.01,0.01,0.99,0.99,0.0,0.0,76576.7,1777318496000
1777318498.196,298.196,0.01,0.01,0.99,0.99,0.0,0.0,76576.7,1777318496000
1777318498.609,298.609,0.01,0.01,0.99,0.99,0.0,0.0,76576.7,1777318496000
1777318499.285,299.285,0.01,0.01,0.99,0.99,0.0,0.0,76575.62,1777318497000
1777318499.847,299.847,0.01,0.01,0.99,0.99,0.0,0.0,76575.62,1777318498000
1777318500.308,300.308,0.01,0.01,0.99,0.99,0.0,0.0,76577.64,1777318499000
1777318500.696,300.696,0.01,0.01,0.99,0.99,0.0,0.0,76577.64,1777318499000

# RESULT,winner=Down,slug=btc-updown-5m-1777318200,ticks=710
