timestamp,elapsed_sec,up_bid,up_ask,down_bid,down_ask,up_spread,down_spread,btc_price,btc_oracle_ts
1776183000.501,0.501,0.45,0.46,0.54,0.55,0.01,0.01,75689.26,1776182999000
1776183000.868,0.868,0.45,0.46,0.54,0.55,0.01,0.01,75689.26,1776182999000
1776183001.244,1.244,0.45,0.46,0.54,0.55,0.01,0.01,75688.65,1776183000000
1776183001.595,1.595,0.44,0.46,0.54,0.56,0.02,0.02,75688.65,1776183000000
1776183002.138,2.138,0.43,0.44,0.56,0.57,0.01,0.01,75688.65,1776183000000
1776183002.473,2.473,0.43,0.45,0.55,0.57,0.02,0.02,75685.07,1776183001000
1776183002.962,2.962,0.43,0.44,0.56,0.57,0.01,0.01,75685.07,1776183001000
1776183003.349,3.349,0.43,0.44,0.56,0.57,0.01,0.01,75677.41,1776183002000
1776183003.739,3.739,0.43,0.44,0.56,0.57,0.01,0.01,75677.41,1776183002000
1776183004.089,4.089,0.43,0.44,0.56,0.57,0.01,0.01,75675.37,1776183003000
1776183004.422,4.422,0.43,0.44,0.56,0.57,0.01,0.01,75675.37,1776183003000
1776183004.808,4.808,0.43,0.44,0.56,0.57,0.01,0.01,75675.37,1776183003000
1776183005.199,5.199,0.43,0.44,0.56,0.57,0.01,0.01,75675.2,1776183004000
1776183005.588,5.588,0.42,0.43,0.57,0.58,0.01,0.01,75675.2,1776183004000
1776183005.959,5.959,0.42,0.43,0.57,0.58,0.01,0.01,75675.2,1776183004000
1776183006.351,6.351,0.42,0.43,0.57,0.58,0.01,0.01,75675.19,1776183005000
1776183006.778,6.778,0.42,0.43,0.57,0.58,0.01,0.01,75675.19,1776183005000
1776183007.27,7.27,0.42,0.43,0.57,0.58,0.01,0.01,75675.19,1776183005000
1776183007.633,7.633,0.42,0.43,0.57,0.58,0.01,0.01,75675.19,1776183005000
1776183007.996,7.996,0.42,0.43,0.57,0.58,0.01,0.01,75669.75,1776183006000
1776183008.517,8.517,0.42,0.43,0.57,0.58,0.01,0.01,75670.73,1776183007000
1776183008.865,8.865,0.42,0.43,0.57,0.58,0.01,0.01,75670.73,1776183007000
1776183009.428,9.428,0.42,0.43,0.57,0.58,0.01,0.01,75670.72,1776183008000
1776183009.978,9.978,0.42,0.43,0.57,0.58,0.01,0.01,75670.72,1776183008000
1776183010.363,10.363,0.42,0.43,0.57,0.58,0.01,0.01,75670.71,1776183009000
1776183010.738,10.738,0.42,0.43,0.57,0.58,0.01,0.01,75670.71,1776183009000
1776183011.144,11.144,0.42,0.43,0.57,0.58,0.01,0.01,75670.66,1776183010000
1776183011.529,11.529,0.41,0.42,0.57,0.59,0.01,0.02,75670.66,1776183010000
1776183011.886,11.886,0.41,0.42,0.58,0.59,0.01,0.01,75670.66,1776183010000
1776183012.24,12.24,0.4,0.41,0.59,0.6,0.01,0.01,75670.66,1776183010000
1776183012.665,12.665,0.4,0.41,0.59,0.6,0.01,0.01,75670.64,1776183011000
1776183013.214,13.214,0.4,0.41,0.59,0.61,0.01,0.02,75670.64,1776183011000
1776183013.555,13.555,0.39,0.4,0.6,0.61,0.01,0.01,75668.41,1776183012000
1776183013.992,13.992,0.39,0.4,0.6,0.61,0.01,0.01,75668.5,1776183013000
1776183014.333,14.333,0.39,0.4,0.6,0.61,0.01,0.01,75668.5,1776183013000
1776183014.69,14.69,0.46,0.47,0.53,0.54,0.01,0.01,75668.5,1776183013000
1776183015.066,15.066,0.46,0.47,0.53,0.54,0.01,0.01,75667.66,1776183014000
1776183015.532,15.532,0.45,0.46,0.53,0.55,0.01,0.02,75667.66,1776183014000
1776183015.866,15.866,0.43,0.46,0.54,0.56,0.03,0.02,75667.66,1776183014000
1776183016.247,16.247,0.45,0.46,0.54,0.56,0.01,0.02,75672.54,1776183015000
1776183016.599,16.599,0.43,0.45,0.54,0.57,0.02,0.03,75672.54,1776183015000
1776183017.062,17.062,0.43,0.44,0.56,0.57,0.01,0.01,75672.54,1776183015000
1776183017.396,17.396,0.43,0.44,0.56,0.57,0.01,0.01,75673.03,1776183016000
1776183017.73,17.73,0.43,0.44,0.56,0.57,0.01,0.01,75673.03,1776183016000
1776183018.202,18.202,0.42,0.43,0.57,0.58,0.01,0.01,75673.03,1776183016000
1776183018.623,18.623,0.41,0.42,0.58,0.59,0.01,0.01,75671.33,1776183017000
1776183018.966,18.966,0.4,0.42,0.58,0.6,0.02,0.02,75671.33,1776183017000
1776183019.308,19.308,0.4,0.41,0.59,0.6,0.01,0.01,75671.33,1776183017000
1776183019.667,19.667,0.4,0.41,0.59,0.6,0.01,0.01,75670.77,1776183018000
1776183020.017,20.017,0.4,0.41,0.59,0.6,0.01,0.01,75668.48,1776183019000
1776183020.352,20.352,0.4,0.41,0.59,0.6,0.01,0.01,75668.48,1776183019000
1776183020.961,20.961,0.4,0.41,0.59,0.6,0.01,0.01,75668.48,1776183019000
1776183021.35,21.35,0.4,0.41,0.59,0.6,0.01,0.01,75666.46,1776183020000
1776183021.686,21.686,0.4,0.41,0.59,0.6,0.01,0.01,75666.46,1776183020000
1776183022.164,22.164,0.4,0.41,0.59,0.6,0.01,0.01,75666.46,1776183020000
1776183022.536,22.536,0.4,0.41,0.59,0.6,0.01,0.01,75666.45,1776183021000
1776183022.917,22.917,0.4,0.41,0.59,0.6,0.01,0.01,75666.45,1776183021000
1776183023.26,23.26,0.4,0.41,0.59,0.6,0.01,0.01,75666.46,1776183022000
1776183023.833,23.833,0.4,0.41,0.59,0.6,0.01,0.01,75666.46,1776183022000
1776183024.193,24.193,0.4,0.41,0.59,0.6,0.01,0.01,75666.46,1776183022000
1776183024.732,24.732,0.4,0.41,0.59,0.6,0.01,0.01,75666.46,1776183023000
1776183025.083,25.083,0.4,0.41,0.59,0.6,0.01,0.01,75666.46,1776183023000
1776183025.449,25.449,0.4,0.41,0.59,0.6,0.01,0.01,75666.46,1776183024000
1776183025.792,25.792,0.4,0.41,0.59,0.6,0.01,0.01,75666.46,1776183024000
1776183026.203,26.203,0.4,0.41,0.59,0.6,0.01,0.01,75666.46,1776183025000
1776183026.636,26.636,0.4,0.41,0.59,0.6,0.01,0.01,75666.46,1776183025000
1776183027.007,27.007,0.4,0.41,0.59,0.6,0.01,0.01,75666.46,1776183026000
1776183027.348,27.348,0.4,0.41,0.59,0.6,0.01,0.01,75666.46,1776183026000
1776183027.798,27.798,0.4,0.41,0.59,0.6,0.01,0.01,75666.46,1776183026000
1776183028.83,28.83,0.4,0.41,0.59,0.6,0.01,0.01,75666.46,1776183027000
1776183029.229,29.229,0.4,0.41,0.59,0.6,0.01,0.01,75666.47,1776183028000
1776183029.587,29.587,0.43,0.44,0.56,0.57,0.01,0.01,75666.47,1776183028000
1776183029.95,29.95,0.44,0.45,0.55,0.56,0.01,0.01,75666.47,1776183028000
1776183030.297,30.297,0.44,0.46,0.55,0.56,0.02,0.01,75670.3,1776183029000
1776183030.631,30.631,0.44,0.45,0.55,0.56,0.01,0.01,75670.3,1776183029000
1776183030.971,30.971,0.43,0.45,0.55,0.57,0.02,0.02,75670.3,1776183029000
1776183031.305,31.305,0.43,0.44,0.56,0.57,0.01,0.01,75674.28,1776183030000
1776183031.696,31.696,0.42,0.44,0.57,0.58,0.02,0.01,75674.28,1776183030000
1776183032.071,32.071,0.41,0.42,0.57,0.59,0.01,0.02,75674.28,1776183030000
1776183032.516,32.516,0.39,0.41,0.59,0.61,0.02,0.02,75678.05,1776183031000
1776183032.888,32.888,0.4,0.41,0.59,0.6,0.01,0.01,75678.05,1776183031000
1776183033.224,33.224,0.4,0.41,0.59,0.6,0.01,0.01,75671.46,1776183032000
1776183033.642,33.642,0.4,0.41,0.59,0.6,0.01,0.01,75671.46,1776183032000
1776183033.987,33.987,0.4,0.41,0.59,0.6,0.01,0.01,75671.46,1776183032000
1776183034.367,34.367,0.4,0.41,0.59,0.6,0.01,0.01,75666.45,1776183033000
1776183034.742,34.742,0.4,0.41,0.59,0.6,0.01,0.01,75666.45,1776183033000
1776183035.136,35.136,0.4,0.41,0.59,0.6,0.01,0.01,75666.45,1776183033000
1776183035.532,35.532,0.4,0.41,0.59,0.6,0.01,0.01,75666.45,1776183033000
1776183035.955,35.955,0.4,0.41,0.59,0.6,0.01,0.01,75665.0,1776183034000
1776183036.554,36.554,0.4,0.41,0.59,0.6,0.01,0.01,75665.14,1776183035000
1776183036.932,36.932,0.4,0.41,0.59,0.6,0.01,0.01,75665.14,1776183035000
1776183037.385,37.385,0.4,0.41,0.59,0.6,0.01,0.01,75665.18,1776183036000
1776183037.735,37.735,0.4,0.41,0.59,0.6,0.01,0.01,75665.18,1776183036000
1776183038.44,38.44,0.4,0.41,0.59,0.6,0.01,0.01,75665.43,1776183037000
1776183038.917,38.917,0.39,0.4,0.59,0.6,0.01,0.01,75665.43,1776183037000
1776183039.424,39.424,0.4,0.41,0.59,0.6,0.01,0.01,75665.42,1776183038000
1776183039.786,39.786,0.4,0.41,0.59,0.6,0.01,0.01,75665.42,1776183038000
1776183040.162,40.162,0.39,0.41,0.59,0.6,0.02,0.01,75665.42,1776183038000
1776183040.537,40.537,0.39,0.4,0.6,0.61,0.01,0.01,75665.05,1776183039000
1776183041.0,41.0,0.39,0.4,0.6,0.61,0.01,0.01,75665.05,1776183039000
1776183041.35,41.35,0.39,0.4,0.6,0.61,0.01,0.01,75664.89,1776183040000
1776183041.941,41.941,0.39,0.4,0.6,0.61,0.01,0.01,75664.89,1776183040000
1776183042.283,42.283,0.39,0.41,0.59,0.61,0.02,0.02,75664.89,1776183040000
1776183042.637,42.637,0.4,0.42,0.59,0.6,0.02,0.01,75662.43,1776183041000
1776183043.011,43.011,0.43,0.44,0.56,0.57,0.01,0.01,75662.61,1776183042000
1776183043.354,43.354,0.43,0.44,0.56,0.57,0.01,0.01,75662.61,1776183042000
1776183043.855,43.855,0.43,0.44,0.56,0.57,0.01,0.01,75662.61,1776183042000
1776183044.208,44.208,0.44,0.45,0.55,0.56,0.01,0.01,75675.06,1776183043000
1776183044.573,44.573,0.44,0.45,0.55,0.56,0.01,0.01,75675.06,1776183043000
1776183044.958,44.958,0.44,0.45,0.55,0.56,0.01,0.01,75675.06,1776183043000
1776183045.329,45.329,0.44,0.45,0.55,0.56,0.01,0.01,75675.06,1776183043000
1776183045.675,45.675,0.44,0.45,0.55,0.56,0.01,0.01,75682.58,1776183044000
1776183046.212,46.212,0.44,0.45,0.55,0.56,0.01,0.01,75682.58,1776183044000
1776183046.842,46.842,0.44,0.45,0.55,0.56,0.01,0.01,75681.96,1776183045000
1776183047.245,47.245,0.44,0.45,0.55,0.56,0.01,0.01,75681.96,1776183045000
1776183047.66,47.66,0.44,0.45,0.55,0.56,0.01,0.01,75681.95,1776183046000
1776183048.319,48.319,0.44,0.45,0.55,0.56,0.01,0.01,75681.95,1776183046000
1776183048.654,48.654,0.44,0.45,0.55,0.56,0.01,0.01,75679.55,1776183047000
1776183049.001,49.001,0.44,0.45,0.55,0.56,0.01,0.01,75679.94,1776183048000
1776183049.781,49.781,0.44,0.45,0.55,0.56,0.01,0.01,75679.94,1776183048000
1776183050.164,50.164,0.44,0.45,0.55,0.56,0.01,0.01,75679.94,1776183048000
1776183050.832,50.832,0.44,0.45,0.55,0.56,0.01,0.01,75679.94,1776183049000
1776183051.445,51.445,0.44,0.45,0.55,0.56,0.01,0.01,75679.94,1776183050000
1776183051.982,51.982,0.44,0.45,0.55,0.56,0.01,0.01,75679.94,1776183050000
1776183052.326,52.326,0.43,0.45,0.55,0.56,0.02,0.01,75679.94,1776183050000
1776183052.73,52.73,0.43,0.44,0.56,0.57,0.01,0.01,75679.94,1776183050000
1776183053.329,53.329,0.43,0.44,0.56,0.57,0.01,0.01,75679.77,1776183051000
1776183053.782,53.782,0.43,0.44,0.56,0.57,0.01,0.01,75681.11,1776183052000
1776183054.605,54.605,0.43,0.44,0.56,0.57,0.01,0.01,75679.14,1776183053000
1776183055.052,55.052,0.43,0.44,0.56,0.57,0.01,0.01,75681.11,1776183054000
1776183056.157,56.157,0.43,0.44,0.56,0.57,0.01,0.01,75680.79,1776183055000
1776183056.653,56.653,0.43,0.44,0.56,0.57,0.01,0.01,75680.79,1776183055000
1776183057.235,57.235,0.43,0.44,0.56,0.57,0.01,0.01,75680.61,1776183056000
1776183057.739,57.739,0.43,0.44,0.56,0.57,0.01,0.01,75680.61,1776183056000
1776183058.117,58.117,0.43,0.44,0.56,0.57,0.01,0.01,75680.61,1776183056000
1776183058.483,58.483,0.43,0.44,0.56,0.57,0.01,0.01,75676.7,1776183057000
1776183058.938,58.938,0.42,0.43,0.57,0.58,0.01,0.01,75676.7,1776183058000
1776183059.642,59.642,0.41,0.43,0.57,0.58,0.02,0.01,75676.7,1776183058000
1776183060.02,60.02,0.41,0.42,0.57,0.59,0.01,0.02,75676.7,1776183058000
1776183060.361,60.361,0.41,0.43,0.57,0.59,0.02,0.02,75678.22,1776183059000
1776183060.756,60.756,0.42,0.43,0.56,0.58,0.01,0.02,75678.22,1776183059000
1776183061.15,61.15,0.43,0.44,0.54,0.57,0.01,0.03,75678.22,1776183059000
1776183061.534,61.534,0.43,0.44,0.56,0.57,0.01,0.01,75678.86,1776183060000
1776183061.956,61.956,0.43,0.44,0.56,0.57,0.01,0.01,75678.86,1776183060000
1776183062.311,62.311,0.43,0.44,0.56,0.57,0.01,0.01,75678.86,1776183060000
1776183062.817,62.817,0.43,0.44,0.56,0.57,0.01,0.01,75681.66,1776183061000
1776183063.174,63.174,0.43,0.44,0.56,0.57,0.01,0.01,75681.89,1776183062000
1776183063.676,63.676,0.43,0.44,0.56,0.57,0.01,0.01,75681.89,1776183062000
1776183064.026,64.026,0.42,0.44,0.56,0.57,0.02,0.01,75681.89,1776183062000
1776183064.483,64.483,0.42,0.43,0.56,0.58,0.01,0.02,75681.57,1776183063000
1776183064.931,64.931,0.41,0.43,0.57,0.59,0.02,0.02,75681.57,1776183063000
1776183065.283,65.283,0.4,0.42,0.58,0.6,0.02,0.02,75680.76,1776183064000
1776183065.681,65.681,0.39,0.4,0.6,0.61,0.01,0.01,75680.76,1776183064000
1776183066.217,66.217,0.39,0.4,0.6,0.61,0.01,0.01,75680.76,1776183064000
1776183066.657,66.657,0.39,0.4,0.6,0.61,0.01,0.01,75672.16,1776183065000
1776183067.207,67.207,0.38,0.39,0.61,0.62,0.01,0.01,75672.16,1776183065000
1776183067.593,67.593,0.38,0.39,0.61,0.62,0.01,0.01,75669.53,1776183066000
1776183068.35,68.35,0.38,0.39,0.61,0.62,0.01,0.01,75667.02,1776183067000
1776183068.702,68.702,0.41,0.42,0.58,0.59,0.01,0.01,75667.02,1776183067000
1776183069.041,69.041,0.41,0.42,0.58,0.59,0.01,0.01,75666.76,1776183068000
1776183069.704,69.704,0.41,0.42,0.58,0.59,0.01,0.01,75666.76,1776183068000
1776183070.09,70.09,0.41,0.42,0.58,0.59,0.01,0.01,75666.76,1776183068000
1776183070.466,70.466,0.41,0.42,0.58,0.59,0.01,0.01,75671.2,1776183069000
1776183070.804,70.804,0.4,0.42,0.58,0.6,0.02,0.02,75671.2,1776183069000
1776183071.207,71.207,0.4,0.41,0.59,0.6,0.01,0.01,75671.2,1776183069000
1776183071.574,71.574,0.4,0.41,0.59,0.6,0.01,0.01,75672.58,1776183070000
1776183071.996,71.996,0.39,0.4,0.6,0.61,0.01,0.01,75672.58,1776183070000
1776183072.51,72.51,0.39,0.4,0.6,0.61,0.01,0.01,75670.09,1776183071000
1776183073.212,73.212,0.39,0.4,0.6,0.61,0.01,0.01,75669.99,1776183072000
1776183073.547,73.547,0.35,0.36,0.64,0.65,0.01,0.01,75669.99,1776183072000
1776183073.88,73.88,0.33,0.35,0.64,0.67,0.02,0.03,75669.99,1776183072000
1776183074.25,74.25,0.34,0.35,0.65,0.66,0.01,0.01,75667.78,1776183073000
1776183074.583,74.583,0.34,0.35,0.65,0.66,0.01,0.01,75667.78,1776183073000
1776183074.939,74.939,0.32,0.35,0.65,0.66,0.03,0.01,75667.78,1776183073000
1776183075.364,75.364,0.33,0.34,0.66,0.67,0.01,0.01,75657.31,1776183074000
1776183075.702,75.702,0.33,0.34,0.66,0.67,0.01,0.01,75657.31,1776183074000
1776183076.045,76.045,0.33,0.34,0.66,0.67,0.01,0.01,75657.31,1776183074000
1776183076.58,76.58,0.33,0.34,0.66,0.67,0.01,0.01,75654.9,1776183075000
1776183076.928,76.928,0.33,0.34,0.66,0.67,0.01,0.01,75654.9,1776183075000
1776183077.294,77.294,0.33,0.34,0.66,0.67,0.01,0.01,75654.9,1776183076000
1776183077.643,77.643,0.33,0.34,0.66,0.67,0.01,0.01,75654.9,1776183076000
1776183078.022,78.022,0.33,0.34,0.66,0.67,0.01,0.01,75654.9,1776183076000
1776183078.44,78.44,0.33,0.34,0.66,0.67,0.01,0.01,75655.84,1776183077000
1776183078.831,78.831,0.33,0.34,0.66,0.67,0.01,0.01,75655.84,1776183077000
1776183079.261,79.261,0.33,0.34,0.66,0.67,0.01,0.01,75655.84,1776183077000
1776183079.611,79.611,0.3,0.31,0.69,0.7,0.01,0.01,75658.45,1776183078000
1776183079.958,79.958,0.3,0.31,0.69,0.7,0.01,0.01,75658.45,1776183078000
1776183080.327,80.327,0.29,0.31,0.69,0.71,0.02,0.02,75659.32,1776183079000
1776183080.722,80.722,0.29,0.3,0.7,0.71,0.01,0.01,75659.32,1776183079000
1776183081.13,81.13,0.29,0.3,0.7,0.71,0.01,0.01,75659.32,1776183079000
1776183081.464,81.464,0.29,0.33,0.68,0.71,0.04,0.03,75652.24,1776183080000
1776183081.832,81.832,0.3,0.31,0.69,0.7,0.01,0.01,75652.24,1776183080000
1776183082.179,82.179,0.3,0.31,0.69,0.7,0.01,0.01,75652.24,1776183080000
1776183082.521,82.521,0.29,0.31,0.7,0.71,0.02,0.01,75652.24,1776183080000
1776183082.861,82.861,0.29,0.3,0.7,0.71,0.01,0.01,75648.6,1776183081000
1776183083.232,83.232,0.29,0.3,0.7,0.71,0.01,0.01,75648.6,1776183081000
1776183083.623,83.623,0.29,0.3,0.7,0.71,0.01,0.01,75647.91,1776183082000
1776183083.987,83.987,0.29,0.3,0.7,0.71,0.01,0.01,75647.91,1776183082000
1776183084.346,84.346,0.29,0.3,0.7,0.71,0.01,0.01,75647.91,1776183082000
1776183084.777,84.777,0.28,0.29,0.7,0.72,0.01,0.02,75644.9,1776183083000
1776183085.316,85.316,0.28,0.29,0.71,0.72,0.01,0.01,75644.56,1776183084000
1776183085.928,85.928,0.28,0.29,0.71,0.72,0.01,0.01,75644.56,1776183084000
1776183086.264,86.264,0.28,0.3,0.7,0.72,0.02,0.02,75644.56,1776183084000
1776183086.707,86.707,0.29,0.3,0.7,0.71,0.01,0.01,75641.21,1776183085000
1776183087.081,87.081,0.3,0.31,0.69,0.71,0.01,0.02,75641.21,1776183086000
1776183087.457,87.457,0.3,0.31,0.69,0.7,0.01,0.01,75641.21,1776183086000
1776183087.803,87.803,0.31,0.32,0.68,0.69,0.01,0.01,75641.21,1776183086000
1776183088.386,88.386,0.32,0.33,0.67,0.69,0.01,0.02,75641.21,1776183086000
1776183088.8,88.8,0.32,0.33,0.67,0.68,0.01,0.01,75653.56,1776183087000
1776183089.174,89.174,0.32,0.33,0.67,0.68,0.01,0.01,75656.94,1776183088000
1776183089.515,89.515,0.32,0.33,0.67,0.68,0.01,0.01,75656.94,1776183088000
1776183089.873,89.873,0.32,0.33,0.67,0.68,0.01,0.01,75656.94,1776183088000
1776183090.218,90.218,0.32,0.33,0.67,0.68,0.01,0.01,75656.94,1776183088000
1776183090.575,90.575,0.32,0.33,0.67,0.68,0.01,0.01,75656.72,1776183089000
1776183090.937,90.937,0.32,0.33,0.67,0.68,0.01,0.01,75656.72,1776183089000
1776183091.349,91.349,0.32,0.33,0.67,0.68,0.01,0.01,75656.72,1776183089000
1776183091.704,91.704,0.32,0.33,0.67,0.68,0.01,0.01,75656.51,1776183090000
1776183092.171,92.171,0.32,0.33,0.67,0.68,0.01,0.01,75655.76,1776183091000
1776183092.557,92.557,0.32,0.33,0.67,0.68,0.01,0.01,75655.76,1776183091000
1776183092.952,92.952,0.32,0.33,0.67,0.68,0.01,0.01,75655.76,1776183091000
1776183093.389,93.389,0.31,0.33,0.67,0.68,0.02,0.01,75655.76,1776183091000
1776183093.781,93.781,0.31,0.33,0.67,0.68,0.02,0.01,75653.64,1776183092000
1776183094.219,94.219,0.31,0.32,0.68,0.69,0.01,0.01,75653.63,1776183093000
1776183094.855,94.855,0.31,0.32,0.68,0.69,0.01,0.01,75653.63,1776183093000
1776183095.312,95.312,0.29,0.32,0.68,0.71,0.03,0.03,75652.21,1776183094000
1776183095.846,95.846,0.28,0.29,0.71,0.72,0.01,0.01,75652.21,1776183094000
1776183096.303,96.303,0.28,0.29,0.71,0.72,0.01,0.01,75652.21,1776183094000
1776183096.648,96.648,0.28,0.29,0.71,0.72,0.01,0.01,75652.21,1776183094000
1776183097.006,97.006,0.28,0.29,0.71,0.72,0.01,0.01,75652.21,1776183094000
1776183097.558,97.558,0.28,0.29,0.71,0.72,0.01,0.01,75647.21,1776183096000
1776183098.182,98.182,0.28,0.29,0.71,0.72,0.01,0.01,75647.21,1776183096000
1776183098.54,98.54,0.28,0.29,0.71,0.72,0.01,0.01,75643.97,1776183097000
1776183099.051,99.051,0.28,0.29,0.71,0.72,0.01,0.01,75643.97,1776183097000
1776183099.412,99.412,0.28,0.29,0.71,0.72,0.01,0.01,75643.97,1776183098000
1776183099.766,99.766,0.29,0.3,0.7,0.72,0.01,0.02,75643.97,1776183098000
1776183100.208,100.208,0.29,0.3,0.7,0.71,0.01,0.01,75643.97,1776183098000
1776183100.566,100.566,0.29,0.3,0.7,0.71,0.01,0.01,75649.13,1776183099000
1776183100.92,100.92,0.29,0.3,0.7,0.71,0.01,0.01,75649.13,1776183099000
1776183101.513,101.513,0.29,0.3,0.7,0.71,0.01,0.01,75649.13,1776183100000
1776183101.979,101.979,0.29,0.3,0.7,0.71,0.01,0.01,75648.83,1776183101000
1776183102.54,102.54,0.29,0.3,0.7,0.71,0.01,0.01,75648.83,1776183101000
1776183103.06,103.06,0.29,0.3,0.7,0.71,0.01,0.01,75648.83,1776183102000
1776183103.416,103.416,0.29,0.31,0.7,0.71,0.02,0.01,75648.83,1776183102000
1776183103.765,103.765,0.31,0.32,0.68,0.69,0.01,0.01,75648.83,1776183102000
1776183104.132,104.132,0.31,0.32,0.68,0.69,0.01,0.01,75648.83,1776183103000
1776183104.577,104.577,0.31,0.32,0.68,0.69,0.01,0.01,75648.83,1776183103000
1776183104.998,104.998,0.31,0.32,0.68,0.69,0.01,0.01,75648.83,1776183103000
1776183105.334,105.334,0.28,0.29,0.7,0.71,0.01,0.01,75654.99,1776183104000
1776183105.671,105.671,0.28,0.29,0.71,0.72,0.01,0.01,75654.99,1776183104000
1776183106.16,106.16,0.29,0.3,0.7,0.71,0.01,0.01,75661.37,1776183105000
1776183106.579,106.579,0.29,0.3,0.7,0.71,0.01,0.01,75661.37,1776183105000
1776183107.182,107.182,0.29,0.3,0.7,0.71,0.01,0.01,75648.5,1776183106000
1776183107.588,107.588,0.28,0.3,0.7,0.71,0.02,0.01,75648.5,1776183106000
1776183107.982,107.982,0.28,0.29,0.71,0.72,0.01,0.01,75648.5,1776183106000
1776183108.417,108.417,0.28,0.29,0.71,0.72,0.01,0.01,75652.98,1776183107000
1776183108.821,108.821,0.28,0.29,0.71,0.72,0.01,0.01,75652.98,1776183107000
1776183109.192,109.192,0.28,0.29,0.71,0.72,0.01,0.01,75648.98,1776183108000
1776183109.648,109.648,0.28,0.29,0.71,0.72,0.01,0.01,75648.98,1776183108000
1776183110.174,110.174,0.28,0.29,0.71,0.72,0.01,0.01,75648.98,1776183108000
1776183110.698,110.698,0.28,0.29,0.71,0.72,0.01,0.01,75648.98,1776183108000
1776183111.064,111.064,0.28,0.29,0.71,0.72,0.01,0.01,75648.98,1776183109000
1776183111.466,111.466,0.28,0.29,0.71,0.72,0.01,0.01,75648.98,1776183110000
1776183111.856,111.856,0.27,0.29,0.71,0.72,0.02,0.01,75648.98,1776183110000
1776183112.219,112.219,0.27,0.28,0.72,0.73,0.01,0.01,75648.98,1776183110000
1776183112.689,112.689,0.27,0.28,0.72,0.73,0.01,0.01,75648.98,1776183110000
1776183113.225,113.225,0.27,0.28,0.72,0.73,0.01,0.01,75646.57,1776183111000
1776183113.844,113.844,0.27,0.28,0.72,0.73,0.01,0.01,75642.87,1776183112000
1776183114.735,114.735,0.27,0.28,0.72,0.73,0.01,0.01,75640.81,1776183113000
1776183115.255,115.255,0.27,0.28,0.72,0.73,0.01,0.01,75640.14,1776183114000
1776183116.261,116.261,0.27,0.28,0.72,0.73,0.01,0.01,75640.14,1776183114000
1776183116.723,116.723,0.27,0.28,0.72,0.73,0.01,0.01,75642.09,1776183115000
1776183117.103,117.103,0.27,0.28,0.72,0.73,0.01,0.01,75641.73,1776183116000
1776183117.518,117.518,0.27,0.28,0.72,0.73,0.01,0.01,75641.73,1776183116000
1776183117.904,117.904,0.26,0.27,0.72,0.73,0.01,0.01,75641.73,1776183116000
1776183118.752,118.752,0.26,0.27,0.73,0.74,0.01,0.01,75642.28,1776183117000
1776183119.1,119.1,0.26,0.27,0.73,0.74,0.01,0.01,75642.28,1776183117000
1776183119.84,119.84,0.25,0.26,0.74,0.75,0.01,0.01,75642.28,1776183118000
1776183120.333,120.333,0.25,0.26,0.74,0.75,0.01,0.01,75642.28,1776183119000
1776183120.688,120.688,0.25,0.26,0.74,0.75,0.01,0.01,75642.28,1776183119000
1776183121.025,121.025,0.25,0.26,0.74,0.75,0.01,0.01,75642.28,1776183119000
1776183121.549,121.549,0.25,0.26,0.74,0.75,0.01,0.01,75637.05,1776183120000
1776183121.976,121.976,0.25,0.26,0.74,0.75,0.01,0.01,75637.05,1776183120000
1776183122.406,122.406,0.25,0.26,0.74,0.75,0.01,0.01,75641.17,1776183121000
1776183122.759,122.759,0.26,0.27,0.73,0.75,0.01,0.02,75641.17,1776183121000
1776183123.5,123.5,0.26,0.27,0.73,0.74,0.01,0.01,75641.49,1776183122000
1776183123.937,123.937,0.26,0.27,0.73,0.74,0.01,0.01,75641.49,1776183122000
1776183124.315,124.315,0.26,0.27,0.73,0.74,0.01,0.01,75640.2,1776183123000
1776183124.656,124.656,0.26,0.27,0.73,0.74,0.01,0.01,75640.2,1776183123000
1776183125.023,125.023,0.25,0.26,0.74,0.75,0.01,0.01,75640.2,1776183123000
1776183125.363,125.363,0.24,0.25,0.75,0.76,0.01,0.01,75634.64,1776183124000
1776183125.757,125.757,0.24,0.25,0.75,0.76,0.01,0.01,75634.64,1776183124000
1776183126.102,126.102,0.24,0.25,0.75,0.76,0.01,0.01,75634.64,1776183124000
1776183126.442,126.442,0.24,0.25,0.75,0.76,0.01,0.01,75635.85,1776183125000
1776183126.783,126.783,0.24,0.25,0.75,0.76,0.01,0.01,75635.85,1776183125000
1776183127.206,127.206,0.24,0.25,0.75,0.76,0.01,0.01,75635.8,1776183126000
1776183127.558,127.558,0.24,0.25,0.75,0.76,0.01,0.01,75635.8,1776183126000
1776183127.942,127.942,0.24,0.25,0.75,0.76,0.01,0.01,75635.8,1776183126000
1776183128.532,128.532,0.24,0.25,0.75,0.76,0.01,0.01,75636.06,1776183127000
1776183128.936,128.936,0.24,0.25,0.75,0.76,0.01,0.01,75636.06,1776183127000
1776183129.284,129.284,0.24,0.25,0.75,0.76,0.01,0.01,75636.06,1776183128000
1776183129.661,129.661,0.24,0.25,0.75,0.76,0.01,0.01,75636.06,1776183128000
1776183130.022,130.022,0.24,0.25,0.75,0.76,0.01,0.01,75636.06,1776183128000
1776183130.409,130.409,0.24,0.25,0.75,0.76,0.01,0.01,75634.19,1776183129000
1776183130.752,130.752,0.24,0.25,0.75,0.76,0.01,0.01,75634.19,1776183129000
1776183131.156,131.156,0.24,0.25,0.75,0.76,0.01,0.01,75637.23,1776183130000
1776183131.558,131.558,0.24,0.25,0.75,0.76,0.01,0.01,75637.23,1776183130000
1776183132.194,132.194,0.24,0.25,0.75,0.76,0.01,0.01,75636.01,1776183131000
1776183132.547,132.547,0.23,0.25,0.75,0.76,0.02,0.01,75636.01,1776183131000
1776183133.042,133.042,0.24,0.25,0.75,0.76,0.01,0.01,75636.01,1776183131000
1776183133.432,133.432,0.24,0.25,0.75,0.76,0.01,0.01,75636.01,1776183132000
1776183134.342,134.342,0.24,0.25,0.75,0.76,0.01,0.01,75636.34,1776183133000
1776183134.825,134.825,0.24,0.25,0.75,0.76,0.01,0.01,75636.34,1776183133000
1776183135.319,135.319,0.24,0.25,0.75,0.76,0.01,0.01,75639.29,1776183134000
1776183135.735,135.735,0.23,0.24,0.76,0.77,0.01,0.01,75639.29,1776183134000
1776183136.269,136.269,0.23,0.24,0.76,0.77,0.01,0.01,75638.89,1776183135000
1776183136.767,136.767,0.23,0.24,0.76,0.77,0.01,0.01,75638.89,1776183135000
1776183137.326,137.326,0.23,0.24,0.76,0.77,0.01,0.01,75638.89,1776183136000
1776183137.663,137.663,0.23,0.24,0.76,0.77,0.01,0.01,75638.89,1776183136000
1776183138.037,138.037,0.23,0.24,0.76,0.77,0.01,0.01,75639.87,1776183137000
1776183138.466,138.466,0.23,0.24,0.76,0.77,0.01,0.01,75639.87,1776183137000
1776183138.861,138.861,0.23,0.24,0.76,0.77,0.01,0.01,75639.87,1776183137000
1776183139.204,139.204,0.23,0.24,0.76,0.77,0.01,0.01,75639.87,1776183137000
1776183139.592,139.592,0.23,0.24,0.76,0.77,0.01,0.01,75639.87,1776183137000
1776183139.959,139.959,0.23,0.24,0.76,0.77,0.01,0.01,75639.67,1776183138000
1776183140.393,140.393,0.22,0.23,0.76,0.78,0.01,0.02,75639.67,1776183139000
1776183141.727,141.727,0.22,0.23,0.77,0.78,0.01,0.01,75639.67,1776183139000
1776183142.147,142.147,0.2,0.22,0.78,0.8,0.02,0.02,75639.67,1776183140000
1776183142.567,142.567,0.2,0.22,0.78,0.8,0.02,0.02,75633.37,1776183141000
1776183142.95,142.95,0.2,0.22,0.78,0.8,0.02,0.02,75633.37,1776183141000
1776183143.442,143.442,0.2,0.21,0.78,0.8,0.01,0.02,75633.37,1776183141000
1776183143.824,143.824,0.19,0.2,0.8,0.81,0.01,0.01,75633.37,1776183141000
1776183144.209,144.209,0.19,0.2,0.8,0.81,0.01,0.01,75613.07,1776183143000
1776183144.546,144.546,0.17,0.2,0.8,0.83,0.03,0.03,75613.07,1776183143000
1776183144.908,144.908,0.17,0.18,0.81,0.83,0.01,0.02,75613.07,1776183143000
1776183145.5,145.5,0.17,0.18,0.82,0.83,0.01,0.01,75613.07,1776183143000
1776183146.013,146.013,0.16,0.17,0.82,0.84,0.01,0.02,75613.07,1776183144000
1776183146.441,146.441,0.16,0.17,0.83,0.84,0.01,0.01,75610.35,1776183145000
1776183146.819,146.819,0.15,0.16,0.84,0.85,0.01,0.01,75610.35,1776183145000
1776183147.196,147.196,0.15,0.16,0.84,0.85,0.01,0.01,75610.35,1776183145000
1776183147.779,147.779,0.14,0.16,0.84,0.86,0.02,0.02,75607.98,1776183146000
1776183148.259,148.259,0.14,0.15,0.85,0.86,0.01,0.01,75607.98,1776183146000
1776183148.626,148.626,0.14,0.15,0.85,0.86,0.01,0.01,75607.98,1776183147000
1776183149.037,149.037,0.14,0.15,0.85,0.86,0.01,0.01,75607.98,1776183147000
1776183149.392,149.392,0.14,0.15,0.85,0.86,0.01,0.01,75607.98,1776183148000
1776183149.886,149.886,0.14,0.15,0.85,0.86,0.01,0.01,75607.98,1776183148000
1776183150.487,150.487,0.14,0.15,0.85,0.86,0.01,0.01,75607.98,1776183149000
1776183150.821,150.821,0.11,0.13,0.87,0.88,0.02,0.01,75607.98,1776183149000
1776183151.215,151.215,0.08,0.1,0.91,0.92,0.02,0.01,75607.98,1776183149000
1776183151.549,151.549,0.08,0.1,0.9,0.92,0.02,0.02,75607.98,1776183150000
1776183151.921,151.921,0.08,0.09,0.91,0.92,0.01,0.01,75607.98,1776183150000
1776183152.271,152.271,0.07,0.08,0.91,0.93,0.01,0.02,75607.98,1776183150000
1776183152.614,152.614,0.06,0.08,0.92,0.94,0.02,0.02,75607.98,1776183150000
1776183153.317,153.317,0.06,0.08,0.92,0.94,0.02,0.02,75586.35,1776183151000
1776183153.83,153.83,0.06,0.08,0.92,0.94,0.02,0.02,75582.9,1776183152000
1776183154.233,154.233,0.07,0.08,0.92,0.93,0.01,0.01,75561.93,1776183153000
1776183154.915,154.915,0.06,0.07,0.93,0.94,0.01,0.01,75561.93,1776183153000
1776183155.455,155.455,0.06,0.07,0.93,0.94,0.01,0.01,75561.93,1776183153000
1776183155.806,155.806,0.06,0.07,0.93,0.95,0.01,0.02,75556.43,1776183154000
1776183156.144,156.144,0.06,0.07,0.93,0.94,0.01,0.01,75556.43,1776183154000
1776183156.48,156.48,0.05,0.07,0.93,0.95,0.02,0.02,75556.43,1776183155000
1776183156.91,156.91,0.05,0.06,0.94,0.95,0.01,0.01,75556.43,1776183155000
1776183157.511,157.511,0.05,0.06,0.94,0.95,0.01,0.01,75556.43,1776183155000
1776183158.092,158.092,0.05,0.06,0.94,0.95,0.01,0.01,75554.51,1776183156000
1776183159.025,159.025,0.05,0.06,0.94,0.95,0.01,0.01,75552.99,1776183157000
1776183159.57,159.57,0.05,0.06,0.94,0.95,0.01,0.01,75552.99,1776183158000
1776183159.951,159.951,0.05,0.06,0.94,0.95,0.01,0.01,75552.99,1776183158000
1776183160.59,160.59,0.03,0.06,0.94,0.97,0.03,0.03,75553.63,1776183159000
1776183160.934,160.934,0.04,0.05,0.95,0.96,0.01,0.01,75553.63,1776183159000
1776183161.287,161.287,0.04,0.05,0.95,0.96,0.01,0.01,75553.63,1776183159000
1776183161.73,161.73,0.04,0.05,0.95,0.96,0.01,0.01,75537.48,1776183160000
1776183162.114,162.114,0.04,0.05,0.95,0.96,0.01,0.01,75537.48,1776183161000
1776183163.038,163.038,0.04,0.05,0.95,0.96,0.01,0.01,75541.94,1776183162000
1776183163.818,163.818,0.04,0.05,0.95,0.96,0.01,0.01,75541.94,1776183162000
1776183164.63,164.63,0.04,0.05,0.95,0.96,0.01,0.01,75542.65,1776183163000
1776183165.145,165.145,0.04,0.05,0.95,0.96,0.01,0.01,75542.65,1776183163000
1776183165.486,165.486,0.04,0.05,0.95,0.96,0.01,0.01,75543.27,1776183164000
1776183165.867,165.867,0.04,0.05,0.95,0.96,0.01,0.01,75543.27,1776183164000
1776183166.249,166.249,0.04,0.05,0.95,0.96,0.01,0.01,75543.27,1776183164000
1776183166.591,166.591,0.04,0.05,0.95,0.96,0.01,0.01,75550.13,1776183165000
1776183166.959,166.959,0.04,0.05,0.95,0.96,0.01,0.01,75550.13,1776183165000
1776183167.311,167.311,0.04,0.05,0.95,0.96,0.01,0.01,75552.93,1776183166000
1776183167.72,167.72,0.04,0.05,0.95,0.96,0.01,0.01,75552.93,1776183166000
1776183168.174,168.174,0.04,0.05,0.95,0.96,0.01,0.01,75552.7,1776183167000
1776183169.14,169.14,0.03,0.05,0.95,0.97,0.02,0.02,75552.28,1776183168000
1776183169.524,169.524,0.03,0.05,0.95,0.97,0.02,0.02,75552.28,1776183168000
1776183170.066,170.066,0.03,0.04,0.95,0.97,0.01,0.02,75552.28,1776183168000
1776183170.463,170.463,0.03,0.04,0.96,0.97,0.01,0.01,75551.29,1776183169000
1776183170.847,170.847,0.04,0.05,0.95,0.96,0.01,0.01,75551.29,1776183169000
1776183171.225,171.225,0.04,0.05,0.95,0.96,0.01,0.01,75551.29,1776183170000
1776183171.77,171.77,0.03,0.04,0.96,0.97,0.01,0.01,75551.29,1776183170000
1776183172.399,172.399,0.03,0.04,0.96,0.97,0.01,0.01,75548.76,1776183171000
1776183172.832,172.832,0.03,0.04,0.96,0.97,0.01,0.01,75548.76,1776183171000
1776183173.444,173.444,0.03,0.04,0.96,0.97,0.01,0.01,75548.76,1776183171000
1776183173.834,173.834,0.03,0.04,0.96,0.97,0.01,0.01,75544.43,1776183172000
1776183175.018,175.018,0.03,0.04,0.96,0.97,0.01,0.01,75541.47,1776183173000
1776183175.376,175.376,0.03,0.04,0.96,0.97,0.01,0.01,75539.49,1776183174000
1776183175.893,175.893,0.03,0.04,0.96,0.97,0.01,0.01,75539.49,1776183174000
1776183176.26,176.26,0.03,0.04,0.96,0.97,0.01,0.01,75538.67,1776183175000
1776183176.93,176.93,0.03,0.04,0.96,0.97,0.01,0.01,75538.67,1776183175000
1776183177.271,177.271,0.03,0.04,0.96,0.97,0.01,0.01,75536.66,1776183176000
1776183177.758,177.758,0.02,0.03,0.97,0.98,0.01,0.01,75536.66,1776183176000
1776183178.095,178.095,0.02,0.03,0.97,0.98,0.01,0.01,75536.66,1776183176000
1776183179.246,179.246,0.02,0.03,0.97,0.98,0.01,0.01,75531.21,1776183177000
1776183179.671,179.671,0.02,0.03,0.97,0.98,0.01,0.01,75529.52,1776183178000
1776183180.168,180.168,0.02,0.03,0.97,0.98,0.01,0.01,75529.52,1776183178000
1776183180.69,180.69,0.02,0.03,0.97,0.98,0.01,0.01,75528.59,1776183179000
1776183181.16,181.16,0.02,0.03,0.97,0.98,0.01,0.01,75527.97,1776183180000
1776183181.546,181.546,0.02,0.03,0.97,0.98,0.01,0.01,75527.97,1776183180000
1776183181.884,181.884,0.02,0.03,0.97,0.98,0.01,0.01,75527.97,1776183180000
1776183182.234,182.234,0.02,0.03,0.97,0.98,0.01,0.01,75527.73,1776183181000
1776183182.616,182.616,0.02,0.03,0.97,0.98,0.01,0.01,75527.73,1776183181000
1776183182.987,182.987,0.02,0.03,0.97,0.98,0.01,0.01,75527.73,1776183181000
1776183183.396,183.396,0.02,0.03,0.97,0.98,0.01,0.01,75527.73,1776183182000
1776183183.823,183.823,0.02,0.03,0.97,0.98,0.01,0.01,75527.73,1776183182000
1776183184.282,184.282,0.02,0.03,0.97,0.98,0.01,0.01,75528.51,1776183183000
1776183185.438,185.438,0.02,0.03,0.97,0.98,0.01,0.01,75521.76,1776183184000
1776183185.961,185.961,0.02,0.03,0.97,0.98,0.01,0.01,75521.76,1776183184000
1776183186.493,186.493,0.02,0.03,0.97,0.98,0.01,0.01,75519.68,1776183185000
1776183187.019,187.019,0.02,0.03,0.97,0.98,0.01,0.01,75519.68,1776183185000
1776183187.646,187.646,0.02,0.03,0.97,0.98,0.01,0.01,75515.32,1776183186000
1776183188.004,188.004,0.02,0.03,0.97,0.98,0.01,0.01,75515.32,1776183186000
1776183188.363,188.363,0.02,0.03,0.97,0.98,0.01,0.01,75510.89,1776183187000
1776183188.708,188.708,0.02,0.03,0.97,0.98,0.01,0.01,75510.89,1776183187000
1776183189.053,189.053,0.02,0.03,0.97,0.98,0.01,0.01,75510.89,1776183187000
1776183189.406,189.406,0.02,0.03,0.97,0.98,0.01,0.01,75512.41,1776183188000
1776183190.362,190.362,0.02,0.03,0.97,0.98,0.01,0.01,75513.35,1776183189000
1776183191.011,191.011,0.02,0.03,0.97,0.98,0.01,0.01,75511.08,1776183190000
1776183191.397,191.397,0.02,0.03,0.97,0.98,0.01,0.01,75511.08,1776183190000
1776183191.897,191.897,0.02,0.03,0.97,0.98,0.01,0.01,75511.08,1776183190000
1776183192.258,192.258,0.02,0.03,0.97,0.98,0.01,0.01,75508.01,1776183191000
1776183192.903,192.903,0.02,0.03,0.97,0.98,0.01,0.01,75508.01,1776183191000
1776183193.294,193.294,0.01,0.02,0.98,0.99,0.01,0.01,75508.01,1776183191000
1776183193.637,193.637,0.01,0.02,0.98,0.99,0.01,0.01,75504.78,1776183192000
1776183194.004,194.004,0.01,0.02,0.98,0.99,0.01,0.01,75504.78,1776183192000
1776183194.45,194.45,0.01,0.02,0.98,0.99,0.01,0.01,75504.78,1776183192000
1776183194.902,194.902,0.01,0.02,0.98,0.99,0.01,0.01,75503.88,1776183193000
1776183196.046,196.046,0.01,0.02,0.98,0.99,0.01,0.01,75503.88,1776183194000
1776183196.938,196.938,0.01,0.02,0.98,0.99,0.01,0.01,75507.91,1776183195000
1776183197.378,197.378,0.01,0.02,0.98,0.99,0.01,0.01,75507.25,1776183196000
1776183197.741,197.741,0.01,0.02,0.98,0.99,0.01,0.01,75507.25,1776183196000
1776183198.327,198.327,0.01,0.02,0.98,0.99,0.01,0.01,75508.36,1776183197000
1776183198.679,198.679,0.01,0.02,0.98,0.99,0.01,0.01,75508.36,1776183197000
1776183199.214,199.214,0.01,0.02,0.98,0.99,0.01,0.01,75508.36,1776183197000
1776183199.548,199.548,0.01,0.02,0.98,0.99,0.01,0.01,75500.99,1776183198000
1776183199.886,199.886,0.01,0.02,0.98,0.99,0.01,0.01,75500.99,1776183198000
1776183200.224,200.224,0.01,0.02,0.98,0.99,0.01,0.01,75496.78,1776183199000
1776183200.558,200.558,0.01,0.02,0.98,0.99,0.01,0.01,75496.78,1776183199000
1776183201.132,201.132,0.01,0.02,0.98,0.99,0.01,0.01,75490.85,1776183200000
1776183201.574,201.574,0.01,0.02,0.98,0.99,0.01,0.01,75490.85,1776183200000
1776183202.859,202.859,0.01,0.02,0.98,0.99,0.01,0.01,75490.85,1776183201000
1776183203.263,203.263,0.01,0.02,0.98,0.99,0.01,0.01,75490.85,1776183202000
1776183203.752,203.752,0.01,0.02,0.98,0.99,0.01,0.01,75490.85,1776183202000
1776183204.086,204.086,0.01,0.02,0.98,0.99,0.01,0.01,75490.85,1776183202000
1776183204.729,204.729,0.01,0.02,0.98,0.99,0.01,0.01,75490.32,1776183203000
1776183205.177,205.177,0.01,0.02,0.98,0.99,0.01,0.01,75489.54,1776183204000
1776183205.611,205.611,0.01,0.01,0.99,0.99,0.0,0.0,75489.54,1776183204000
1776183205.949,205.949,0.01,0.01,0.99,0.99,0.0,0.0,75489.54,1776183205000
1776183206.319,206.319,0.01,0.01,0.99,0.99,0.0,0.0,75489.54,1776183205000
1776183206.873,206.873,0.01,0.01,0.99,0.99,0.0,0.0,75488.91,1776183206000
1776183207.277,207.277,0.01,0.01,0.99,0.99,0.0,0.0,75488.91,1776183206000
1776183207.667,207.667,0.01,0.01,0.99,0.99,0.0,0.0,75488.91,1776183206000
1776183208.203,208.203,0.01,0.01,0.99,0.99,0.0,0.0,75488.91,1776183207000
1776183208.588,208.588,0.01,0.01,0.99,0.99,0.0,0.0,75488.91,1776183207000
1776183208.974,208.974,0.01,0.01,0.99,0.99,0.0,0.0,75488.91,1776183208000
1776183209.566,209.566,0.01,0.01,0.99,0.99,0.0,0.0,75488.91,1776183208000
1776183210.785,210.785,0.01,0.01,0.99,0.99,0.0,0.0,75490.28,1776183209000
1776183211.249,211.249,0.01,0.01,0.99,0.99,0.0,0.0,75488.91,1776183210000
1776183211.864,211.864,0.01,0.01,0.99,0.99,0.0,0.0,75488.91,1776183211000
1776183212.331,212.331,0.01,0.01,0.99,0.99,0.0,0.0,75488.91,1776183211000
1776183212.709,212.709,0.01,0.01,0.99,0.99,0.0,0.0,75488.91,1776183211000
1776183213.076,213.076,0.01,0.01,0.99,0.99,0.0,0.0,75485.11,1776183212000
1776183213.604,213.604,0.01,0.01,0.99,0.99,0.0,0.0,75485.11,1776183212000
1776183214.827,214.827,0.01,0.01,0.99,0.99,0.0,0.0,75484.83,1776183213000
1776183216.364,216.364,0.01,0.01,0.99,0.99,0.0,0.0,75485.44,1776183215000
1776183216.988,216.988,0.01,0.01,0.99,0.99,0.0,0.0,75485.44,1776183215000
1776183217.386,217.386,0.01,0.01,0.99,0.99,0.0,0.0,75487.43,1776183216000
1776183218.285,218.285,0.01,0.01,0.99,0.99,0.0,0.0,75487.43,1776183217000
1776183219.349,219.349,0.01,0.01,0.99,0.99,0.0,0.0,75487.43,1776183218000
1776183220.017,220.017,0.01,0.01,0.99,0.99,0.0,0.0,75487.43,1776183218000
1776183220.46,220.46,0.01,0.01,0.99,0.99,0.0,0.0,75487.43,1776183219000
1776183221.637,221.637,0.01,0.01,0.99,0.99,0.0,0.0,75487.52,1776183220000
1776183222.063,222.063,0.01,0.01,0.99,0.99,0.0,0.0,75487.52,1776183220000
1776183222.428,222.428,0.01,0.01,0.99,0.99,0.0,0.0,75490.67,1776183221000
1776183222.852,222.852,0.01,0.01,0.99,0.99,0.0,0.0,75490.67,1776183221000
1776183223.33,223.33,0.01,0.01,0.99,0.99,0.0,0.0,75494.96,1776183222000
1776183223.843,223.843,0.01,0.01,0.99,0.99,0.0,0.0,75494.96,1776183222000
1776183224.245,224.245,0.01,0.01,0.99,0.99,0.0,0.0,75494.96,1776183223000
1776183225.112,225.112,0.01,0.01,0.99,0.99,0.0,0.0,75495.18,1776183224000
1776183225.702,225.702,0.01,0.01,0.99,0.99,0.0,0.0,75495.18,1776183224000
1776183226.082,226.082,0.01,0.01,0.99,0.99,0.0,0.0,75495.18,1776183224000
1776183226.75,226.75,0.01,0.01,0.99,0.99,0.0,0.0,75491.73,1776183225000
1776183227.358,227.358,0.01,0.01,0.99,0.99,0.0,0.0,75486.11,1776183226000
1776183227.892,227.892,0.01,0.01,0.99,0.99,0.0,0.0,75484.62,1776183227000
1776183228.71,228.71,0.01,0.01,0.99,0.99,0.0,0.0,75484.62,1776183227000
1776183230.161,230.161,0.01,0.01,0.99,0.99,0.0,0.0,75474.3,1776183229000
1776183231.073,231.073,0.01,0.01,0.99,0.99,0.0,0.0,75474.3,1776183229000
1776183231.743,231.743,0.01,0.01,0.99,0.99,0.0,0.0,75473.77,1776183230000
1776183232.265,232.265,0.01,0.01,0.99,0.99,0.0,0.0,75473.77,1776183231000
1776183233.41,233.41,0.01,0.01,0.99,0.99,0.0,0.0,75473.89,1776183232000
1776183234.068,234.068,0.01,0.01,0.99,0.99,0.0,0.0,75476.1,1776183233000
1776183235.172,235.172,0.01,0.01,0.99,0.99,0.0,0.0,75480.27,1776183234000
1776183236.162,236.162,0.01,0.01,0.99,0.99,0.0,0.0,75480.34,1776183235000
1776183236.897,236.897,0.01,0.01,0.99,0.99,0.0,0.0,75480.34,1776183235000
1776183237.319,237.319,0.01,0.01,0.99,0.99,0.0,0.0,75482.11,1776183236000
1776183238.315,238.315,0.01,0.01,0.99,0.99,0.0,0.0,75492.81,1776183237000
1776183238.892,238.892,0.01,0.01,0.99,0.99,0.0,0.0,75493.63,1776183238000
1776183239.243,239.243,0.01,0.01,0.99,0.99,0.0,0.0,75493.63,1776183238000
1776183239.936,239.936,0.01,0.01,0.99,0.99,0.0,0.0,75493.63,1776183238000
1776183241.268,241.268,0.01,0.01,0.99,0.99,0.0,0.0,75499.71,1776183240000
1776183242.291,242.291,0.01,0.01,0.99,0.99,0.0,0.0,75499.71,1776183240000
1776183242.701,242.701,0.01,0.01,0.99,0.99,0.0,0.0,75498.45,1776183241000
1776183243.339,243.339,0.01,0.01,0.99,0.99,0.0,0.0,75500.29,1776183242000
1776183244.053,244.053,0.01,0.01,0.99,0.99,0.0,0.0,75500.29,1776183243000
1776183245.118,245.118,0.01,0.01,0.99,0.99,0.0,0.0,75500.83,1776183244000
1776183246.275,246.275,0.01,0.01,0.99,0.99,0.0,0.0,75500.83,1776183244000
1776183247.481,247.481,0.01,0.01,0.99,0.99,0.0,0.0,75511.53,1776183246000
1776183248.16,248.16,0.01,0.01,0.99,0.99,0.0,0.0,75511.53,1776183246000
1776183248.511,248.511,0.01,0.01,0.99,0.99,0.0,0.0,75512.28,1776183247000
1776183249.171,249.171,0.01,0.01,0.99,0.99,0.0,0.0,75512.28,1776183247000
1776183250.477,250.477,0.01,0.01,0.99,0.99,0.0,0.0,75512.33,1776183248000
1776183251.516,251.516,0.01,0.01,0.99,0.99,0.0,0.0,75512.79,1776183250000
1776183252.327,252.327,0.01,0.01,0.99,0.99,0.0,0.0,75512.79,1776183251000
1776183253.097,253.097,0.01,0.01,0.99,0.99,0.0,0.0,75512.79,1776183252000
1776183254.947,254.947,0.01,0.01,0.99,0.99,0.0,0.0,75512.79,1776183253000
1776183255.725,255.725,0.01,0.01,0.99,0.99,0.0,0.0,75513.5,1776183254000
1776183256.593,256.593,0.01,0.01,0.99,0.99,0.0,0.0,75518.83,1776183255000
1776183257.46,257.46,0.01,0.01,0.99,0.99,0.0,0.0,75520.01,1776183256000
1776183257.872,257.872,0.01,0.01,0.99,0.99,0.0,0.0,75520.01,1776183256000
1776183260.171,260.171,0.01,0.01,0.99,0.99,0.0,0.0,75520.01,1776183256000
1776183262.133,262.133,0.01,0.01,0.99,0.99,0.0,0.0,75520.01,1776183256000
1776183263.52,263.52,0.01,0.01,0.99,0.99,0.0,0.0,75520.01,1776183256000
1776183265.363,265.363,0.01,0.01,0.99,0.99,0.0,0.0,75520.01,1776183256000
1776183266.706,266.706,0.01,0.01,0.99,0.99,0.0,0.0,75516.21,1776183265000
1776183267.354,267.354,0.01,0.01,0.99,0.99,0.0,0.0,75515.98,1776183266000
1776183268.138,268.138,0.01,0.01,0.99,0.99,0.0,0.0,75515.98,1776183266000
1776183269.047,269.047,0.01,0.01,0.99,0.99,0.0,0.0,75515.34,1776183268000
1776183270.412,270.412,0.01,0.01,0.99,0.99,0.0,0.0,75519.15,1776183269000
1776183271.133,271.133,0.01,0.01,0.99,0.99,0.0,0.0,75518.32,1776183270000
1776183272.55,272.55,0.01,0.01,0.99,0.99,0.0,0.0,75516.6,1776183271000
1776183273.341,273.341,0.01,0.01,0.99,0.99,0.0,0.0,75514.93,1776183272000
1776183274.097,274.097,0.01,0.01,0.99,0.99,0.0,0.0,75514.93,1776183272000
1776183274.716,274.716,0.01,0.01,0.99,0.99,0.0,0.0,75515.25,1776183273000
1776183275.403,275.403,0.01,0.01,0.99,0.99,0.0,0.0,75512.47,1776183274000
1776183276.135,276.135,0.01,0.01,0.99,0.99,0.0,0.0,75512.75,1776183275000
1776183277.462,277.462,0.01,0.01,0.99,0.99,0.0,0.0,75517.4,1776183276000
1776183278.281,278.281,0.01,0.01,0.99,0.99,0.0,0.0,75518.51,1776183277000
1776183278.66,278.66,0.01,0.01,0.99,0.99,0.0,0.0,75518.51,1776183277000
1776183279.584,279.584,0.01,0.01,0.99,0.99,0.0,0.0,75519.2,1776183278000
1776183280.328,280.328,0.01,0.01,0.99,0.99,0.0,0.0,75520.55,1776183279000
1776183281.674,281.674,0.01,0.01,0.99,0.99,0.0,0.0,75524.04,1776183280000
1776183282.324,282.324,0.01,0.01,0.99,0.99,0.0,0.0,75524.05,1776183281000
1776183283.051,283.051,0.01,0.01,0.99,0.99,0.0,0.0,75526.83,1776183282000
1776183284.23,284.23,0.01,0.01,0.99,0.99,0.0,0.0,75526.83,1776183282000
1776183285.401,285.401,0.01,0.01,0.99,0.99,0.0,0.0,75528.68,1776183283000
1776183285.962,285.962,0.01,0.01,0.99,0.99,0.0,0.0,75527.05,1776183285000
1776183286.946,286.946,0.01,0.01,0.99,0.99,0.0,0.0,75527.05,1776183286000
1776183287.917,287.917,0.01,0.01,0.99,0.99,0.0,0.0,75528.83,1776183287000
1776183288.313,288.313,0.01,0.01,0.99,0.99,0.0,0.0,75528.83,1776183287000
1776183288.886,288.886,0.01,0.01,0.99,0.99,0.0,0.0,75527.83,1776183288000
1776183290.31,290.31,0.01,0.01,0.99,0.99,0.0,0.0,75526.95,1776183289000
1776183291.314,291.314,0.01,0.01,0.99,0.99,0.0,0.0,75526.72,1776183290000
1776183292.135,292.135,0.01,0.01,0.99,0.99,0.0,0.0,75526.72,1776183291000
1776183293.129,293.129,0.01,0.01,0.99,0.99,0.0,0.0,75526.72,1776183292000
1776183294.051,294.051,0.01,0.01,0.99,0.99,0.0,0.0,75524.14,1776183293000
1776183294.944,294.944,0.01,0.01,0.99,0.99,0.0,0.0,75522.58,1776183294000
1776183295.936,295.936,0.01,0.01,0.99,0.99,0.0,0.0,75522.58,1776183295000
1776183296.963,296.963,0.01,0.01,0.99,0.99,0.0,0.0,75523.72,1776183296000
1776183297.606,297.606,0.01,0.01,0.99,0.99,0.0,0.0,75523.72,1776183296000
1776183298.456,298.456,0.01,0.01,0.99,0.99,0.0,0.0,75521.08,1776183297000
1776183298.957,298.957,0.01,0.01,0.99,0.99,0.0,0.0,75523.69,1776183298000
1776183300.368,300.368,0.01,0.01,0.99,0.99,0.0,0.0,75523.69,1776183298000
1776183300.915,300.915,0.01,0.01,0.99,0.99,0.0,0.0,75523.69,1776183298000
1776183301.334,301.334,0.01,0.01,0.99,0.99,0.0,0.0,75523.72,1776183300000
1776183302.152,302.152,0.01,0.01,0.99,0.99,0.0,0.0,75523.72,1776183301000

# RESULT,winner=Down,slug=btc-updown-5m-1776183000,ticks=574
