timestamp,elapsed_sec,up_bid,up_ask,down_bid,down_ask,up_spread,down_spread,btc_price,btc_oracle_ts
1777218900.639,0.639,0.34,0.35,0.6,0.61,0.01,0.01,78066.08,1777218899000
1777218901.012,1.012,0.34,0.41,0.59,0.66,0.07,0.07,78066.08,1777218899000
1777218901.491,1.491,0.38,0.39,0.61,0.62,0.01,0.01,78066.08,1777218900000
1777218901.901,1.901,0.4,0.41,0.59,0.6,0.01,0.01,78066.08,1777218900000
1777218902.447,2.447,0.4,0.41,0.59,0.6,0.01,0.01,78066.08,1777218900000
1777218902.786,2.786,0.41,0.42,0.58,0.6,0.01,0.02,78066.08,1777218901000
1777218903.134,3.134,0.41,0.42,0.58,0.59,0.01,0.01,78066.08,1777218901000
1777218903.483,3.483,0.41,0.42,0.58,0.59,0.01,0.01,78066.15,1777218902000
1777218903.907,3.907,0.43,0.44,0.56,0.57,0.01,0.01,78066.15,1777218902000
1777218904.361,4.361,0.43,0.44,0.56,0.57,0.01,0.01,78066.15,1777218902000
1777218904.744,4.744,0.43,0.44,0.56,0.57,0.01,0.01,78066.15,1777218903000
1777218905.095,5.095,0.43,0.44,0.56,0.57,0.01,0.01,78066.04,1777218904000
1777218905.661,5.661,0.43,0.44,0.56,0.57,0.01,0.01,78066.04,1777218904000
1777218906.143,6.143,0.43,0.44,0.56,0.57,0.01,0.01,78066.04,1777218904000
1777218906.547,6.547,0.43,0.44,0.56,0.57,0.01,0.01,78065.98,1777218905000
1777218906.899,6.899,0.43,0.44,0.56,0.57,0.01,0.01,78065.98,1777218905000
1777218907.288,7.288,0.43,0.44,0.56,0.57,0.01,0.01,78065.98,1777218905000
1777218907.7,7.7,0.43,0.44,0.56,0.57,0.01,0.01,78065.99,1777218906000
1777218908.034,8.034,0.43,0.44,0.56,0.57,0.01,0.01,78065.99,1777218907000
1777218908.571,8.571,0.43,0.44,0.56,0.57,0.01,0.01,78065.99,1777218907000
1777218908.992,8.992,0.43,0.45,0.56,0.57,0.02,0.01,78065.99,1777218907000
1777218909.503,9.503,0.44,0.45,0.55,0.56,0.01,0.01,78065.99,1777218908000
1777218910.007,10.007,0.44,0.45,0.55,0.56,0.01,0.01,78066.0,1777218909000
1777218910.419,10.419,0.44,0.45,0.55,0.56,0.01,0.01,78066.0,1777218909000
1777218910.855,10.855,0.45,0.46,0.54,0.55,0.01,0.01,78066.0,1777218909000
1777218911.203,11.203,0.46,0.47,0.53,0.55,0.01,0.02,78066.26,1777218910000
1777218911.596,11.596,0.46,0.47,0.53,0.54,0.01,0.01,78066.26,1777218910000
1777218911.972,11.972,0.46,0.47,0.53,0.54,0.01,0.01,78066.26,1777218910000
1777218912.325,12.325,0.46,0.47,0.53,0.54,0.01,0.01,78066.26,1777218911000
1777218912.684,12.684,0.46,0.47,0.53,0.54,0.01,0.01,78066.26,1777218911000
1777218913.029,13.029,0.46,0.47,0.53,0.54,0.01,0.01,78066.26,1777218912000
1777218913.583,13.583,0.46,0.47,0.53,0.54,0.01,0.01,78066.26,1777218912000
1777218913.918,13.918,0.46,0.47,0.53,0.54,0.01,0.01,78066.27,1777218913000
1777218914.264,14.264,0.46,0.47,0.53,0.54,0.01,0.01,78066.27,1777218913000
1777218914.769,14.769,0.46,0.47,0.53,0.54,0.01,0.01,78066.27,1777218913000
1777218915.126,15.126,0.46,0.47,0.53,0.54,0.01,0.01,78066.26,1777218914000
1777218915.699,15.699,0.46,0.47,0.53,0.54,0.01,0.01,78066.26,1777218914000
1777218916.137,16.137,0.46,0.47,0.53,0.54,0.01,0.01,78066.26,1777218914000
1777218916.491,16.491,0.46,0.47,0.53,0.54,0.01,0.01,78065.82,1777218915000
1777218917.048,17.048,0.46,0.47,0.53,0.54,0.01,0.01,78065.82,1777218915000
1777218917.613,17.613,0.45,0.46,0.54,0.55,0.01,0.01,78065.81,1777218916000
1777218918.151,18.151,0.45,0.46,0.54,0.55,0.01,0.01,78065.81,1777218916000
1777218918.544,18.544,0.45,0.46,0.54,0.55,0.01,0.01,78065.81,1777218917000
1777218918.887,18.887,0.45,0.46,0.54,0.55,0.01,0.01,78065.81,1777218917000
1777218919.317,19.317,0.45,0.46,0.54,0.55,0.01,0.01,78065.81,1777218918000
1777218919.768,19.768,0.45,0.46,0.54,0.55,0.01,0.01,78065.81,1777218918000
1777218920.306,20.306,0.45,0.46,0.54,0.55,0.01,0.01,78065.64,1777218919000
1777218920.71,20.71,0.45,0.46,0.54,0.55,0.01,0.01,78065.64,1777218919000
1777218921.137,21.137,0.45,0.46,0.54,0.55,0.01,0.01,78065.64,1777218919000
1777218921.493,21.493,0.45,0.46,0.54,0.55,0.01,0.01,78065.64,1777218919000
1777218921.911,21.911,0.45,0.46,0.54,0.55,0.01,0.01,78065.64,1777218920000
1777218922.408,22.408,0.45,0.46,0.54,0.55,0.01,0.01,78065.64,1777218921000
1777218922.743,22.743,0.45,0.46,0.54,0.55,0.01,0.01,78065.64,1777218921000
1777218923.186,23.186,0.44,0.45,0.54,0.56,0.01,0.02,78065.64,1777218921000
1777218923.557,23.557,0.44,0.45,0.55,0.56,0.01,0.01,78065.64,1777218922000
1777218923.938,23.938,0.44,0.45,0.55,0.56,0.01,0.01,78065.64,1777218922000
1777218924.363,24.363,0.44,0.45,0.55,0.56,0.01,0.01,78065.57,1777218923000
1777218924.715,24.715,0.44,0.45,0.55,0.56,0.01,0.01,78065.57,1777218923000
1777218925.202,25.202,0.44,0.45,0.55,0.56,0.01,0.01,78065.57,1777218923000
1777218925.864,25.864,0.44,0.45,0.55,0.56,0.01,0.01,78065.67,1777218924000
1777218926.477,26.477,0.44,0.45,0.55,0.56,0.01,0.01,78065.67,1777218925000
1777218926.842,26.842,0.44,0.45,0.55,0.56,0.01,0.01,78065.67,1777218925000
1777218927.19,27.19,0.44,0.45,0.55,0.56,0.01,0.01,78065.67,1777218926000
1777218927.538,27.538,0.44,0.45,0.55,0.56,0.01,0.01,78065.67,1777218926000
1777218927.88,27.88,0.44,0.45,0.55,0.56,0.01,0.01,78065.67,1777218926000
1777218928.48,28.48,0.44,0.45,0.55,0.56,0.01,0.01,78065.58,1777218927000
1777218928.928,28.928,0.44,0.45,0.55,0.56,0.01,0.01,78065.58,1777218927000
1777218929.365,29.365,0.44,0.45,0.55,0.56,0.01,0.01,78065.58,1777218928000
1777218929.891,29.891,0.44,0.45,0.55,0.56,0.01,0.01,78065.58,1777218928000
1777218930.29,30.29,0.44,0.45,0.55,0.56,0.01,0.01,78065.58,1777218928000
1777218930.792,30.792,0.44,0.46,0.55,0.56,0.02,0.01,78065.58,1777218929000
1777218931.191,31.191,0.45,0.46,0.54,0.55,0.01,0.01,78065.58,1777218930000
1777218931.534,31.534,0.45,0.46,0.54,0.55,0.01,0.01,78065.58,1777218930000
1777218931.909,31.909,0.45,0.46,0.54,0.55,0.01,0.01,78065.58,1777218930000
1777218932.29,32.29,0.45,0.46,0.54,0.55,0.01,0.01,78065.58,1777218931000
1777218932.702,32.702,0.45,0.46,0.54,0.55,0.01,0.01,78065.58,1777218931000
1777218933.168,33.168,0.46,0.47,0.53,0.54,0.01,0.01,78065.51,1777218932000
1777218933.521,33.521,0.46,0.47,0.53,0.54,0.01,0.01,78065.51,1777218932000
1777218933.984,33.984,0.46,0.47,0.53,0.54,0.01,0.01,78065.51,1777218933000
1777218934.325,34.325,0.46,0.47,0.53,0.54,0.01,0.01,78065.51,1777218933000
1777218934.663,34.663,0.46,0.47,0.53,0.54,0.01,0.01,78065.51,1777218933000
1777218935.148,35.148,0.46,0.47,0.53,0.54,0.01,0.01,78065.51,1777218933000
1777218935.545,35.545,0.46,0.47,0.53,0.54,0.01,0.01,78065.51,1777218934000
1777218936.024,36.024,0.46,0.47,0.53,0.54,0.01,0.01,78065.51,1777218935000
1777218936.446,36.446,0.46,0.47,0.53,0.54,0.01,0.01,78065.51,1777218935000
1777218936.945,36.945,0.46,0.47,0.53,0.54,0.01,0.01,78065.51,1777218935000
1777218937.415,37.415,0.46,0.47,0.53,0.54,0.01,0.01,78065.48,1777218936000
1777218937.791,37.791,0.46,0.47,0.53,0.54,0.01,0.01,78065.48,1777218936000
1777218938.128,38.128,0.46,0.47,0.53,0.54,0.01,0.01,78065.48,1777218936000
1777218938.822,38.822,0.46,0.47,0.53,0.54,0.01,0.01,78065.61,1777218937000
1777218939.187,39.187,0.45,0.46,0.54,0.55,0.01,0.01,78065.61,1777218937000
1777218939.819,39.819,0.45,0.46,0.54,0.55,0.01,0.01,78065.62,1777218938000
1777218940.236,40.236,0.45,0.46,0.54,0.55,0.01,0.01,78065.59,1777218939000
1777218940.788,40.788,0.45,0.46,0.54,0.55,0.01,0.01,78065.59,1777218939000
1777218941.265,41.265,0.44,0.46,0.54,0.55,0.02,0.01,78065.59,1777218939000
1777218941.601,41.601,0.44,0.45,0.55,0.56,0.01,0.01,78066.05,1777218940000
1777218942.413,42.413,0.44,0.45,0.55,0.56,0.01,0.01,78066.05,1777218940000
1777218942.902,42.902,0.44,0.45,0.55,0.56,0.01,0.01,78066.05,1777218940000
1777218943.243,43.243,0.44,0.45,0.55,0.56,0.01,0.01,78066.05,1777218940000
1777218943.72,43.72,0.44,0.45,0.55,0.56,0.01,0.01,78066.05,1777218940000
1777218944.127,44.127,0.43,0.44,0.56,0.57,0.01,0.01,78066.05,1777218940000
1777218945.507,45.507,0.43,0.44,0.56,0.57,0.01,0.01,78066.07,1777218943000
1777218946.032,46.032,0.43,0.44,0.56,0.57,0.01,0.01,78066.07,1777218943000
1777218946.464,46.464,0.43,0.44,0.56,0.57,0.01,0.01,78066.07,1777218944000
1777218946.892,46.892,0.43,0.44,0.56,0.57,0.01,0.01,78066.07,1777218944000
1777218947.797,47.797,0.44,0.45,0.55,0.57,0.01,0.02,78066.07,1777218945000
1777218948.142,48.142,0.44,0.45,0.55,0.56,0.01,0.01,78065.83,1777218946000
1777218948.619,48.619,0.44,0.45,0.55,0.56,0.01,0.01,78065.83,1777218946000
1777218948.989,48.989,0.41,0.45,0.55,0.56,0.04,0.01,78065.79,1777218947000
1777218949.361,49.361,0.42,0.43,0.57,0.58,0.01,0.01,78065.79,1777218947000
1777218949.709,49.709,0.38,0.43,0.57,0.58,0.05,0.01,78065.79,1777218948000
1777218950.073,50.073,0.4,0.41,0.59,0.6,0.01,0.01,78065.79,1777218948000
1777218950.5,50.5,0.4,0.41,0.59,0.6,0.01,0.01,78065.78,1777218949000
1777218950.882,50.882,0.4,0.41,0.59,0.6,0.01,0.01,78065.78,1777218949000
1777218951.227,51.227,0.4,0.41,0.59,0.6,0.01,0.01,78065.78,1777218949000
1777218951.594,51.594,0.4,0.41,0.59,0.6,0.01,0.01,78065.78,1777218950000
1777218951.997,51.997,0.38,0.39,0.61,0.62,0.01,0.01,78065.78,1777218950000
1777218952.508,52.508,0.37,0.38,0.62,0.63,0.01,0.01,78065.86,1777218951000
1777218952.979,52.979,0.37,0.38,0.62,0.63,0.01,0.01,78065.86,1777218951000
1777218953.39,53.39,0.37,0.38,0.62,0.63,0.01,0.01,78065.86,1777218951000
1777218953.739,53.739,0.37,0.38,0.62,0.63,0.01,0.01,78065.82,1777218952000
1777218954.161,54.161,0.37,0.38,0.62,0.63,0.01,0.01,78065.21,1777218953000
1777218954.734,54.734,0.37,0.38,0.62,0.63,0.01,0.01,78065.21,1777218953000
1777218955.148,55.148,0.37,0.38,0.62,0.63,0.01,0.01,78065.21,1777218953000
1777218955.922,55.922,0.37,0.38,0.62,0.63,0.01,0.01,78064.95,1777218954000
1777218956.271,56.271,0.37,0.38,0.62,0.63,0.01,0.01,78064.95,1777218954000
1777218956.798,56.798,0.37,0.38,0.62,0.63,0.01,0.01,78064.98,1777218955000
1777218957.148,57.148,0.37,0.38,0.62,0.63,0.01,0.01,78064.98,1777218956000
1777218957.656,57.656,0.37,0.38,0.62,0.63,0.01,0.01,78064.98,1777218956000
1777218957.997,57.997,0.37,0.38,0.62,0.63,0.01,0.01,78064.98,1777218956000
1777218958.349,58.349,0.37,0.38,0.62,0.63,0.01,0.01,78064.46,1777218957000
1777218959.529,59.529,0.37,0.38,0.62,0.63,0.01,0.01,78065.07,1777218958000
1777218959.867,59.867,0.28,0.38,0.62,0.72,0.1,0.1,78065.07,1777218958000
1777218960.205,60.205,0.34,0.36,0.64,0.66,0.02,0.02,78065.07,1777218959000
1777218960.565,60.565,0.34,0.35,0.64,0.66,0.01,0.02,78065.07,1777218959000
1777218960.92,60.92,0.34,0.35,0.65,0.66,0.01,0.01,78065.07,1777218959000
1777218961.328,61.328,0.32,0.34,0.66,0.67,0.02,0.01,78065.07,1777218959000
1777218961.709,61.709,0.32,0.33,0.67,0.68,0.01,0.01,78064.33,1777218960000
1777218962.396,62.396,0.32,0.33,0.67,0.68,0.01,0.01,78064.33,1777218960000
1777218962.753,62.753,0.32,0.33,0.67,0.68,0.01,0.01,78064.33,1777218960000
1777218963.108,63.108,0.32,0.33,0.67,0.68,0.01,0.01,78063.13,1777218961000
1777218963.485,63.485,0.32,0.33,0.67,0.68,0.01,0.01,78063.13,1777218962000
1777218963.908,63.908,0.32,0.33,0.67,0.68,0.01,0.01,78063.13,1777218962000
1777218964.387,64.387,0.31,0.32,0.68,0.69,0.01,0.01,78063.13,1777218962000
1777218964.739,64.739,0.33,0.35,0.66,0.68,0.02,0.02,78063.13,1777218963000
1777218965.158,65.158,0.34,0.35,0.65,0.66,0.01,0.01,78063.13,1777218963000
1777218965.509,65.509,0.33,0.34,0.65,0.67,0.01,0.02,78063.13,1777218964000
1777218966.283,66.283,0.33,0.34,0.66,0.67,0.01,0.01,78063.13,1777218964000
1777218966.616,66.616,0.33,0.34,0.66,0.67,0.01,0.01,78063.14,1777218965000
1777218966.952,66.952,0.33,0.35,0.66,0.67,0.02,0.01,78063.14,1777218965000
1777218967.536,67.536,0.33,0.34,0.66,0.67,0.01,0.01,78063.14,1777218966000
1777218967.888,67.888,0.33,0.34,0.66,0.67,0.01,0.01,78063.14,1777218966000
1777218968.432,68.432,0.33,0.34,0.66,0.67,0.01,0.01,78063.14,1777218967000
1777218968.818,68.818,0.33,0.34,0.66,0.67,0.01,0.01,78063.14,1777218967000
1777218969.245,69.245,0.33,0.34,0.66,0.67,0.01,0.01,78063.14,1777218968000
1777218969.629,69.629,0.33,0.34,0.66,0.67,0.01,0.01,78063.14,1777218968000
1777218970.048,70.048,0.33,0.34,0.66,0.67,0.01,0.01,78063.14,1777218968000
1777218970.415,70.415,0.33,0.34,0.66,0.67,0.01,0.01,78063.14,1777218968000
1777218970.781,70.781,0.33,0.34,0.66,0.67,0.01,0.01,78062.92,1777218969000
1777218971.157,71.157,0.32,0.34,0.66,0.67,0.02,0.01,78062.73,1777218970000
1777218971.916,71.916,0.32,0.33,0.67,0.68,0.01,0.01,78062.73,1777218970000
1777218972.259,72.259,0.32,0.33,0.67,0.68,0.01,0.01,78062.73,1777218971000
1777218972.958,72.958,0.32,0.33,0.67,0.68,0.01,0.01,78062.73,1777218971000
1777218973.295,73.295,0.32,0.33,0.67,0.68,0.01,0.01,78062.73,1777218972000
1777218973.779,73.779,0.32,0.33,0.67,0.68,0.01,0.01,78062.73,1777218972000
1777218974.18,74.18,0.32,0.33,0.67,0.68,0.01,0.01,78062.73,1777218972000
1777218974.596,74.596,0.32,0.33,0.67,0.68,0.01,0.01,78062.86,1777218973000
1777218975.107,75.107,0.33,0.34,0.66,0.67,0.01,0.01,78062.86,1777218973000
1777218975.529,75.529,0.33,0.34,0.66,0.67,0.01,0.01,78062.88,1777218974000
1777218975.938,75.938,0.33,0.34,0.66,0.67,0.01,0.01,78062.88,1777218974000
1777218977.218,77.218,0.33,0.34,0.66,0.67,0.01,0.01,78062.88,1777218975000
1777218977.643,77.643,0.33,0.34,0.66,0.67,0.01,0.01,78062.88,1777218975000
1777218978.154,78.154,0.33,0.34,0.66,0.67,0.01,0.01,78062.49,1777218976000
1777218978.624,78.624,0.33,0.34,0.66,0.67,0.01,0.01,78062.35,1777218977000
1777218979.136,79.136,0.34,0.35,0.65,0.66,0.01,0.01,78062.35,1777218977000
1777218979.482,79.482,0.34,0.35,0.65,0.66,0.01,0.01,78061.99,1777218978000
1777218979.915,79.915,0.34,0.35,0.65,0.66,0.01,0.01,78061.99,1777218978000
1777218980.264,80.264,0.34,0.35,0.65,0.66,0.01,0.01,78061.99,1777218978000
1777218981.041,81.041,0.34,0.35,0.65,0.66,0.01,0.01,78062.6,1777218980000
1777218981.533,81.533,0.34,0.35,0.65,0.66,0.01,0.01,78062.6,1777218980000
1777218982.037,82.037,0.34,0.35,0.65,0.66,0.01,0.01,78062.6,1777218981000
1777218982.447,82.447,0.34,0.35,0.65,0.66,0.01,0.01,78062.6,1777218981000
1777218982.799,82.799,0.34,0.35,0.65,0.66,0.01,0.01,78062.6,1777218981000
1777218983.238,83.238,0.34,0.35,0.65,0.66,0.01,0.01,78062.57,1777218982000
1777218983.792,83.792,0.34,0.35,0.65,0.66,0.01,0.01,78062.57,1777218982000
1777218984.159,84.159,0.34,0.35,0.65,0.66,0.01,0.01,78062.57,1777218983000
1777218984.744,84.744,0.34,0.35,0.65,0.66,0.01,0.01,78062.57,1777218983000
1777218985.165,85.165,0.34,0.35,0.65,0.66,0.01,0.01,78062.57,1777218984000
1777218985.544,85.544,0.35,0.36,0.64,0.65,0.01,0.01,78062.57,1777218984000
1777218986.266,86.266,0.35,0.36,0.64,0.65,0.01,0.01,78062.57,1777218985000
1777218986.666,86.666,0.35,0.36,0.64,0.65,0.01,0.01,78062.57,1777218985000
1777218987.107,87.107,0.35,0.36,0.64,0.65,0.01,0.01,78062.57,1777218985000
1777218987.757,87.757,0.35,0.36,0.64,0.65,0.01,0.01,78062.57,1777218986000
1777218988.391,88.391,0.35,0.36,0.64,0.65,0.01,0.01,78062.57,1777218987000
1777218988.747,88.747,0.35,0.36,0.64,0.65,0.01,0.01,78062.57,1777218987000
1777218989.151,89.151,0.35,0.36,0.64,0.65,0.01,0.01,78062.57,1777218988000
1777218989.711,89.711,0.35,0.36,0.64,0.65,0.01,0.01,78062.57,1777218988000
1777218990.07,90.07,0.34,0.36,0.64,0.66,0.02,0.02,78062.57,1777218988000
1777218990.403,90.403,0.24,0.27,0.69,0.75,0.03,0.06,78062.57,1777218989000
1777218990.737,90.737,0.23,0.25,0.75,0.78,0.02,0.03,78062.57,1777218989000
1777218991.084,91.084,0.2,0.21,0.79,0.8,0.01,0.01,78062.57,1777218989000
1777218991.435,91.435,0.2,0.21,0.79,0.8,0.01,0.01,78062.57,1777218989000
1777218991.818,91.818,0.2,0.21,0.79,0.8,0.01,0.01,78056.22,1777218990000
1777218992.251,92.251,0.2,0.21,0.79,0.8,0.01,0.01,78056.22,1777218990000
1777218992.605,92.605,0.2,0.21,0.79,0.8,0.01,0.01,78053.85,1777218991000
1777218993.165,93.165,0.2,0.21,0.79,0.8,0.01,0.01,78053.85,1777218991000
1777218993.513,93.513,0.19,0.2,0.8,0.81,0.01,0.01,78052.28,1777218992000
1777218993.859,93.859,0.19,0.2,0.8,0.81,0.01,0.01,78052.28,1777218992000
1777218994.214,94.214,0.19,0.2,0.8,0.81,0.01,0.01,78052.28,1777218992000
1777218994.55,94.55,0.14,0.17,0.83,0.86,0.03,0.03,78052.28,1777218992000
1777218994.917,94.917,0.14,0.15,0.85,0.86,0.01,0.01,78051.99,1777218993000
1777218995.358,95.358,0.13,0.14,0.86,0.87,0.01,0.01,78051.99,1777218993000
1777218995.71,95.71,0.13,0.14,0.86,0.87,0.01,0.01,78051.67,1777218994000
1777218996.125,96.125,0.13,0.14,0.86,0.87,0.01,0.01,78051.67,1777218994000
1777218996.535,96.535,0.13,0.14,0.86,0.87,0.01,0.01,78051.67,1777218994000
1777218996.873,96.873,0.13,0.14,0.86,0.87,0.01,0.01,78044.51,1777218995000
1777218997.263,97.263,0.13,0.14,0.86,0.87,0.01,0.01,78042.29,1777218996000
1777218997.717,97.717,0.13,0.14,0.86,0.87,0.01,0.01,78042.29,1777218996000
1777218998.124,98.124,0.13,0.15,0.86,0.87,0.02,0.01,78042.29,1777218996000
1777218998.531,98.531,0.14,0.15,0.85,0.86,0.01,0.01,78042.29,1777218996000
1777218998.864,98.864,0.14,0.15,0.85,0.86,0.01,0.01,78042.73,1777218997000
1777218999.326,99.326,0.14,0.15,0.85,0.86,0.01,0.01,78042.73,1777218997000
1777218999.698,99.698,0.14,0.15,0.85,0.86,0.01,0.01,78042.75,1777218998000
1777219000.068,100.068,0.14,0.15,0.85,0.86,0.01,0.01,78042.75,1777218998000
1777219000.413,100.413,0.13,0.14,0.86,0.87,0.01,0.01,78042.77,1777218999000
1777219000.755,100.755,0.14,0.15,0.85,0.86,0.01,0.01,78042.77,1777218999000
1777219001.095,101.095,0.13,0.14,0.86,0.87,0.01,0.01,78042.77,1777218999000
1777219001.443,101.443,0.13,0.14,0.86,0.87,0.01,0.01,78042.77,1777218999000
1777219001.885,101.885,0.13,0.14,0.86,0.87,0.01,0.01,78042.77,1777219000000
1777219002.36,102.36,0.13,0.14,0.86,0.87,0.01,0.01,78042.77,1777219000000
1777219002.795,102.795,0.14,0.15,0.85,0.86,0.01,0.01,78042.77,1777219001000
1777219003.159,103.159,0.14,0.15,0.85,0.86,0.01,0.01,78042.77,1777219001000
1777219003.764,103.764,0.14,0.15,0.85,0.86,0.01,0.01,78042.91,1777219002000
1777219004.111,104.111,0.14,0.15,0.85,0.86,0.01,0.01,78042.91,1777219002000
1777219004.487,104.487,0.14,0.15,0.85,0.86,0.01,0.01,78042.91,1777219003000
1777219005.023,105.023,0.14,0.15,0.85,0.86,0.01,0.01,78042.91,1777219003000
1777219006.022,106.022,0.14,0.15,0.85,0.86,0.01,0.01,78042.91,1777219004000
1777219006.688,106.688,0.14,0.15,0.85,0.86,0.01,0.01,78042.91,1777219004000
1777219007.117,107.117,0.13,0.14,0.86,0.87,0.01,0.01,78043.46,1777219005000
1777219007.461,107.461,0.13,0.14,0.86,0.87,0.01,0.01,78043.46,1777219006000
1777219007.839,107.839,0.13,0.14,0.86,0.87,0.01,0.01,78043.46,1777219006000
1777219008.182,108.182,0.12,0.13,0.86,0.87,0.01,0.01,78043.47,1777219007000
1777219008.548,108.548,0.11,0.12,0.88,0.89,0.01,0.01,78043.47,1777219007000
1777219009.017,109.017,0.11,0.12,0.88,0.89,0.01,0.01,78043.47,1777219007000
1777219009.412,109.412,0.11,0.12,0.88,0.89,0.01,0.01,78043.47,1777219007000
1777219010.073,110.073,0.11,0.13,0.87,0.89,0.02,0.02,78042.45,1777219009000
1777219010.522,110.522,0.12,0.13,0.87,0.88,0.01,0.01,78042.45,1777219009000
1777219010.954,110.954,0.12,0.13,0.87,0.88,0.01,0.01,78042.45,1777219009000
1777219011.389,111.389,0.12,0.13,0.87,0.88,0.01,0.01,78042.45,1777219009000
1777219011.851,111.851,0.13,0.14,0.86,0.87,0.01,0.01,78041.07,1777219010000
1777219012.494,112.494,0.12,0.13,0.87,0.88,0.01,0.01,78041.09,1777219011000
1777219012.828,112.828,0.11,0.13,0.87,0.88,0.02,0.01,78041.09,1777219011000
1777219013.277,113.277,0.11,0.12,0.88,0.89,0.01,0.01,78041.09,1777219012000
1777219013.764,113.764,0.12,0.13,0.87,0.88,0.01,0.01,78041.09,1777219012000
1777219014.119,114.119,0.12,0.14,0.87,0.88,0.02,0.01,78041.09,1777219012000
1777219014.672,114.672,0.12,0.13,0.87,0.88,0.01,0.01,78041.0,1777219013000
1777219015.059,115.059,0.13,0.14,0.86,0.88,0.01,0.02,78041.0,1777219013000
1777219015.423,115.423,0.13,0.14,0.86,0.87,0.01,0.01,78041.71,1777219014000
1777219016.082,116.082,0.13,0.14,0.86,0.87,0.01,0.01,78041.71,1777219014000
1777219016.503,116.503,0.13,0.14,0.86,0.87,0.01,0.01,78041.71,1777219014000
1777219016.846,116.846,0.13,0.14,0.86,0.87,0.01,0.01,78041.71,1777219014000
1777219017.239,117.239,0.13,0.14,0.86,0.87,0.01,0.01,78041.71,1777219014000
1777219017.634,117.634,0.14,0.15,0.86,0.87,0.01,0.01,78041.59,1777219016000
1777219018.11,118.11,0.14,0.15,0.85,0.86,0.01,0.01,78041.59,1777219016000
1777219018.679,118.679,0.14,0.15,0.85,0.86,0.01,0.01,78041.59,1777219017000
1777219019.473,119.473,0.14,0.15,0.85,0.86,0.01,0.01,78041.59,1777219017000
1777219020.476,120.476,0.14,0.15,0.85,0.86,0.01,0.01,78041.63,1777219019000
1777219020.809,120.809,0.14,0.15,0.85,0.86,0.01,0.01,78041.63,1777219019000
1777219021.395,121.395,0.14,0.15,0.85,0.86,0.01,0.01,78041.65,1777219020000
1777219021.889,121.889,0.14,0.15,0.85,0.86,0.01,0.01,78041.65,1777219020000
1777219022.295,122.295,0.14,0.15,0.85,0.86,0.01,0.01,78041.65,1777219021000
1777219022.696,122.696,0.14,0.15,0.85,0.86,0.01,0.01,78041.65,1777219021000
1777219023.122,123.122,0.14,0.15,0.85,0.86,0.01,0.01,78041.65,1777219021000
1777219023.513,123.513,0.14,0.15,0.85,0.86,0.01,0.01,78041.66,1777219022000
1777219023.951,123.951,0.14,0.15,0.85,0.86,0.01,0.01,78041.66,1777219023000
1777219024.311,124.311,0.15,0.16,0.84,0.85,0.01,0.01,78041.66,1777219023000
1777219024.645,124.645,0.15,0.16,0.84,0.85,0.01,0.01,78041.66,1777219023000
1777219025.213,125.213,0.16,0.17,0.83,0.85,0.01,0.02,78041.66,1777219023000
1777219026.106,126.106,0.16,0.17,0.83,0.84,0.01,0.01,78041.66,1777219024000
1777219026.561,126.561,0.16,0.17,0.83,0.84,0.01,0.01,78041.66,1777219024000
1777219027.048,127.048,0.16,0.17,0.83,0.84,0.01,0.01,78041.7,1777219025000
1777219027.701,127.701,0.16,0.17,0.83,0.84,0.01,0.01,78042.23,1777219026000
1777219028.078,128.078,0.14,0.15,0.83,0.87,0.01,0.04,78042.23,1777219026000
1777219029.134,129.134,0.13,0.14,0.86,0.87,0.01,0.01,78042.85,1777219027000
1777219029.532,129.532,0.13,0.14,0.86,0.87,0.01,0.01,78042.85,1777219028000
1777219030.316,130.316,0.13,0.14,0.86,0.87,0.01,0.01,78042.85,1777219028000
1777219030.698,130.698,0.14,0.15,0.85,0.86,0.01,0.01,78042.85,1777219029000
1777219031.196,131.196,0.14,0.15,0.85,0.86,0.01,0.01,78042.84,1777219030000
1777219031.731,131.731,0.14,0.15,0.85,0.86,0.01,0.01,78042.84,1777219030000
1777219032.124,132.124,0.14,0.15,0.85,0.86,0.01,0.01,78042.83,1777219031000
1777219032.762,132.762,0.14,0.15,0.85,0.86,0.01,0.01,78042.83,1777219031000
1777219033.233,133.233,0.14,0.15,0.85,0.86,0.01,0.01,78042.83,1777219032000
1777219033.888,133.888,0.14,0.15,0.85,0.86,0.01,0.01,78042.83,1777219032000
1777219034.419,134.419,0.14,0.15,0.85,0.86,0.01,0.01,78043.33,1777219033000
1777219034.999,134.999,0.14,0.15,0.85,0.86,0.01,0.01,78043.33,1777219033000
1777219035.387,135.387,0.14,0.15,0.85,0.86,0.01,0.01,78043.33,1777219033000
1777219035.843,135.843,0.18,0.19,0.85,0.86,0.01,0.01,78043.33,1777219034000
1777219036.176,136.176,0.2,0.21,0.78,0.8,0.01,0.02,78043.53,1777219035000
1777219036.556,136.556,0.21,0.22,0.78,0.79,0.01,0.01,78043.53,1777219035000
1777219036.894,136.894,0.23,0.24,0.76,0.77,0.01,0.01,78043.53,1777219035000
1777219037.253,137.253,0.24,0.25,0.75,0.76,0.01,0.01,78043.53,1777219036000
1777219037.607,137.607,0.27,0.28,0.72,0.73,0.01,0.01,78043.53,1777219036000
1777219038.155,138.155,0.28,0.29,0.72,0.73,0.01,0.01,78043.53,1777219036000
1777219038.549,138.549,0.3,0.31,0.69,0.7,0.01,0.01,78047.82,1777219037000
1777219039.041,139.041,0.3,0.31,0.69,0.7,0.01,0.01,78047.82,1777219037000
1777219039.381,139.381,0.3,0.31,0.69,0.7,0.01,0.01,78051.98,1777219038000
1777219039.721,139.721,0.31,0.32,0.68,0.69,0.01,0.01,78051.98,1777219038000
1777219040.115,140.115,0.32,0.33,0.67,0.68,0.01,0.01,78051.98,1777219038000
1777219040.535,140.535,0.32,0.33,0.67,0.68,0.01,0.01,78053.53,1777219039000
1777219041.04,141.04,0.32,0.33,0.67,0.68,0.01,0.01,78053.53,1777219039000
1777219041.468,141.468,0.32,0.33,0.67,0.68,0.01,0.01,78053.53,1777219039000
1777219041.939,141.939,0.32,0.33,0.67,0.68,0.01,0.01,78053.53,1777219039000
1777219042.403,142.403,0.32,0.33,0.67,0.68,0.01,0.01,78055.1,1777219040000
1777219042.857,142.857,0.32,0.33,0.67,0.68,0.01,0.01,78055.13,1777219041000
1777219043.228,143.228,0.32,0.33,0.67,0.68,0.01,0.01,78055.13,1777219042000
1777219043.621,143.621,0.31,0.33,0.67,0.69,0.02,0.02,78055.13,1777219042000
1777219044.139,144.139,0.31,0.32,0.68,0.69,0.01,0.01,78055.13,1777219042000
1777219044.64,144.64,0.31,0.32,0.68,0.69,0.01,0.01,78055.13,1777219042000
1777219045.057,145.057,0.31,0.32,0.68,0.69,0.01,0.01,78055.36,1777219043000
1777219045.54,145.54,0.31,0.32,0.68,0.69,0.01,0.01,78055.36,1777219043000
1777219046.014,146.014,0.31,0.32,0.68,0.69,0.01,0.01,78055.36,1777219044000
1777219046.422,146.422,0.31,0.32,0.68,0.69,0.01,0.01,78055.36,1777219045000
1777219046.82,146.82,0.31,0.32,0.68,0.69,0.01,0.01,78055.36,1777219045000
1777219047.263,147.263,0.31,0.32,0.68,0.69,0.01,0.01,78055.36,1777219045000
1777219047.655,147.655,0.31,0.32,0.68,0.7,0.01,0.02,78055.35,1777219046000
1777219048.235,148.235,0.31,0.32,0.68,0.69,0.01,0.01,78055.31,1777219047000
1777219048.577,148.577,0.31,0.32,0.68,0.69,0.01,0.01,78055.31,1777219047000
1777219049.146,149.146,0.31,0.32,0.68,0.69,0.01,0.01,78054.96,1777219048000
1777219049.644,149.644,0.3,0.31,0.68,0.69,0.01,0.01,78054.96,1777219048000
1777219050.139,150.139,0.3,0.31,0.69,0.7,0.01,0.01,78054.96,1777219048000
1777219050.528,150.528,0.3,0.31,0.69,0.7,0.01,0.01,78054.96,1777219049000
1777219050.931,150.931,0.3,0.31,0.69,0.7,0.01,0.01,78054.96,1777219049000
1777219051.442,151.442,0.3,0.31,0.69,0.7,0.01,0.01,78054.96,1777219050000
1777219051.832,151.832,0.3,0.31,0.69,0.7,0.01,0.01,78054.96,1777219050000
1777219052.192,152.192,0.3,0.31,0.69,0.7,0.01,0.01,78054.64,1777219051000
1777219052.708,152.708,0.31,0.32,0.68,0.69,0.01,0.01,78054.64,1777219051000
1777219053.053,153.053,0.31,0.32,0.68,0.69,0.01,0.01,78054.64,1777219051000
1777219053.631,153.631,0.31,0.32,0.68,0.69,0.01,0.01,78054.23,1777219052000
1777219054.015,154.015,0.31,0.32,0.68,0.69,0.01,0.01,78054.23,1777219052000
1777219054.435,154.435,0.31,0.32,0.68,0.69,0.01,0.01,78054.02,1777219053000
1777219055.225,155.225,0.31,0.32,0.68,0.69,0.01,0.01,78054.02,1777219053000
1777219056.031,156.031,0.31,0.32,0.68,0.69,0.01,0.01,78054.02,1777219054000
1777219056.416,156.416,0.31,0.32,0.68,0.69,0.01,0.01,78054.02,1777219055000
1777219056.894,156.894,0.31,0.35,0.68,0.69,0.04,0.01,78054.02,1777219055000
1777219057.249,157.249,0.33,0.34,0.65,0.69,0.01,0.04,78053.88,1777219056000
1777219057.592,157.592,0.33,0.34,0.66,0.67,0.01,0.01,78053.88,1777219056000
1777219057.938,157.938,0.33,0.34,0.66,0.67,0.01,0.01,78053.88,1777219056000
1777219058.369,158.369,0.33,0.34,0.66,0.67,0.01,0.01,78053.88,1777219056000
1777219058.732,158.732,0.33,0.34,0.66,0.67,0.01,0.01,78053.34,1777219057000
1777219059.105,159.105,0.33,0.34,0.66,0.67,0.01,0.01,78053.34,1777219057000
1777219059.461,159.461,0.33,0.34,0.66,0.67,0.01,0.01,78053.34,1777219057000
1777219059.862,159.862,0.33,0.34,0.66,0.67,0.01,0.01,78053.34,1777219058000
1777219060.254,160.254,0.32,0.33,0.67,0.68,0.01,0.01,78053.34,1777219059000
1777219060.641,160.641,0.32,0.33,0.67,0.68,0.01,0.01,78053.34,1777219059000
1777219060.988,160.988,0.32,0.33,0.67,0.68,0.01,0.01,78053.34,1777219059000
1777219061.321,161.321,0.32,0.33,0.67,0.68,0.01,0.01,78053.34,1777219060000
1777219062.144,162.144,0.32,0.33,0.67,0.68,0.01,0.01,78053.34,1777219060000
1777219062.54,162.54,0.32,0.33,0.67,0.68,0.01,0.01,78053.35,1777219061000
1777219063.042,163.042,0.32,0.33,0.67,0.68,0.01,0.01,78053.35,1777219061000
1777219063.388,163.388,0.32,0.33,0.67,0.68,0.01,0.01,78053.35,1777219061000
1777219063.97,163.97,0.32,0.33,0.67,0.68,0.01,0.01,78053.36,1777219062000
1777219064.403,164.403,0.32,0.33,0.67,0.68,0.01,0.01,78053.36,1777219062000
1777219064.775,164.775,0.32,0.33,0.67,0.68,0.01,0.01,78053.36,1777219063000
1777219065.123,165.123,0.32,0.33,0.67,0.68,0.01,0.01,78053.36,1777219064000
1777219065.749,165.749,0.32,0.33,0.67,0.68,0.01,0.01,78053.36,1777219064000
1777219066.126,166.126,0.32,0.33,0.67,0.68,0.01,0.01,78053.36,1777219064000
1777219066.534,166.534,0.32,0.33,0.67,0.68,0.01,0.01,78053.7,1777219065000
1777219067.452,167.452,0.32,0.33,0.67,0.68,0.01,0.01,78053.7,1777219066000
1777219068.229,168.229,0.31,0.32,0.67,0.68,0.01,0.01,78053.7,1777219066000
1777219068.609,168.609,0.31,0.32,0.68,0.69,0.01,0.01,78053.79,1777219067000
1777219069.023,169.023,0.31,0.32,0.68,0.69,0.01,0.01,78053.79,1777219068000
1777219069.545,169.545,0.31,0.32,0.68,0.69,0.01,0.01,78053.79,1777219068000
1777219069.899,169.899,0.31,0.32,0.68,0.69,0.01,0.01,78053.79,1777219068000
1777219070.361,170.361,0.31,0.32,0.68,0.69,0.01,0.01,78053.8,1777219069000
1777219070.721,170.721,0.31,0.32,0.68,0.69,0.01,0.01,78053.8,1777219069000
1777219071.113,171.113,0.31,0.32,0.68,0.69,0.01,0.01,78053.8,1777219069000
1777219071.633,171.633,0.31,0.32,0.68,0.69,0.01,0.01,78053.73,1777219070000
1777219072.005,172.005,0.31,0.32,0.68,0.69,0.01,0.01,78053.73,1777219070000
1777219072.387,172.387,0.31,0.32,0.68,0.69,0.01,0.01,78053.73,1777219070000
1777219072.911,172.911,0.31,0.32,0.68,0.69,0.01,0.01,78053.73,1777219070000
1777219073.482,173.482,0.31,0.32,0.68,0.69,0.01,0.01,78053.63,1777219072000
1777219073.981,173.981,0.31,0.32,0.68,0.69,0.01,0.01,78053.63,1777219072000
1777219074.494,174.494,0.31,0.32,0.68,0.69,0.01,0.01,78053.63,1777219073000
1777219074.885,174.885,0.31,0.32,0.68,0.69,0.01,0.01,78053.63,1777219073000
1777219075.259,175.259,0.31,0.32,0.68,0.69,0.01,0.01,78053.63,1777219073000
1777219075.723,175.723,0.31,0.32,0.68,0.69,0.01,0.01,78053.72,1777219074000
1777219076.067,176.067,0.3,0.31,0.68,0.7,0.01,0.02,78053.72,1777219074000
1777219076.424,176.424,0.3,0.31,0.69,0.7,0.01,0.01,78054.69,1777219075000
1777219076.921,176.921,0.3,0.31,0.69,0.7,0.01,0.01,78054.69,1777219075000
1777219077.467,177.467,0.3,0.31,0.69,0.7,0.01,0.01,78054.69,1777219076000
1777219077.877,177.877,0.23,0.24,0.76,0.78,0.01,0.02,78054.69,1777219076000
1777219078.218,178.218,0.23,0.24,0.76,0.77,0.01,0.01,78054.69,1777219076000
1777219078.649,178.649,0.23,0.24,0.76,0.77,0.01,0.01,78054.26,1777219077000
1777219079.109,179.109,0.23,0.24,0.76,0.77,0.01,0.01,78053.83,1777219078000
1777219079.555,179.555,0.23,0.24,0.76,0.77,0.01,0.01,78053.83,1777219078000
1777219080.034,180.034,0.23,0.24,0.76,0.77,0.01,0.01,78053.83,1777219078000
1777219080.493,180.493,0.22,0.23,0.77,0.78,0.01,0.01,78053.44,1777219079000
1777219080.85,180.85,0.22,0.23,0.77,0.78,0.01,0.01,78053.44,1777219079000
1777219081.411,181.411,0.22,0.23,0.77,0.78,0.01,0.01,78053.44,1777219079000
1777219081.838,181.838,0.21,0.23,0.77,0.79,0.02,0.02,78053.4,1777219080000
1777219082.276,182.276,0.21,0.22,0.78,0.79,0.01,0.01,78053.39,1777219081000
1777219082.802,182.802,0.15,0.16,0.83,0.85,0.01,0.02,78053.39,1777219081000
1777219083.138,183.138,0.15,0.16,0.84,0.85,0.01,0.01,78053.39,1777219081000
1777219083.472,183.472,0.15,0.16,0.84,0.85,0.01,0.01,78052.89,1777219082000
1777219083.816,183.816,0.15,0.16,0.84,0.85,0.01,0.01,78052.89,1777219082000
1777219084.222,184.222,0.15,0.16,0.84,0.85,0.01,0.01,78052.89,1777219082000
1777219084.567,184.567,0.15,0.16,0.84,0.85,0.01,0.01,78052.89,1777219082000
1777219084.925,184.925,0.15,0.16,0.84,0.85,0.01,0.01,78052.89,1777219082000
1777219085.417,185.417,0.17,0.19,0.82,0.84,0.02,0.02,78052.44,1777219083000
1777219085.757,185.757,0.18,0.19,0.81,0.82,0.01,0.01,78050.53,1777219084000
1777219086.148,186.148,0.17,0.18,0.82,0.83,0.01,0.01,78050.53,1777219084000
1777219086.647,186.647,0.17,0.18,0.82,0.83,0.01,0.01,78050.49,1777219085000
1777219087.035,187.035,0.16,0.17,0.83,0.84,0.01,0.01,78050.5,1777219086000
1777219087.381,187.381,0.16,0.17,0.83,0.84,0.01,0.01,78050.5,1777219086000
1777219087.924,187.924,0.16,0.17,0.83,0.84,0.01,0.01,78050.5,1777219086000
1777219088.338,188.338,0.15,0.16,0.84,0.85,0.01,0.01,78050.5,1777219086000
1777219088.941,188.941,0.15,0.16,0.84,0.85,0.01,0.01,78050.5,1777219087000
1777219089.321,189.321,0.15,0.16,0.84,0.85,0.01,0.01,78050.5,1777219087000
1777219089.751,189.751,0.15,0.16,0.84,0.85,0.01,0.01,78050.27,1777219088000
1777219090.132,190.132,0.15,0.16,0.84,0.85,0.01,0.01,78050.27,1777219088000
1777219090.481,190.481,0.15,0.16,0.84,0.85,0.01,0.01,78050.3,1777219089000
1777219090.88,190.88,0.15,0.16,0.84,0.85,0.01,0.01,78050.3,1777219089000
1777219091.215,191.215,0.15,0.17,0.83,0.85,0.02,0.02,78050.17,1777219090000
1777219091.727,191.727,0.16,0.17,0.83,0.85,0.01,0.02,78050.17,1777219090000
1777219092.267,192.267,0.16,0.17,0.83,0.84,0.01,0.01,78050.17,1777219090000
1777219092.813,192.813,0.16,0.17,0.83,0.84,0.01,0.01,78050.17,1777219091000
1777219093.207,193.207,0.15,0.16,0.84,0.85,0.01,0.01,78050.0,1777219092000
1777219093.671,193.671,0.15,0.16,0.84,0.85,0.01,0.01,78050.0,1777219092000
1777219094.02,194.02,0.15,0.16,0.84,0.85,0.01,0.01,78050.0,1777219092000
1777219095.052,195.052,0.15,0.16,0.84,0.85,0.01,0.01,78050.08,1777219093000
1777219095.528,195.528,0.15,0.16,0.84,0.85,0.01,0.01,78050.08,1777219094000
1777219095.888,195.888,0.16,0.17,0.83,0.84,0.01,0.01,78050.08,1777219094000
1777219096.489,196.489,0.16,0.17,0.83,0.84,0.01,0.01,78050.09,1777219095000
1777219096.826,196.826,0.15,0.17,0.84,0.85,0.02,0.01,78050.09,1777219095000
1777219097.264,197.264,0.16,0.17,0.84,0.85,0.01,0.01,78050.1,1777219096000
1777219097.806,197.806,0.15,0.16,0.84,0.85,0.01,0.01,78050.1,1777219096000
1777219098.254,198.254,0.15,0.16,0.84,0.85,0.01,0.01,78050.45,1777219097000
1777219098.943,198.943,0.14,0.16,0.84,0.85,0.02,0.01,78050.45,1777219097000
1777219099.583,199.583,0.14,0.15,0.85,0.86,0.01,0.01,78050.61,1777219098000
1777219100.04,200.04,0.14,0.15,0.85,0.86,0.01,0.01,78050.61,1777219098000
1777219100.467,200.467,0.14,0.15,0.85,0.86,0.01,0.01,78050.4,1777219099000
1777219100.886,200.886,0.14,0.15,0.85,0.86,0.01,0.01,78050.4,1777219099000
1777219101.311,201.311,0.14,0.15,0.85,0.86,0.01,0.01,78050.4,1777219099000
1777219101.659,201.659,0.14,0.15,0.85,0.86,0.01,0.01,78050.64,1777219100000
1777219102.074,202.074,0.14,0.15,0.85,0.86,0.01,0.01,78050.54,1777219101000
1777219102.499,202.499,0.14,0.15,0.85,0.86,0.01,0.01,78050.54,1777219101000
1777219103.031,203.031,0.14,0.15,0.85,0.86,0.01,0.01,78051.8,1777219102000
1777219104.337,204.337,0.14,0.15,0.85,0.86,0.01,0.01,78051.8,1777219103000
1777219104.953,204.953,0.14,0.15,0.85,0.86,0.01,0.01,78051.8,1777219103000
1777219105.407,205.407,0.14,0.15,0.85,0.86,0.01,0.01,78051.74,1777219104000
1777219105.855,205.855,0.14,0.15,0.85,0.86,0.01,0.01,78051.74,1777219104000
1777219106.26,206.26,0.14,0.15,0.85,0.86,0.01,0.01,78051.96,1777219105000
1777219106.965,206.965,0.13,0.16,0.84,0.85,0.03,0.01,78051.96,1777219105000
1777219107.3,207.3,0.14,0.15,0.85,0.86,0.01,0.01,78051.96,1777219106000
1777219108.099,208.099,0.14,0.15,0.85,0.86,0.01,0.01,78051.96,1777219106000
1777219108.593,208.593,0.13,0.14,0.86,0.87,0.01,0.01,78051.96,1777219107000
1777219109.172,209.172,0.14,0.15,0.85,0.86,0.01,0.01,78051.96,1777219108000
1777219109.548,209.548,0.14,0.15,0.85,0.86,0.01,0.01,78051.96,1777219108000
1777219109.958,209.958,0.14,0.15,0.84,0.86,0.01,0.02,78051.96,1777219108000
1777219110.378,210.378,0.14,0.15,0.85,0.86,0.01,0.01,78051.97,1777219109000
1777219110.975,210.975,0.13,0.14,0.85,0.86,0.01,0.01,78051.97,1777219109000
1777219111.321,211.321,0.13,0.14,0.86,0.87,0.01,0.01,78051.97,1777219110000
1777219111.76,211.76,0.13,0.14,0.86,0.87,0.01,0.01,78051.97,1777219110000
1777219112.737,212.737,0.13,0.14,0.86,0.87,0.01,0.01,78051.97,1777219111000
1777219113.089,213.089,0.13,0.14,0.86,0.87,0.01,0.01,78051.97,1777219112000
1777219113.814,213.814,0.12,0.14,0.86,0.87,0.02,0.01,78051.97,1777219112000
1777219114.314,214.314,0.12,0.13,0.86,0.88,0.01,0.02,78051.97,1777219113000
1777219114.686,214.686,0.12,0.14,0.87,0.88,0.02,0.01,78051.97,1777219113000
1777219115.1,215.1,0.12,0.14,0.86,0.88,0.02,0.02,78051.78,1777219114000
1777219115.435,215.435,0.13,0.14,0.86,0.87,0.01,0.01,78051.78,1777219114000
1777219115.805,215.805,0.12,0.14,0.85,0.87,0.02,0.02,78051.78,1777219114000
1777219116.299,216.299,0.13,0.14,0.86,0.87,0.01,0.01,78051.78,1777219114000
1777219116.743,216.743,0.13,0.14,0.86,0.87,0.01,0.01,78051.78,1777219115000
1777219117.369,217.369,0.13,0.14,0.86,0.87,0.01,0.01,78051.78,1777219116000
1777219117.878,217.878,0.12,0.13,0.87,0.88,0.01,0.01,78051.78,1777219116000
1777219118.407,218.407,0.12,0.13,0.87,0.88,0.01,0.01,78051.66,1777219117000
1777219118.914,218.914,0.12,0.13,0.87,0.88,0.01,0.01,78051.84,1777219118000
1777219119.954,219.954,0.12,0.13,0.87,0.88,0.01,0.01,78052.03,1777219119000
1777219120.349,220.349,0.12,0.13,0.87,0.88,0.01,0.01,78052.03,1777219119000
1777219120.689,220.689,0.12,0.13,0.87,0.88,0.01,0.01,78052.03,1777219119000
1777219121.228,221.228,0.12,0.13,0.87,0.88,0.01,0.01,78052.03,1777219120000
1777219121.756,221.756,0.12,0.13,0.87,0.88,0.01,0.01,78052.03,1777219120000
1777219122.148,222.148,0.12,0.13,0.87,0.88,0.01,0.01,78052.04,1777219121000
1777219122.554,222.554,0.12,0.13,0.87,0.88,0.01,0.01,78052.04,1777219121000
1777219122.893,222.893,0.15,0.17,0.84,0.85,0.02,0.01,78052.04,1777219121000
1777219123.233,223.233,0.24,0.25,0.75,0.76,0.01,0.01,78051.84,1777219122000
1777219123.569,223.569,0.24,0.25,0.75,0.76,0.01,0.01,78051.84,1777219122000
1777219123.954,223.954,0.25,0.26,0.75,0.76,0.01,0.01,78051.84,1777219122000
1777219124.358,224.358,0.25,0.26,0.74,0.75,0.01,0.01,78053.07,1777219123000
1777219124.92,224.92,0.25,0.26,0.74,0.75,0.01,0.01,78053.07,1777219123000
1777219125.33,225.33,0.25,0.26,0.74,0.75,0.01,0.01,78056.48,1777219124000
1777219125.7,225.7,0.25,0.26,0.74,0.75,0.01,0.01,78056.48,1777219124000
1777219126.041,226.041,0.25,0.26,0.74,0.75,0.01,0.01,78057.21,1777219125000
1777219126.471,226.471,0.25,0.26,0.74,0.75,0.01,0.01,78057.21,1777219125000
1777219126.811,226.811,0.13,0.14,0.85,0.89,0.01,0.04,78057.21,1777219125000
1777219127.171,227.171,0.12,0.13,0.86,0.88,0.01,0.02,78057.21,1777219126000
1777219127.585,227.585,0.12,0.13,0.87,0.88,0.01,0.01,78057.21,1777219126000
1777219128.018,228.018,0.12,0.13,0.87,0.88,0.01,0.01,78057.21,1777219126000
1777219128.395,228.395,0.11,0.12,0.88,0.89,0.01,0.01,78057.5,1777219127000
1777219128.757,228.757,0.11,0.12,0.88,0.89,0.01,0.01,78057.5,1777219127000
1777219129.095,229.095,0.12,0.13,0.87,0.88,0.01,0.01,78057.5,1777219127000
1777219129.587,229.587,0.12,0.13,0.87,0.88,0.01,0.01,78054.11,1777219128000
1777219130.006,230.006,0.12,0.13,0.87,0.88,0.01,0.01,78054.11,1777219128000
1777219130.433,230.433,0.12,0.13,0.87,0.88,0.01,0.01,78054.11,1777219129000
1777219130.768,230.768,0.11,0.12,0.88,0.89,0.01,0.01,78054.11,1777219129000
1777219131.26,231.26,0.11,0.12,0.88,0.89,0.01,0.01,78054.11,1777219129000
1777219131.625,231.625,0.11,0.13,0.87,0.89,0.02,0.02,78054.09,1777219130000
1777219132.025,232.025,0.13,0.14,0.86,0.87,0.01,0.01,78054.09,1777219130000
1777219132.477,232.477,0.15,0.16,0.84,0.85,0.01,0.01,78053.66,1777219131000
1777219132.86,232.86,0.15,0.16,0.84,0.85,0.01,0.01,78053.66,1777219131000
1777219133.222,233.222,0.15,0.16,0.84,0.85,0.01,0.01,78053.66,1777219131000
1777219133.568,233.568,0.15,0.16,0.84,0.85,0.01,0.01,78052.99,1777219132000
1777219133.952,233.952,0.15,0.16,0.84,0.85,0.01,0.01,78052.99,1777219133000
1777219134.662,234.662,0.15,0.16,0.84,0.85,0.01,0.01,78052.99,1777219133000
1777219134.996,234.996,0.15,0.16,0.84,0.85,0.01,0.01,78052.9,1777219134000
1777219135.339,235.339,0.15,0.16,0.84,0.85,0.01,0.01,78052.9,1777219134000
1777219135.679,235.679,0.14,0.15,0.85,0.86,0.01,0.01,78052.9,1777219134000
1777219136.14,236.14,0.14,0.15,0.85,0.86,0.01,0.01,78052.9,1777219134000
1777219136.775,236.775,0.14,0.15,0.85,0.86,0.01,0.01,78052.97,1777219135000
1777219137.221,237.221,0.14,0.15,0.85,0.86,0.01,0.01,78052.97,1777219136000
1777219138.111,238.111,0.14,0.15,0.84,0.86,0.01,0.02,78052.97,1777219136000
1777219138.462,238.462,0.14,0.15,0.85,0.86,0.01,0.01,78052.97,1777219137000
1777219138.841,238.841,0.14,0.15,0.85,0.86,0.01,0.01,78052.97,1777219137000
1777219139.272,239.272,0.13,0.14,0.85,0.86,0.01,0.01,78052.97,1777219138000
1777219139.706,239.706,0.13,0.14,0.86,0.87,0.01,0.01,78052.97,1777219138000
1777219140.086,240.086,0.13,0.14,0.86,0.87,0.01,0.01,78052.95,1777219139000
1777219140.495,240.495,0.12,0.13,0.86,0.87,0.01,0.01,78052.95,1777219139000
1777219140.892,240.892,0.12,0.13,0.87,0.88,0.01,0.01,78052.95,1777219139000
1777219141.239,241.239,0.12,0.13,0.87,0.88,0.01,0.01,78053.0,1777219140000
1777219141.628,241.628,0.13,0.15,0.81,0.88,0.02,0.07,78053.0,1777219140000
1777219141.966,241.966,0.14,0.15,0.85,0.86,0.01,0.01,78053.0,1777219140000
1777219142.326,242.326,0.13,0.14,0.86,0.87,0.01,0.01,78053.33,1777219141000
1777219142.767,242.767,0.13,0.14,0.85,0.89,0.01,0.04,78053.33,1777219141000
1777219143.106,243.106,0.13,0.14,0.86,0.88,0.01,0.02,78053.33,1777219141000
1777219143.756,243.756,0.15,0.16,0.84,0.87,0.01,0.03,78053.33,1777219142000
1777219144.204,244.204,0.16,0.17,0.83,0.84,0.01,0.01,78053.33,1777219142000
1777219144.975,244.975,0.18,0.19,0.81,0.82,0.01,0.01,78053.28,1777219143000
1777219145.418,245.418,0.18,0.19,0.81,0.82,0.01,0.01,78053.18,1777219144000
1777219145.753,245.753,0.18,0.19,0.81,0.82,0.01,0.01,78053.18,1777219144000
1777219146.089,246.089,0.18,0.19,0.81,0.82,0.01,0.01,78053.18,1777219145000
1777219146.439,246.439,0.18,0.19,0.81,0.82,0.01,0.01,78053.18,1777219145000
1777219146.834,246.834,0.25,0.26,0.74,0.75,0.01,0.01,78053.18,1777219145000
1777219147.179,247.179,0.28,0.29,0.71,0.72,0.01,0.01,78053.21,1777219146000
1777219147.726,247.726,0.29,0.3,0.7,0.71,0.01,0.01,78053.21,1777219146000
1777219148.095,248.095,0.28,0.29,0.71,0.72,0.01,0.01,78053.21,1777219146000
1777219148.822,248.822,0.28,0.29,0.71,0.72,0.01,0.01,78053.22,1777219147000
1777219149.161,249.161,0.28,0.29,0.71,0.72,0.01,0.01,78055.98,1777219148000
1777219149.528,249.528,0.19,0.22,0.77,0.78,0.03,0.01,78055.98,1777219148000
1777219150.165,250.165,0.19,0.22,0.78,0.81,0.03,0.03,78056.4,1777219149000
1777219150.813,250.813,0.19,0.2,0.8,0.81,0.01,0.01,78056.4,1777219149000
1777219151.204,251.204,0.17,0.19,0.81,0.83,0.02,0.02,78056.08,1777219150000
1777219151.596,251.596,0.16,0.18,0.82,0.83,0.02,0.01,78056.08,1777219150000
1777219152.065,252.065,0.16,0.17,0.82,0.84,0.01,0.02,78056.08,1777219150000
1777219152.398,252.398,0.17,0.18,0.82,0.83,0.01,0.01,78055.43,1777219151000
1777219153.135,253.135,0.18,0.19,0.81,0.83,0.01,0.02,78055.43,1777219151000
1777219153.749,253.749,0.18,0.19,0.81,0.82,0.01,0.01,78055.43,1777219152000
1777219154.088,254.088,0.16,0.18,0.81,0.83,0.02,0.02,78055.43,1777219152000
1777219154.567,254.567,0.16,0.17,0.83,0.84,0.01,0.01,78055.47,1777219153000
1777219155.238,255.238,0.15,0.16,0.83,0.85,0.01,0.02,78055.47,1777219153000
1777219155.64,255.64,0.14,0.15,0.84,0.86,0.01,0.02,78055.47,1777219154000
1777219156.059,256.059,0.14,0.15,0.85,0.86,0.01,0.01,78055.47,1777219154000
1777219156.425,256.425,0.14,0.15,0.85,0.86,0.01,0.01,78055.47,1777219155000
1777219156.798,256.798,0.14,0.15,0.85,0.86,0.01,0.01,78055.47,1777219155000
1777219157.254,257.254,0.13,0.14,0.85,0.87,0.01,0.02,78055.4,1777219156000
1777219157.8,257.8,0.12,0.13,0.87,0.88,0.01,0.01,78055.4,1777219156000
1777219158.141,258.141,0.11,0.13,0.87,0.89,0.02,0.02,78055.4,1777219156000
1777219158.623,258.623,0.11,0.12,0.87,0.89,0.01,0.02,78055.23,1777219157000
1777219159.001,259.001,0.11,0.12,0.88,0.89,0.01,0.01,78055.23,1777219157000
1777219159.476,259.476,0.11,0.12,0.88,0.89,0.01,0.01,78054.87,1777219158000
1777219159.895,259.895,0.11,0.12,0.88,0.89,0.01,0.01,78054.87,1777219158000
1777219160.315,260.315,0.11,0.12,0.88,0.89,0.01,0.01,78054.7,1777219159000
1777219160.707,260.707,0.12,0.13,0.88,0.89,0.01,0.01,78054.7,1777219159000
1777219161.075,261.075,0.12,0.13,0.87,0.88,0.01,0.01,78054.36,1777219160000
1777219161.424,261.424,0.15,0.16,0.84,0.85,0.01,0.01,78054.36,1777219160000
1777219161.758,261.758,0.14,0.15,0.85,0.86,0.01,0.01,78054.36,1777219160000
1777219162.199,262.199,0.13,0.15,0.85,0.87,0.02,0.02,78054.02,1777219161000
1777219162.54,262.54,0.13,0.14,0.85,0.87,0.01,0.02,78054.02,1777219161000
1777219163.124,263.124,0.13,0.14,0.86,0.87,0.01,0.01,78054.35,1777219162000
1777219163.666,263.666,0.13,0.14,0.86,0.87,0.01,0.01,78054.35,1777219162000
1777219164.252,264.252,0.13,0.14,0.86,0.87,0.01,0.01,78054.35,1777219162000
1777219164.91,264.91,0.13,0.14,0.86,0.87,0.01,0.01,78054.35,1777219162000
1777219165.293,265.293,0.13,0.14,0.86,0.87,0.01,0.01,78054.54,1777219163000
1777219165.629,265.629,0.13,0.14,0.86,0.87,0.01,0.01,78055.03,1777219164000
1777219165.966,265.966,0.12,0.13,0.86,0.87,0.01,0.01,78055.03,1777219164000
1777219166.3,266.3,0.36,0.5,0.5,0.64,0.14,0.14,78055.14,1777219165000
1777219166.644,266.644,0.47,0.48,0.52,0.59,0.01,0.07,78055.14,1777219165000
1777219166.978,266.978,0.36,0.46,0.54,0.64,0.1,0.1,78055.14,1777219165000
1777219167.363,267.363,0.37,0.38,0.62,0.63,0.01,0.01,78056.06,1777219166000
1777219167.718,267.718,0.36,0.37,0.63,0.64,0.01,0.01,78056.06,1777219166000
1777219168.172,268.172,0.36,0.37,0.63,0.64,0.01,0.01,78056.06,1777219166000
1777219168.545,268.545,0.34,0.37,0.63,0.64,0.03,0.01,78061.39,1777219167000
1777219168.891,268.891,0.34,0.35,0.65,0.66,0.01,0.01,78061.39,1777219167000
1777219169.227,269.227,0.34,0.35,0.65,0.66,0.01,0.01,78061.39,1777219167000
1777219169.564,269.564,0.34,0.35,0.65,0.66,0.01,0.01,78062.94,1777219168000
1777219170.015,270.015,0.3,0.31,0.69,0.7,0.01,0.01,78062.94,1777219168000
1777219170.36,270.36,0.28,0.29,0.71,0.72,0.01,0.01,78062.94,1777219168000
1777219170.707,270.707,0.28,0.29,0.71,0.72,0.01,0.01,78062.51,1777219169000
1777219171.087,271.087,0.28,0.29,0.71,0.72,0.01,0.01,78062.51,1777219169000
1777219171.543,271.543,0.29,0.3,0.7,0.72,0.01,0.02,78062.51,1777219170000
1777219171.892,271.892,0.29,0.41,0.7,0.71,0.12,0.01,78062.51,1777219170000
1777219172.231,272.231,0.32,0.33,0.67,0.68,0.01,0.01,78062.51,1777219170000
1777219172.579,272.579,0.32,0.33,0.67,0.68,0.01,0.01,78063.08,1777219171000
1777219172.95,272.95,0.32,0.33,0.67,0.68,0.01,0.01,78062.62,1777219172000
1777219173.288,273.288,0.32,0.33,0.67,0.68,0.01,0.01,78062.62,1777219172000
1777219173.683,273.683,0.32,0.38,0.67,0.68,0.06,0.01,78062.62,1777219172000
1777219174.044,274.044,0.36,0.37,0.63,0.64,0.01,0.01,78063.15,1777219173000
1777219174.387,274.387,0.36,0.37,0.63,0.64,0.01,0.01,78063.15,1777219173000
1777219174.976,274.976,0.35,0.36,0.64,0.65,0.01,0.01,78063.15,1777219173000
1777219175.545,275.545,0.32,0.33,0.65,0.66,0.01,0.01,78063.15,1777219174000
1777219176.01,276.01,0.32,0.33,0.67,0.68,0.01,0.01,78063.15,1777219175000
1777219176.582,276.582,0.31,0.32,0.67,0.68,0.01,0.01,78063.15,1777219175000
1777219177.061,277.061,0.31,0.32,0.68,0.69,0.01,0.01,78063.15,1777219175000
1777219177.704,277.704,0.3,0.32,0.68,0.69,0.02,0.01,78063.15,1777219176000
1777219178.064,278.064,0.29,0.3,0.7,0.71,0.01,0.01,78063.15,1777219177000
1777219178.676,278.676,0.28,0.29,0.71,0.72,0.01,0.01,78063.15,1777219177000
1777219179.079,279.079,0.27,0.28,0.72,0.73,0.01,0.01,78063.15,1777219177000
1777219179.725,279.725,0.27,0.28,0.72,0.73,0.01,0.01,78063.17,1777219178000
1777219180.118,280.118,0.26,0.27,0.73,0.74,0.01,0.01,78063.55,1777219179000
1777219180.555,280.555,0.26,0.27,0.73,0.74,0.01,0.01,78063.55,1777219179000
1777219180.903,280.903,0.29,0.3,0.7,0.71,0.01,0.01,78063.55,1777219179000
1777219181.554,281.554,0.29,0.3,0.7,0.71,0.01,0.01,78063.56,1777219180000
1777219182.135,282.135,0.28,0.29,0.71,0.72,0.01,0.01,78063.43,1777219181000
1777219182.969,282.969,0.27,0.28,0.71,0.73,0.01,0.02,78063.43,1777219181000
1777219183.478,283.478,0.26,0.27,0.73,0.74,0.01,0.01,78063.43,1777219182000
1777219183.902,283.902,0.26,0.27,0.73,0.74,0.01,0.01,78063.43,1777219182000
1777219184.331,284.331,0.26,0.27,0.73,0.74,0.01,0.01,78063.56,1777219183000
1777219184.671,284.671,0.26,0.27,0.73,0.74,0.01,0.01,78063.56,1777219183000
1777219185.133,285.133,0.26,0.27,0.73,0.74,0.01,0.01,78063.56,1777219183000
1777219185.49,285.49,0.26,0.27,0.73,0.74,0.01,0.01,78063.56,1777219183000
1777219185.858,285.858,0.23,0.25,0.75,0.76,0.02,0.01,78063.57,1777219184000
1777219186.192,286.192,0.23,0.24,0.76,0.77,0.01,0.01,78063.67,1777219185000
1777219186.702,286.702,0.26,0.27,0.73,0.74,0.01,0.01,78063.67,1777219185000
1777219187.245,287.245,0.32,0.33,0.75,0.76,0.01,0.01,78063.67,1777219186000
1777219187.584,287.584,0.32,0.33,0.67,0.68,0.01,0.01,78063.67,1777219186000
1777219187.963,287.963,0.33,0.34,0.66,0.67,0.01,0.01,78063.6,1777219187000
1777219188.368,288.368,0.33,0.35,0.65,0.66,0.02,0.01,78063.6,1777219187000
1777219188.857,288.857,0.33,0.34,0.66,0.67,0.01,0.01,78064.08,1777219188000
1777219189.314,289.314,0.32,0.33,0.67,0.68,0.01,0.01,78064.08,1777219188000
1777219189.665,289.665,0.32,0.33,0.67,0.68,0.01,0.01,78064.08,1777219188000
1777219190.345,290.345,0.32,0.33,0.67,0.68,0.01,0.01,78064.08,1777219188000
1777219190.848,290.848,0.32,0.33,0.67,0.68,0.01,0.01,78064.59,1777219189000
1777219191.187,291.187,0.32,0.33,0.67,0.68,0.01,0.01,78064.52,1777219190000
1777219191.579,291.579,0.32,0.33,0.67,0.68,0.01,0.01,78064.52,1777219190000
1777219191.914,291.914,0.32,0.33,0.67,0.68,0.01,0.01,78064.52,1777219190000
1777219192.319,292.319,0.32,0.33,0.67,0.68,0.01,0.01,78064.9,1777219191000
1777219192.782,292.782,0.32,0.33,0.67,0.68,0.01,0.01,78064.9,1777219191000
1777219193.161,293.161,0.32,0.33,0.67,0.68,0.01,0.01,78065.08,1777219192000
1777219193.498,293.498,0.25,0.33,0.67,0.68,0.08,0.01,78065.08,1777219192000
1777219193.869,293.869,0.25,0.26,0.74,0.75,0.01,0.01,78065.08,1777219192000
1777219194.309,294.309,0.01,0.26,0.74,0.75,0.25,0.01,78064.98,1777219193000
1777219194.644,294.644,0.81,0.84,0.16,0.18,0.03,0.02,78064.98,1777219193000
1777219194.982,294.982,0.41,0.01,0.99,0.59,-0.4,-0.4,78064.98,1777219193000
1777219195.32,295.32,0.09,0.16,0.9,0.91,0.07,0.01,78064.98,1777219194000
1777219195.659,295.659,0.33,0.34,0.66,0.67,0.01,0.01,78064.98,1777219194000
1777219196.076,296.076,0.35,0.36,0.64,0.67,0.01,0.03,78064.99,1777219195000
1777219196.456,296.456,0.37,0.41,0.62,0.64,0.04,0.02,78064.99,1777219195000
1777219196.854,296.854,0.45,0.46,0.54,0.55,0.01,0.01,78064.99,1777219195000
1777219197.196,297.196,0.5,0.51,0.49,0.51,0.01,0.02,78064.66,1777219196000
1777219197.53,297.53,0.53,0.54,0.46,0.47,0.01,0.01,78064.66,1777219196000
1777219197.871,297.871,0.46,0.53,0.46,0.52,0.07,0.06,78064.66,1777219196000
1777219198.215,298.215,0.41,0.46,0.54,0.56,0.05,0.02,78064.66,1777219196000
1777219198.562,298.562,0.43,0.45,0.55,0.57,0.02,0.02,78064.66,1777219196000
1777219198.901,298.901,0.37,0.38,0.62,0.64,0.01,0.02,78064.66,1777219196000
1777219199.235,299.235,0.36,0.37,0.62,0.63,0.01,0.01,78064.63,1777219197000
1777219199.605,299.605,0.37,0.38,0.61,0.67,0.01,0.06,78064.63,1777219197000
1777219199.952,299.952,0.01,0.02,0.98,0.99,0.01,0.01,78064.73,1777219198000
1777219200.292,300.292,0.44,0.47,0.53,0.93,0.03,0.4,78065.25,1777219199000
1777219200.699,300.699,0.01,0.02,0.76,0.99,0.01,0.23,78065.25,1777219199000

# RESULT,winner=Down,slug=btc-updown-5m-1777218900,ticks=668
