timestamp,elapsed_sec,up_bid,up_ask,down_bid,down_ask,up_spread,down_spread,btc_price,btc_oracle_ts
1776714000.565,0.565,0.5,0.51,0.49,0.5,0.01,0.01,76286.35,1776713999000
1776714001.302,1.302,0.5,0.51,0.47,0.5,0.01,0.03,76286.35,1776713999000
1776714001.639,1.639,0.5,0.51,0.49,0.5,0.01,0.01,76286.35,1776713999000
1776714002.117,2.117,0.5,0.51,0.49,0.5,0.01,0.01,76286.34,1776714000000
1776714002.562,2.562,0.5,0.51,0.49,0.5,0.01,0.01,76286.06,1776714001000
1776714002.906,2.906,0.49,0.51,0.49,0.51,0.02,0.02,76286.06,1776714001000
1776714003.262,3.262,0.46,0.48,0.52,0.54,0.02,0.02,76286.06,1776714001000
1776714003.61,3.61,0.46,0.47,0.53,0.54,0.01,0.01,76285.77,1776714002000
1776714004.093,4.093,0.45,0.46,0.54,0.55,0.01,0.01,76285.77,1776714002000
1776714004.429,4.429,0.45,0.46,0.54,0.55,0.01,0.01,76285.77,1776714002000
1776714004.849,4.849,0.45,0.46,0.54,0.55,0.01,0.01,76285.9,1776714003000
1776714005.201,5.201,0.45,0.46,0.54,0.55,0.01,0.01,76285.93,1776714004000
1776714005.861,5.861,0.46,0.47,0.54,0.55,0.01,0.01,76285.93,1776714004000
1776714006.318,6.318,0.46,0.47,0.53,0.54,0.01,0.01,76285.22,1776714005000
1776714006.747,6.747,0.44,0.45,0.55,0.56,0.01,0.01,76285.22,1776714005000
1776714007.186,7.186,0.44,0.45,0.55,0.56,0.01,0.01,76285.22,1776714005000
1776714007.828,7.828,0.44,0.45,0.55,0.56,0.01,0.01,76285.19,1776714006000
1776714008.444,8.444,0.44,0.45,0.55,0.56,0.01,0.01,76285.1,1776714007000
1776714008.877,8.877,0.44,0.45,0.55,0.56,0.01,0.01,76285.1,1776714007000
1776714009.251,9.251,0.45,0.46,0.54,0.55,0.01,0.01,76285.1,1776714008000
1776714009.585,9.585,0.42,0.44,0.56,0.58,0.02,0.02,76285.1,1776714008000
1776714009.962,9.962,0.42,0.43,0.57,0.58,0.01,0.01,76285.1,1776714008000
1776714010.377,10.377,0.42,0.43,0.57,0.58,0.01,0.01,76283.38,1776714009000
1776714010.71,10.71,0.42,0.43,0.57,0.58,0.01,0.01,76283.38,1776714009000
1776714011.165,11.165,0.42,0.43,0.57,0.58,0.01,0.01,76283.38,1776714009000
1776714011.518,11.518,0.41,0.42,0.58,0.59,0.01,0.01,76283.38,1776714009000
1776714011.876,11.876,0.4,0.41,0.59,0.6,0.01,0.01,76282.32,1776714010000
1776714012.226,12.226,0.4,0.41,0.59,0.6,0.01,0.01,76281.49,1776714011000
1776714012.647,12.647,0.41,0.42,0.58,0.59,0.01,0.01,76281.49,1776714011000
1776714013.015,13.015,0.41,0.42,0.58,0.59,0.01,0.01,76281.49,1776714011000
1776714013.364,13.364,0.41,0.42,0.58,0.59,0.01,0.01,76278.25,1776714012000
1776714013.814,13.814,0.39,0.4,0.6,0.61,0.01,0.01,76278.25,1776714012000
1776714014.157,14.157,0.39,0.4,0.6,0.61,0.01,0.01,76278.23,1776714013000
1776714014.495,14.495,0.39,0.4,0.6,0.61,0.01,0.01,76278.23,1776714013000
1776714014.844,14.844,0.39,0.4,0.6,0.61,0.01,0.01,76278.23,1776714013000
1776714015.242,15.242,0.39,0.41,0.6,0.61,0.02,0.01,76278.23,1776714013000
1776714015.688,15.688,0.4,0.41,0.59,0.61,0.01,0.02,76276.66,1776714014000
1776714016.151,16.151,0.41,0.42,0.58,0.59,0.01,0.01,76276.66,1776714014000
1776714016.492,16.492,0.41,0.42,0.58,0.59,0.01,0.01,76275.99,1776714015000
1776714016.892,16.892,0.41,0.42,0.58,0.59,0.01,0.01,76275.99,1776714015000
1776714017.231,17.231,0.41,0.42,0.58,0.59,0.01,0.01,76275.99,1776714016000
1776714017.581,17.581,0.4,0.42,0.58,0.59,0.02,0.01,76275.99,1776714016000
1776714017.927,17.927,0.4,0.41,0.59,0.6,0.01,0.01,76275.99,1776714016000
1776714018.292,18.292,0.4,0.41,0.59,0.6,0.01,0.01,76275.99,1776714016000
1776714018.731,18.731,0.4,0.41,0.59,0.6,0.01,0.01,76277.17,1776714017000
1776714019.143,19.143,0.4,0.41,0.59,0.6,0.01,0.01,76277.16,1776714018000
1776714019.606,19.606,0.4,0.41,0.59,0.6,0.01,0.01,76277.16,1776714018000
1776714019.976,19.976,0.4,0.41,0.59,0.6,0.01,0.01,76277.16,1776714018000
1776714020.333,20.333,0.4,0.41,0.59,0.6,0.01,0.01,76277.14,1776714019000
1776714020.938,20.938,0.4,0.41,0.59,0.6,0.01,0.01,76277.14,1776714019000
1776714021.359,21.359,0.4,0.41,0.59,0.6,0.01,0.01,76277.14,1776714019000
1776714021.82,21.82,0.4,0.41,0.59,0.6,0.01,0.01,76276.51,1776714020000
1776714022.218,22.218,0.4,0.41,0.59,0.6,0.01,0.01,76275.87,1776714021000
1776714022.58,22.58,0.39,0.4,0.6,0.61,0.01,0.01,76275.87,1776714021000
1776714023.113,23.113,0.4,0.41,0.59,0.6,0.01,0.01,76275.87,1776714021000
1776714023.533,23.533,0.4,0.41,0.59,0.6,0.01,0.01,76275.98,1776714022000
1776714024.064,24.064,0.4,0.41,0.59,0.6,0.01,0.01,76275.98,1776714022000
1776714024.4,24.4,0.4,0.41,0.59,0.6,0.01,0.01,76275.06,1776714023000
1776714024.916,24.916,0.4,0.41,0.59,0.6,0.01,0.01,76275.06,1776714023000
1776714025.347,25.347,0.4,0.41,0.59,0.6,0.01,0.01,76275.68,1776714024000
1776714025.73,25.73,0.4,0.41,0.59,0.6,0.01,0.01,76275.68,1776714024000
1776714026.294,26.294,0.4,0.41,0.59,0.6,0.01,0.01,76275.68,1776714024000
1776714026.677,26.677,0.4,0.41,0.59,0.6,0.01,0.01,76275.29,1776714025000
1776714027.132,27.132,0.4,0.41,0.59,0.6,0.01,0.01,76275.29,1776714025000
1776714027.554,27.554,0.4,0.41,0.59,0.6,0.01,0.01,76275.29,1776714025000
1776714028.06,28.06,0.4,0.41,0.59,0.6,0.01,0.01,76275.7,1776714026000
1776714028.414,28.414,0.34,0.38,0.62,0.66,0.04,0.04,76275.7,1776714026000
1776714028.762,28.762,0.32,0.33,0.67,0.69,0.01,0.02,76275.7,1776714026000
1776714029.593,29.593,0.32,0.33,0.67,0.68,0.01,0.01,76274.48,1776714028000
1776714029.975,29.975,0.36,0.38,0.62,0.64,0.02,0.02,76274.48,1776714028000
1776714030.326,30.326,0.37,0.38,0.62,0.63,0.01,0.01,76265.89,1776714029000
1776714030.687,30.687,0.39,0.4,0.6,0.61,0.01,0.01,76265.89,1776714029000
1776714031.025,31.025,0.39,0.4,0.6,0.61,0.01,0.01,76265.89,1776714029000
1776714031.363,31.363,0.39,0.4,0.6,0.61,0.01,0.01,76265.89,1776714029000
1776714031.862,31.862,0.39,0.41,0.6,0.61,0.02,0.01,76264.45,1776714030000
1776714032.205,32.205,0.4,0.41,0.59,0.6,0.01,0.01,76264.45,1776714030000
1776714032.565,32.565,0.4,0.41,0.59,0.6,0.01,0.01,76268.47,1776714031000
1776714032.966,32.966,0.4,0.41,0.59,0.6,0.01,0.01,76268.47,1776714031000
1776714033.319,33.319,0.4,0.41,0.59,0.6,0.01,0.01,76268.47,1776714031000
1776714033.668,33.668,0.4,0.41,0.59,0.6,0.01,0.01,76268.47,1776714031000
1776714034.134,34.134,0.4,0.41,0.59,0.6,0.01,0.01,76271.0,1776714032000
1776714034.513,34.513,0.4,0.41,0.59,0.6,0.01,0.01,76271.0,1776714032000
1776714034.855,34.855,0.4,0.41,0.59,0.6,0.01,0.01,76270.99,1776714033000
1776714035.211,35.211,0.4,0.41,0.59,0.6,0.01,0.01,76270.55,1776714034000
1776714035.544,35.544,0.39,0.4,0.6,0.61,0.01,0.01,76270.55,1776714034000
1776714035.966,35.966,0.39,0.4,0.6,0.61,0.01,0.01,76270.55,1776714034000
1776714036.363,36.363,0.39,0.4,0.6,0.61,0.01,0.01,76270.55,1776714034000
1776714036.701,36.701,0.39,0.4,0.6,0.61,0.01,0.01,76269.8,1776714035000
1776714037.244,37.244,0.39,0.4,0.6,0.61,0.01,0.01,76269.8,1776714035000
1776714037.586,37.586,0.39,0.4,0.6,0.61,0.01,0.01,76269.8,1776714035000
1776714038.122,38.122,0.4,0.41,0.59,0.6,0.01,0.01,76270.19,1776714036000
1776714038.62,38.62,0.4,0.41,0.59,0.6,0.01,0.01,76269.92,1776714037000
1776714039.052,39.052,0.4,0.41,0.59,0.6,0.01,0.01,76269.92,1776714037000
1776714039.629,39.629,0.4,0.41,0.59,0.6,0.01,0.01,76269.5,1776714038000
1776714040.055,40.055,0.4,0.41,0.59,0.6,0.01,0.01,76269.5,1776714038000
1776714040.393,40.393,0.4,0.41,0.59,0.6,0.01,0.01,76269.91,1776714039000
1776714041.146,41.146,0.4,0.41,0.59,0.6,0.01,0.01,76269.91,1776714039000
1776714041.797,41.797,0.4,0.41,0.59,0.6,0.01,0.01,76269.98,1776714040000
1776714042.146,42.146,0.4,0.41,0.59,0.6,0.01,0.01,76269.98,1776714040000
1776714042.499,42.499,0.4,0.41,0.59,0.6,0.01,0.01,76269.8,1776714041000
1776714042.866,42.866,0.4,0.41,0.59,0.6,0.01,0.01,76269.8,1776714041000
1776714043.492,43.492,0.4,0.41,0.59,0.6,0.01,0.01,76269.8,1776714042000
1776714044.462,44.462,0.4,0.42,0.58,0.6,0.02,0.02,76269.83,1776714043000
1776714044.855,44.855,0.41,0.42,0.58,0.59,0.01,0.01,76269.83,1776714043000
1776714045.304,45.304,0.41,0.42,0.58,0.59,0.01,0.01,76269.83,1776714044000
1776714045.777,45.777,0.41,0.42,0.58,0.59,0.01,0.01,76269.83,1776714044000
1776714046.2,46.2,0.41,0.42,0.58,0.59,0.01,0.01,76269.83,1776714044000
1776714046.547,46.547,0.43,0.44,0.56,0.57,0.01,0.01,76269.85,1776714045000
1776714047.099,47.099,0.43,0.44,0.56,0.58,0.01,0.02,76269.85,1776714045000
1776714047.529,47.529,0.43,0.44,0.56,0.57,0.01,0.01,76269.61,1776714046000
1776714047.916,47.916,0.43,0.44,0.56,0.57,0.01,0.01,76269.61,1776714046000
1776714048.292,48.292,0.43,0.44,0.56,0.57,0.01,0.01,76269.74,1776714047000
1776714048.638,48.638,0.43,0.44,0.56,0.57,0.01,0.01,76269.74,1776714047000
1776714049.017,49.017,0.47,0.48,0.52,0.53,0.01,0.01,76269.74,1776714047000
1776714049.425,49.425,0.47,0.48,0.52,0.53,0.01,0.01,76271.49,1776714048000
1776714049.762,49.762,0.48,0.49,0.51,0.52,0.01,0.01,76271.49,1776714048000
1776714050.11,50.11,0.48,0.49,0.51,0.52,0.01,0.01,76271.49,1776714048000
1776714050.562,50.562,0.48,0.49,0.51,0.52,0.01,0.01,76271.37,1776714049000
1776714050.895,50.895,0.48,0.49,0.51,0.52,0.01,0.01,76271.37,1776714049000
1776714051.238,51.238,0.48,0.49,0.51,0.52,0.01,0.01,76271.37,1776714049000
1776714051.604,51.604,0.48,0.49,0.51,0.52,0.01,0.01,76275.93,1776714050000
1776714051.996,51.996,0.48,0.49,0.51,0.52,0.01,0.01,76276.5,1776714051000
1776714052.564,52.564,0.48,0.49,0.51,0.52,0.01,0.01,76276.5,1776714051000
1776714052.984,52.984,0.48,0.49,0.51,0.52,0.01,0.01,76276.5,1776714051000
1776714053.392,53.392,0.48,0.49,0.51,0.52,0.01,0.01,76276.52,1776714052000
1776714053.759,53.759,0.48,0.49,0.51,0.52,0.01,0.01,76276.52,1776714052000
1776714054.144,54.144,0.48,0.49,0.51,0.52,0.01,0.01,76276.65,1776714053000
1776714054.551,54.551,0.47,0.48,0.52,0.53,0.01,0.01,76276.65,1776714053000
1776714054.931,54.931,0.47,0.48,0.52,0.53,0.01,0.01,76276.65,1776714053000
1776714055.264,55.264,0.47,0.48,0.52,0.53,0.01,0.01,76276.65,1776714054000
1776714055.721,55.721,0.47,0.48,0.52,0.53,0.01,0.01,76276.65,1776714054000
1776714056.078,56.078,0.47,0.48,0.52,0.53,0.01,0.01,76276.65,1776714054000
1776714056.478,56.478,0.47,0.48,0.52,0.53,0.01,0.01,76276.64,1776714055000
1776714056.852,56.852,0.47,0.48,0.52,0.53,0.01,0.01,76276.64,1776714055000
1776714057.221,57.221,0.47,0.48,0.52,0.53,0.01,0.01,76276.64,1776714055000
1776714057.556,57.556,0.47,0.48,0.52,0.53,0.01,0.01,76276.62,1776714056000
1776714057.917,57.917,0.46,0.47,0.53,0.54,0.01,0.01,76276.47,1776714057000
1776714058.307,58.307,0.42,0.44,0.56,0.57,0.02,0.01,76276.47,1776714057000
1776714058.766,58.766,0.41,0.42,0.58,0.59,0.01,0.01,76276.47,1776714057000
1776714059.223,59.223,0.41,0.42,0.58,0.59,0.01,0.01,76276.16,1776714058000
1776714059.792,59.792,0.41,0.42,0.58,0.59,0.01,0.01,76276.16,1776714058000
1776714060.262,60.262,0.4,0.42,0.58,0.59,0.02,0.01,76276.16,1776714058000
1776714060.618,60.618,0.4,0.41,0.59,0.6,0.01,0.01,76273.5,1776714059000
1776714060.96,60.96,0.36,0.37,0.63,0.64,0.01,0.01,76273.5,1776714059000
1776714061.381,61.381,0.36,0.37,0.63,0.64,0.01,0.01,76273.29,1776714060000
1776714061.725,61.725,0.36,0.37,0.63,0.64,0.01,0.01,76273.29,1776714060000
1776714062.063,62.063,0.36,0.37,0.63,0.64,0.01,0.01,76273.29,1776714060000
1776714062.502,62.502,0.36,0.37,0.63,0.64,0.01,0.01,76272.01,1776714061000
1776714062.948,62.948,0.37,0.38,0.62,0.64,0.01,0.02,76272.01,1776714061000
1776714063.341,63.341,0.37,0.38,0.62,0.63,0.01,0.01,76266.95,1776714062000
1776714063.888,63.888,0.37,0.38,0.62,0.63,0.01,0.01,76266.95,1776714062000
1776714064.233,64.233,0.37,0.38,0.62,0.63,0.01,0.01,76266.95,1776714062000
1776714064.719,64.719,0.37,0.38,0.62,0.63,0.01,0.01,76266.61,1776714063000
1776714065.066,65.066,0.37,0.38,0.62,0.63,0.01,0.01,76266.61,1776714063000
1776714065.424,65.424,0.37,0.38,0.62,0.63,0.01,0.01,76266.68,1776714064000
1776714066.05,66.05,0.37,0.38,0.62,0.63,0.01,0.01,76266.68,1776714064000
1776714066.505,66.505,0.37,0.38,0.62,0.63,0.01,0.01,76266.36,1776714065000
1776714066.856,66.856,0.37,0.38,0.62,0.63,0.01,0.01,76266.36,1776714065000
1776714067.326,67.326,0.37,0.38,0.62,0.63,0.01,0.01,76266.36,1776714066000
1776714067.678,67.678,0.37,0.38,0.62,0.63,0.01,0.01,76266.36,1776714066000
1776714068.037,68.037,0.39,0.41,0.6,0.61,0.02,0.01,76266.36,1776714066000
1776714068.391,68.391,0.41,0.42,0.58,0.59,0.01,0.01,76266.17,1776714067000
1776714068.917,68.917,0.41,0.42,0.58,0.59,0.01,0.01,76266.17,1776714067000
1776714069.271,69.271,0.4,0.41,0.59,0.6,0.01,0.01,76266.18,1776714068000
1776714070.111,70.111,0.4,0.41,0.59,0.6,0.01,0.01,76270.5,1776714069000
1776714070.695,70.695,0.4,0.41,0.59,0.6,0.01,0.01,76270.5,1776714069000
1776714071.137,71.137,0.38,0.39,0.61,0.62,0.01,0.01,76270.56,1776714070000
1776714071.503,71.503,0.38,0.39,0.61,0.62,0.01,0.01,76270.56,1776714070000
1776714071.973,71.973,0.38,0.39,0.61,0.62,0.01,0.01,76270.56,1776714070000
1776714072.735,72.735,0.36,0.39,0.61,0.62,0.03,0.01,76269.69,1776714071000
1776714073.068,73.068,0.26,0.34,0.66,0.73,0.08,0.07,76269.69,1776714071000
1776714073.407,73.407,0.25,0.28,0.72,0.77,0.03,0.05,76269.69,1776714071000
1776714073.837,73.837,0.26,0.27,0.73,0.74,0.01,0.01,76267.79,1776714072000
1776714074.181,74.181,0.24,0.25,0.75,0.76,0.01,0.01,76267.53,1776714073000
1776714074.531,74.531,0.24,0.25,0.75,0.76,0.01,0.01,76267.53,1776714073000
1776714074.874,74.874,0.23,0.24,0.76,0.77,0.01,0.01,76267.53,1776714073000
1776714075.208,75.208,0.23,0.24,0.76,0.77,0.01,0.01,76267.53,1776714073000
1776714075.599,75.599,0.22,0.23,0.77,0.78,0.01,0.01,76247.66,1776714074000
1776714076.042,76.042,0.22,0.23,0.77,0.78,0.01,0.01,76247.66,1776714074000
1776714076.514,76.514,0.22,0.23,0.77,0.78,0.01,0.01,76245.31,1776714075000
1776714076.895,76.895,0.22,0.23,0.77,0.78,0.01,0.01,76245.31,1776714075000
1776714077.271,77.271,0.22,0.23,0.77,0.78,0.01,0.01,76245.31,1776714075000
1776714077.847,77.847,0.22,0.23,0.77,0.78,0.01,0.01,76244.98,1776714076000
1776714078.205,78.205,0.22,0.23,0.77,0.78,0.01,0.01,76244.96,1776714077000
1776714078.613,78.613,0.22,0.24,0.77,0.78,0.02,0.01,76244.96,1776714077000
1776714079.196,79.196,0.22,0.23,0.77,0.78,0.01,0.01,76244.96,1776714077000
1776714079.571,79.571,0.22,0.23,0.77,0.78,0.01,0.01,76244.65,1776714078000
1776714079.973,79.973,0.22,0.24,0.77,0.78,0.02,0.01,76244.65,1776714078000
1776714080.32,80.32,0.28,0.29,0.71,0.72,0.01,0.01,76244.65,1776714078000
1776714080.695,80.695,0.28,0.29,0.71,0.72,0.01,0.01,76244.65,1776714078000
1776714081.16,81.16,0.28,0.29,0.71,0.72,0.01,0.01,76245.08,1776714079000
1776714081.583,81.583,0.28,0.29,0.71,0.72,0.01,0.01,76245.08,1776714079000
1776714081.927,81.927,0.28,0.29,0.68,0.72,0.01,0.04,76244.97,1776714080000
1776714082.279,82.279,0.33,0.34,0.66,0.67,0.01,0.01,76245.1,1776714081000
1776714082.613,82.613,0.36,0.42,0.58,0.64,0.06,0.06,76245.1,1776714081000
1776714082.995,82.995,0.37,0.4,0.57,0.63,0.03,0.06,76245.1,1776714081000
1776714083.356,83.356,0.41,0.43,0.57,0.59,0.02,0.02,76250.96,1776714082000
1776714083.71,83.71,0.41,0.42,0.58,0.59,0.01,0.01,76250.96,1776714082000
1776714084.109,84.109,0.41,0.42,0.58,0.59,0.01,0.01,76250.96,1776714082000
1776714084.556,84.556,0.41,0.42,0.58,0.59,0.01,0.01,76264.2,1776714083000
1776714085.268,85.268,0.41,0.42,0.58,0.59,0.01,0.01,76264.2,1776714083000
1776714085.619,85.619,0.41,0.42,0.58,0.59,0.01,0.01,76268.15,1776714084000
1776714085.994,85.994,0.41,0.42,0.58,0.59,0.01,0.01,76268.87,1776714085000
1776714086.464,86.464,0.41,0.42,0.58,0.59,0.01,0.01,76268.87,1776714085000
1776714086.917,86.917,0.41,0.42,0.58,0.59,0.01,0.01,76268.87,1776714085000
1776714087.298,87.298,0.41,0.42,0.58,0.59,0.01,0.01,76269.27,1776714086000
1776714087.823,87.823,0.41,0.42,0.58,0.59,0.01,0.01,76269.27,1776714086000
1776714088.18,88.18,0.41,0.42,0.58,0.59,0.01,0.01,76269.27,1776714086000
1776714088.549,88.549,0.41,0.42,0.58,0.59,0.01,0.01,76268.98,1776714087000
1776714089.124,89.124,0.41,0.42,0.58,0.59,0.01,0.01,76268.98,1776714088000
1776714089.558,89.558,0.41,0.42,0.58,0.59,0.01,0.01,76268.98,1776714088000
1776714089.965,89.965,0.41,0.42,0.58,0.59,0.01,0.01,76268.98,1776714088000
1776714090.321,90.321,0.41,0.42,0.58,0.59,0.01,0.01,76269.39,1776714089000
1776714090.718,90.718,0.41,0.42,0.58,0.59,0.01,0.01,76269.39,1776714089000
1776714091.128,91.128,0.38,0.39,0.61,0.62,0.01,0.01,76268.42,1776714090000
1776714091.707,91.707,0.38,0.39,0.61,0.62,0.01,0.01,76268.42,1776714090000
1776714092.053,92.053,0.38,0.39,0.61,0.62,0.01,0.01,76268.42,1776714090000
1776714092.388,92.388,0.38,0.39,0.61,0.62,0.01,0.01,76269.67,1776714091000
1776714092.853,92.853,0.38,0.39,0.61,0.62,0.01,0.01,76269.67,1776714091000
1776714093.315,93.315,0.41,0.42,0.58,0.59,0.01,0.01,76268.81,1776714092000
1776714093.792,93.792,0.41,0.42,0.58,0.59,0.01,0.01,76268.81,1776714092000
1776714094.237,94.237,0.43,0.44,0.56,0.57,0.01,0.01,76268.87,1776714093000
1776714094.626,94.626,0.43,0.44,0.56,0.57,0.01,0.01,76268.87,1776714093000
1776714095.006,95.006,0.43,0.44,0.56,0.57,0.01,0.01,76268.87,1776714093000
1776714095.411,95.411,0.42,0.43,0.57,0.58,0.01,0.01,76269.53,1776714094000
1776714095.966,95.966,0.42,0.43,0.57,0.58,0.01,0.01,76273.19,1776714095000
1776714096.446,96.446,0.42,0.43,0.57,0.58,0.01,0.01,76273.19,1776714095000
1776714096.927,96.927,0.42,0.43,0.57,0.58,0.01,0.01,76273.99,1776714096000
1776714097.356,97.356,0.42,0.43,0.57,0.58,0.01,0.01,76273.99,1776714096000
1776714097.84,97.84,0.42,0.43,0.57,0.58,0.01,0.01,76273.99,1776714096000
1776714098.469,98.469,0.42,0.43,0.57,0.58,0.01,0.01,76273.9,1776714097000
1776714098.828,98.828,0.42,0.43,0.57,0.58,0.01,0.01,76274.01,1776714098000
1776714099.386,99.386,0.43,0.44,0.56,0.57,0.01,0.01,76274.01,1776714098000
1776714099.849,99.849,0.43,0.44,0.56,0.57,0.01,0.01,76274.15,1776714099000
1776714100.254,100.254,0.43,0.44,0.56,0.57,0.01,0.01,76274.15,1776714099000
1776714100.776,100.776,0.43,0.44,0.56,0.57,0.01,0.01,76274.15,1776714099000
1776714101.198,101.198,0.43,0.44,0.56,0.57,0.01,0.01,76274.15,1776714099000
1776714101.755,101.755,0.43,0.44,0.56,0.57,0.01,0.01,76276.16,1776714100000
1776714102.135,102.135,0.43,0.45,0.55,0.57,0.02,0.02,76276.16,1776714100000
1776714102.597,102.597,0.44,0.45,0.55,0.56,0.01,0.01,76276.54,1776714101000
1776714103.032,103.032,0.44,0.45,0.55,0.56,0.01,0.01,76276.56,1776714102000
1776714103.659,103.659,0.44,0.45,0.55,0.56,0.01,0.01,76276.56,1776714102000
1776714104.016,104.016,0.44,0.45,0.55,0.56,0.01,0.01,76276.8,1776714103000
1776714104.486,104.486,0.44,0.45,0.55,0.56,0.01,0.01,76276.8,1776714103000
1776714105.082,105.082,0.44,0.45,0.55,0.56,0.01,0.01,76276.84,1776714104000
1776714105.615,105.615,0.44,0.45,0.55,0.56,0.01,0.01,76276.84,1776714104000
1776714106.148,106.148,0.44,0.45,0.55,0.56,0.01,0.01,76276.19,1776714105000
1776714106.561,106.561,0.44,0.45,0.55,0.56,0.01,0.01,76276.19,1776714105000
1776714106.924,106.924,0.44,0.45,0.55,0.56,0.01,0.01,76276.19,1776714105000
1776714107.274,107.274,0.44,0.45,0.55,0.56,0.01,0.01,76276.19,1776714105000
1776714108.02,108.02,0.44,0.45,0.55,0.56,0.01,0.01,76275.63,1776714106000
1776714108.358,108.358,0.43,0.44,0.55,0.57,0.01,0.02,76275.63,1776714106000
1776714108.939,108.939,0.41,0.42,0.58,0.59,0.01,0.01,76275.61,1776714108000
1776714109.381,109.381,0.39,0.4,0.6,0.61,0.01,0.01,76275.61,1776714108000
1776714109.746,109.746,0.39,0.4,0.6,0.61,0.01,0.01,76275.61,1776714108000
1776714110.145,110.145,0.39,0.4,0.6,0.61,0.01,0.01,76275.61,1776714109000
1776714110.811,110.811,0.4,0.41,0.59,0.6,0.01,0.01,76275.61,1776714109000
1776714111.333,111.333,0.4,0.41,0.59,0.6,0.01,0.01,76273.23,1776714110000
1776714111.842,111.842,0.4,0.41,0.59,0.6,0.01,0.01,76273.23,1776714110000
1776714112.236,112.236,0.4,0.41,0.59,0.6,0.01,0.01,76272.49,1776714111000
1776714112.69,112.69,0.4,0.41,0.59,0.6,0.01,0.01,76272.49,1776714111000
1776714113.064,113.064,0.4,0.41,0.59,0.6,0.01,0.01,76272.49,1776714111000
1776714113.753,113.753,0.4,0.41,0.59,0.6,0.01,0.01,76272.76,1776714112000
1776714114.112,114.112,0.39,0.41,0.59,0.61,0.02,0.02,76272.76,1776714112000
1776714114.525,114.525,0.39,0.4,0.6,0.61,0.01,0.01,76273.03,1776714113000
1776714115.075,115.075,0.39,0.4,0.6,0.61,0.01,0.01,76273.03,1776714113000
1776714115.481,115.481,0.39,0.4,0.6,0.61,0.01,0.01,76272.93,1776714114000
1776714115.874,115.874,0.39,0.4,0.6,0.61,0.01,0.01,76272.93,1776714114000
1776714116.272,116.272,0.39,0.4,0.6,0.61,0.01,0.01,76272.93,1776714115000
1776714116.824,116.824,0.39,0.4,0.6,0.61,0.01,0.01,76272.93,1776714115000
1776714117.202,117.202,0.39,0.4,0.6,0.61,0.01,0.01,76272.93,1776714116000
1776714117.668,117.668,0.4,0.41,0.6,0.61,0.01,0.01,76272.93,1776714116000
1776714118.053,118.053,0.4,0.41,0.59,0.6,0.01,0.01,76272.93,1776714116000
1776714118.563,118.563,0.4,0.41,0.58,0.6,0.01,0.02,76272.85,1776714117000
1776714118.964,118.964,0.41,0.42,0.58,0.59,0.01,0.01,76272.85,1776714117000
1776714119.307,119.307,0.41,0.42,0.58,0.59,0.01,0.01,76272.86,1776714118000
1776714119.815,119.815,0.41,0.42,0.58,0.59,0.01,0.01,76272.86,1776714118000
1776714120.318,120.318,0.41,0.43,0.57,0.59,0.02,0.02,76272.88,1776714119000
1776714120.676,120.676,0.42,0.43,0.57,0.58,0.01,0.01,76272.88,1776714119000
1776714121.015,121.015,0.42,0.43,0.57,0.58,0.01,0.01,76272.88,1776714119000
1776714121.44,121.44,0.42,0.43,0.57,0.58,0.01,0.01,76272.98,1776714120000
1776714121.892,121.892,0.42,0.43,0.57,0.58,0.01,0.01,76273.23,1776714121000
1776714122.232,122.232,0.42,0.43,0.57,0.58,0.01,0.01,76273.23,1776714121000
1776714122.573,122.573,0.42,0.43,0.57,0.58,0.01,0.01,76273.23,1776714121000
1776714122.912,122.912,0.42,0.43,0.57,0.58,0.01,0.01,76273.23,1776714121000
1776714123.341,123.341,0.42,0.43,0.57,0.58,0.01,0.01,76273.22,1776714122000
1776714123.819,123.819,0.42,0.43,0.57,0.58,0.01,0.01,76273.22,1776714122000
1776714124.289,124.289,0.42,0.43,0.57,0.58,0.01,0.01,76274.99,1776714123000
1776714124.902,124.902,0.42,0.43,0.57,0.58,0.01,0.01,76274.99,1776714123000
1776714125.399,125.399,0.42,0.43,0.57,0.58,0.01,0.01,76274.99,1776714123000
1776714125.799,125.799,0.42,0.43,0.57,0.58,0.01,0.01,76276.42,1776714124000
1776714126.183,126.183,0.42,0.43,0.57,0.58,0.01,0.01,76276.42,1776714124000
1776714126.551,126.551,0.42,0.43,0.57,0.58,0.01,0.01,76276.0,1776714125000
1776714126.93,126.93,0.42,0.43,0.57,0.58,0.01,0.01,76276.0,1776714125000
1776714127.297,127.297,0.42,0.43,0.57,0.58,0.01,0.01,76276.0,1776714125000
1776714128.04,128.04,0.42,0.43,0.57,0.58,0.01,0.01,76275.26,1776714127000
1776714129.144,129.144,0.41,0.42,0.57,0.58,0.01,0.01,76275.26,1776714127000
1776714129.597,129.597,0.41,0.42,0.58,0.59,0.01,0.01,76275.27,1776714128000
1776714129.953,129.953,0.41,0.42,0.58,0.59,0.01,0.01,76275.27,1776714128000
1776714130.328,130.328,0.41,0.42,0.58,0.59,0.01,0.01,76275.27,1776714128000
1776714131.016,131.016,0.41,0.42,0.58,0.59,0.01,0.01,76275.29,1776714129000
1776714131.384,131.384,0.41,0.42,0.58,0.59,0.01,0.01,76275.29,1776714129000
1776714131.952,131.952,0.41,0.42,0.58,0.59,0.01,0.01,76275.75,1776714131000
1776714132.382,132.382,0.41,0.42,0.58,0.59,0.01,0.01,76275.75,1776714131000
1776714132.795,132.795,0.41,0.42,0.58,0.59,0.01,0.01,76275.75,1776714131000
1776714133.503,133.503,0.41,0.42,0.58,0.59,0.01,0.01,76275.75,1776714132000
1776714133.858,133.858,0.41,0.42,0.58,0.59,0.01,0.01,76275.75,1776714132000
1776714134.24,134.24,0.41,0.42,0.58,0.59,0.01,0.01,76275.75,1776714132000
1776714134.914,134.914,0.41,0.42,0.58,0.59,0.01,0.01,76276.0,1776714133000
1776714135.36,135.36,0.41,0.42,0.58,0.59,0.01,0.01,76276.0,1776714133000
1776714135.778,135.778,0.41,0.42,0.58,0.59,0.01,0.01,76276.0,1776714134000
1776714136.344,136.344,0.41,0.42,0.58,0.59,0.01,0.01,76275.84,1776714135000
1776714136.71,136.71,0.41,0.43,0.58,0.59,0.02,0.01,76275.84,1776714135000
1776714137.11,137.11,0.42,0.43,0.57,0.58,0.01,0.01,76275.25,1776714136000
1776714137.667,137.667,0.42,0.43,0.57,0.58,0.01,0.01,76275.25,1776714136000
1776714138.17,138.17,0.42,0.43,0.57,0.58,0.01,0.01,76275.25,1776714136000
1776714138.511,138.511,0.42,0.43,0.57,0.58,0.01,0.01,76275.76,1776714137000
1776714138.999,138.999,0.42,0.44,0.57,0.58,0.02,0.01,76275.76,1776714137000
1776714139.682,139.682,0.42,0.43,0.57,0.58,0.01,0.01,76276.28,1776714138000
1776714140.314,140.314,0.42,0.43,0.57,0.58,0.01,0.01,76276.39,1776714139000
1776714140.713,140.713,0.42,0.43,0.57,0.58,0.01,0.01,76276.39,1776714139000
1776714141.61,141.61,0.41,0.43,0.57,0.59,0.02,0.02,76276.04,1776714140000
1776714142.009,142.009,0.4,0.41,0.59,0.6,0.01,0.01,76276.04,1776714140000
1776714142.633,142.633,0.4,0.41,0.59,0.6,0.01,0.01,76276.04,1776714141000
1776714143.13,143.13,0.4,0.41,0.59,0.6,0.01,0.01,76276.04,1776714141000
1776714143.774,143.774,0.4,0.41,0.59,0.6,0.01,0.01,76276.01,1776714142000
1776714144.284,144.284,0.4,0.41,0.59,0.6,0.01,0.01,76276.01,1776714142000
1776714144.629,144.629,0.4,0.41,0.59,0.6,0.01,0.01,76276.01,1776714142000
1776714145.337,145.337,0.4,0.41,0.59,0.6,0.01,0.01,76275.76,1776714144000
1776714145.703,145.703,0.4,0.41,0.59,0.6,0.01,0.01,76275.76,1776714144000
1776714146.533,146.533,0.4,0.41,0.59,0.6,0.01,0.01,76276.07,1776714145000
1776714146.95,146.95,0.4,0.41,0.59,0.6,0.01,0.01,76276.07,1776714145000
1776714147.851,147.851,0.4,0.41,0.59,0.6,0.01,0.01,76276.21,1776714146000
1776714148.503,148.503,0.41,0.42,0.58,0.59,0.01,0.01,76275.8,1776714147000
1776714148.954,148.954,0.41,0.42,0.58,0.59,0.01,0.01,76275.8,1776714147000
1776714149.735,149.735,0.41,0.42,0.58,0.59,0.01,0.01,76275.8,1776714148000
1776714150.099,150.099,0.41,0.42,0.58,0.59,0.01,0.01,76275.8,1776714148000
1776714150.537,150.537,0.41,0.42,0.58,0.59,0.01,0.01,76276.33,1776714149000
1776714150.941,150.941,0.41,0.42,0.58,0.59,0.01,0.01,76276.33,1776714149000
1776714151.396,151.396,0.42,0.43,0.57,0.58,0.01,0.01,76276.61,1776714150000
1776714151.858,151.858,0.42,0.43,0.57,0.58,0.01,0.01,76276.61,1776714150000
1776714152.252,152.252,0.42,0.43,0.57,0.58,0.01,0.01,76276.61,1776714150000
1776714152.731,152.731,0.42,0.43,0.57,0.58,0.01,0.01,76276.98,1776714151000
1776714153.4,153.4,0.4,0.41,0.57,0.6,0.01,0.03,76276.98,1776714151000
1776714153.958,153.958,0.4,0.41,0.59,0.6,0.01,0.01,76276.88,1776714152000
1776714154.339,154.339,0.4,0.41,0.59,0.6,0.01,0.01,76277.88,1776714153000
1776714155.16,155.16,0.4,0.41,0.59,0.6,0.01,0.01,76277.88,1776714153000
1776714155.637,155.637,0.4,0.41,0.59,0.6,0.01,0.01,76277.92,1776714154000
1776714156.243,156.243,0.4,0.41,0.59,0.6,0.01,0.01,76277.27,1776714155000
1776714156.602,156.602,0.4,0.41,0.59,0.6,0.01,0.01,76277.27,1776714155000
1776714157.288,157.288,0.4,0.41,0.59,0.6,0.01,0.01,76277.27,1776714155000
1776714157.668,157.668,0.4,0.42,0.59,0.6,0.02,0.01,76277.27,1776714155000
1776714158.114,158.114,0.41,0.42,0.58,0.59,0.01,0.01,76276.34,1776714156000
1776714158.554,158.554,0.41,0.42,0.58,0.59,0.01,0.01,76276.34,1776714156000
1776714159.211,159.211,0.41,0.42,0.58,0.59,0.01,0.01,76276.22,1776714158000
1776714159.785,159.785,0.41,0.42,0.58,0.59,0.01,0.01,76276.22,1776714158000
1776714160.39,160.39,0.41,0.42,0.58,0.59,0.01,0.01,76276.48,1776714159000
1776714160.865,160.865,0.41,0.42,0.58,0.59,0.01,0.01,76276.48,1776714159000
1776714161.824,161.824,0.42,0.43,0.57,0.59,0.01,0.02,76276.35,1776714160000
1776714162.18,162.18,0.42,0.43,0.57,0.58,0.01,0.01,76276.35,1776714160000
1776714162.846,162.846,0.42,0.43,0.57,0.58,0.01,0.01,76276.63,1776714161000
1776714163.209,163.209,0.42,0.43,0.57,0.58,0.01,0.01,76276.63,1776714161000
1776714163.6,163.6,0.42,0.43,0.57,0.58,0.01,0.01,76276.63,1776714161000
1776714164.107,164.107,0.42,0.43,0.57,0.58,0.01,0.01,76278.66,1776714163000
1776714164.687,164.687,0.42,0.43,0.57,0.58,0.01,0.01,76278.66,1776714163000
1776714165.045,165.045,0.44,0.45,0.55,0.56,0.01,0.01,76278.66,1776714163000
1776714165.387,165.387,0.44,0.45,0.55,0.56,0.01,0.01,76278.67,1776714164000
1776714165.95,165.95,0.45,0.46,0.54,0.56,0.01,0.02,76278.67,1776714164000
1776714166.301,166.301,0.45,0.46,0.54,0.55,0.01,0.01,76278.67,1776714164000
1776714166.691,166.691,0.45,0.46,0.54,0.55,0.01,0.01,76281.7,1776714165000
1776714167.136,167.136,0.44,0.45,0.54,0.56,0.01,0.02,76281.7,1776714165000
1776714167.493,167.493,0.44,0.45,0.55,0.56,0.01,0.01,76283.91,1776714166000
1776714167.849,167.849,0.45,0.46,0.54,0.56,0.01,0.02,76283.91,1776714166000
1776714168.213,168.213,0.45,0.46,0.54,0.55,0.01,0.01,76283.91,1776714166000
1776714168.557,168.557,0.45,0.46,0.54,0.55,0.01,0.01,76283.95,1776714167000
1776714168.937,168.937,0.45,0.46,0.54,0.55,0.01,0.01,76283.95,1776714167000
1776714169.311,169.311,0.45,0.46,0.54,0.55,0.01,0.01,76283.95,1776714168000
1776714169.691,169.691,0.46,0.47,0.53,0.54,0.01,0.01,76283.95,1776714168000
1776714170.035,170.035,0.46,0.47,0.53,0.54,0.01,0.01,76283.93,1776714169000
1776714170.456,170.456,0.46,0.47,0.53,0.54,0.01,0.01,76283.93,1776714169000
1776714170.938,170.938,0.46,0.47,0.53,0.54,0.01,0.01,76283.93,1776714169000
1776714171.29,171.29,0.46,0.47,0.53,0.54,0.01,0.01,76283.94,1776714170000
1776714171.628,171.628,0.46,0.47,0.53,0.54,0.01,0.01,76283.94,1776714170000
1776714171.964,171.964,0.46,0.47,0.53,0.54,0.01,0.01,76283.94,1776714170000
1776714172.377,172.377,0.45,0.46,0.54,0.55,0.01,0.01,76285.28,1776714171000
1776714172.731,172.731,0.45,0.46,0.54,0.55,0.01,0.01,76285.28,1776714171000
1776714173.089,173.089,0.44,0.46,0.54,0.56,0.02,0.02,76285.28,1776714171000
1776714173.47,173.47,0.45,0.46,0.54,0.55,0.01,0.01,76283.74,1776714172000
1776714173.925,173.925,0.45,0.46,0.54,0.55,0.01,0.01,76283.74,1776714172000
1776714174.754,174.754,0.45,0.46,0.54,0.55,0.01,0.01,76283.76,1776714173000
1776714175.165,175.165,0.45,0.46,0.54,0.55,0.01,0.01,76283.44,1776714174000
1776714176.106,176.106,0.45,0.46,0.54,0.55,0.01,0.01,76283.44,1776714174000
1776714176.979,176.979,0.45,0.47,0.54,0.55,0.02,0.01,76283.71,1776714175000
1776714177.475,177.475,0.45,0.47,0.53,0.55,0.02,0.02,76283.71,1776714176000
1776714177.877,177.877,0.45,0.47,0.53,0.55,0.02,0.02,76283.71,1776714176000
1776714178.211,178.211,0.47,0.49,0.52,0.53,0.02,0.01,76285.77,1776714177000
1776714178.547,178.547,0.47,0.51,0.49,0.53,0.04,0.04,76285.77,1776714177000
1776714178.931,178.931,0.48,0.49,0.51,0.52,0.01,0.01,76285.77,1776714177000
1776714179.265,179.265,0.48,0.49,0.51,0.52,0.01,0.01,76285.77,1776714177000
1776714179.623,179.623,0.48,0.49,0.51,0.52,0.01,0.01,76286.27,1776714178000
1776714180.019,180.019,0.47,0.49,0.51,0.52,0.02,0.01,76286.27,1776714178000
1776714180.732,180.732,0.47,0.48,0.51,0.53,0.01,0.02,76286.27,1776714178000
1776714181.106,181.106,0.47,0.48,0.52,0.53,0.01,0.01,76285.87,1776714179000
1776714181.627,181.627,0.47,0.48,0.52,0.53,0.01,0.01,76285.4,1776714180000
1776714182.103,182.103,0.47,0.48,0.52,0.53,0.01,0.01,76285.4,1776714180000
1776714182.452,182.452,0.47,0.48,0.52,0.53,0.01,0.01,76285.4,1776714180000
1776714182.857,182.857,0.47,0.48,0.52,0.53,0.01,0.01,76285.37,1776714181000
1776714183.19,183.19,0.47,0.48,0.52,0.53,0.01,0.01,76285.37,1776714181000
1776714183.556,183.556,0.47,0.48,0.52,0.53,0.01,0.01,76285.29,1776714182000
1776714184.158,184.158,0.47,0.48,0.52,0.53,0.01,0.01,76285.29,1776714182000
1776714184.682,184.682,0.47,0.48,0.52,0.53,0.01,0.01,76285.63,1776714183000
1776714185.499,185.499,0.47,0.48,0.52,0.53,0.01,0.01,76285.62,1776714184000
1776714185.835,185.835,0.47,0.48,0.52,0.53,0.01,0.01,76285.62,1776714184000
1776714186.223,186.223,0.46,0.47,0.53,0.54,0.01,0.01,76285.62,1776714185000
1776714186.569,186.569,0.47,0.48,0.52,0.54,0.01,0.02,76285.62,1776714185000
1776714187.131,187.131,0.47,0.49,0.51,0.53,0.02,0.02,76285.62,1776714185000
1776714187.467,187.467,0.48,0.49,0.51,0.52,0.01,0.01,76285.62,1776714185000
1776714187.806,187.806,0.48,0.49,0.51,0.52,0.01,0.01,76285.71,1776714186000
1776714188.423,188.423,0.48,0.49,0.51,0.52,0.01,0.01,76288.01,1776714187000
1776714188.768,188.768,0.48,0.49,0.51,0.52,0.01,0.01,76288.01,1776714187000
1776714189.126,189.126,0.48,0.49,0.51,0.52,0.01,0.01,76288.63,1776714188000
1776714189.504,189.504,0.48,0.49,0.51,0.52,0.01,0.01,76288.63,1776714188000
1776714190.083,190.083,0.41,0.42,0.58,0.59,0.01,0.01,76288.63,1776714188000
1776714190.423,190.423,0.4,0.41,0.58,0.59,0.01,0.01,76288.63,1776714188000
1776714190.848,190.848,0.4,0.41,0.59,0.6,0.01,0.01,76288.74,1776714189000
1776714191.208,191.208,0.4,0.41,0.59,0.6,0.01,0.01,76288.74,1776714189000
1776714191.572,191.572,0.4,0.41,0.59,0.6,0.01,0.01,76279.39,1776714190000
1776714191.924,191.924,0.4,0.41,0.59,0.6,0.01,0.01,76279.39,1776714190000
1776714192.439,192.439,0.39,0.4,0.59,0.61,0.01,0.02,76279.39,1776714190000
1776714192.779,192.779,0.39,0.4,0.6,0.61,0.01,0.01,76275.17,1776714191000
1776714193.208,193.208,0.39,0.4,0.6,0.61,0.01,0.01,76275.17,1776714191000
1776714193.595,193.595,0.39,0.4,0.6,0.61,0.01,0.01,76275.16,1776714192000
1776714193.949,193.949,0.39,0.4,0.6,0.61,0.01,0.01,76275.16,1776714192000
1776714194.369,194.369,0.39,0.4,0.6,0.61,0.01,0.01,76275.16,1776714192000
1776714194.842,194.842,0.39,0.4,0.6,0.61,0.01,0.01,76274.88,1776714193000
1776714195.181,195.181,0.39,0.4,0.6,0.61,0.01,0.01,76274.88,1776714193000
1776714195.552,195.552,0.39,0.4,0.6,0.61,0.01,0.01,76274.64,1776714194000
1776714196.094,196.094,0.39,0.4,0.6,0.61,0.01,0.01,76274.64,1776714194000
1776714196.518,196.518,0.38,0.39,0.61,0.62,0.01,0.01,76274.64,1776714194000
1776714197.017,197.017,0.38,0.39,0.61,0.62,0.01,0.01,76274.94,1776714195000
1776714197.438,197.438,0.38,0.39,0.61,0.62,0.01,0.01,76274.94,1776714195000
1776714197.778,197.778,0.38,0.39,0.61,0.62,0.01,0.01,76274.94,1776714196000
1776714198.12,198.12,0.38,0.39,0.61,0.62,0.01,0.01,76274.94,1776714196000
1776714198.69,198.69,0.38,0.39,0.61,0.62,0.01,0.01,76273.02,1776714197000
1776714199.1,199.1,0.38,0.39,0.61,0.62,0.01,0.01,76273.02,1776714198000
1776714199.671,199.671,0.38,0.39,0.61,0.62,0.01,0.01,76273.02,1776714198000
1776714200.235,200.235,0.38,0.39,0.61,0.62,0.01,0.01,76273.02,1776714198000
1776714200.879,200.879,0.38,0.39,0.61,0.62,0.01,0.01,76274.93,1776714199000
1776714201.31,201.31,0.38,0.39,0.61,0.62,0.01,0.01,76274.93,1776714199000
1776714201.644,201.644,0.38,0.39,0.61,0.62,0.01,0.01,76274.9,1776714200000
1776714202.08,202.08,0.46,0.5,0.5,0.51,0.04,0.01,76274.93,1776714201000
1776714202.559,202.559,0.42,0.43,0.56,0.58,0.01,0.02,76274.93,1776714201000
1776714202.929,202.929,0.42,0.43,0.57,0.58,0.01,0.01,76274.93,1776714201000
1776714203.33,203.33,0.42,0.43,0.57,0.58,0.01,0.01,76274.94,1776714202000
1776714203.739,203.739,0.45,0.46,0.54,0.55,0.01,0.01,76274.94,1776714202000
1776714204.125,204.125,0.46,0.47,0.53,0.54,0.01,0.01,76276.32,1776714203000
1776714204.509,204.509,0.46,0.47,0.53,0.54,0.01,0.01,76276.32,1776714203000
1776714204.958,204.958,0.46,0.47,0.53,0.54,0.01,0.01,76276.97,1776714204000
1776714205.439,205.439,0.46,0.47,0.53,0.54,0.01,0.01,76276.97,1776714204000
1776714205.846,205.846,0.46,0.47,0.53,0.54,0.01,0.01,76276.97,1776714204000
1776714206.213,206.213,0.45,0.46,0.54,0.55,0.01,0.01,76278.62,1776714205000
1776714206.646,206.646,0.43,0.44,0.55,0.56,0.01,0.01,76278.62,1776714205000
1776714207.003,207.003,0.43,0.44,0.56,0.57,0.01,0.01,76278.62,1776714205000
1776714207.433,207.433,0.41,0.42,0.56,0.59,0.01,0.03,76278.96,1776714206000
1776714207.9,207.9,0.41,0.42,0.58,0.59,0.01,0.01,76278.96,1776714206000
1776714208.258,208.258,0.41,0.42,0.58,0.59,0.01,0.01,76279.05,1776714207000
1776714208.741,208.741,0.41,0.42,0.58,0.59,0.01,0.01,76279.05,1776714207000
1776714209.093,209.093,0.41,0.42,0.58,0.59,0.01,0.01,76278.69,1776714208000
1776714209.573,209.573,0.4,0.42,0.58,0.59,0.02,0.01,76278.69,1776714208000
1776714209.946,209.946,0.4,0.41,0.59,0.6,0.01,0.01,76278.69,1776714208000
1776714210.634,210.634,0.39,0.41,0.59,0.6,0.02,0.01,76278.4,1776714209000
1776714210.994,210.994,0.4,0.41,0.59,0.6,0.01,0.01,76278.4,1776714209000
1776714211.349,211.349,0.4,0.41,0.59,0.6,0.01,0.01,76278.38,1776714210000
1776714211.732,211.732,0.4,0.41,0.59,0.6,0.01,0.01,76278.38,1776714210000
1776714212.254,212.254,0.4,0.41,0.59,0.6,0.01,0.01,76278.38,1776714210000
1776714212.698,212.698,0.39,0.4,0.59,0.6,0.01,0.01,76278.36,1776714211000
1776714213.14,213.14,0.38,0.39,0.61,0.62,0.01,0.01,76278.36,1776714211000
1776714213.512,213.512,0.38,0.39,0.61,0.62,0.01,0.01,76278.41,1776714212000
1776714213.897,213.897,0.38,0.39,0.61,0.62,0.01,0.01,76278.41,1776714212000
1776714214.248,214.248,0.38,0.39,0.61,0.62,0.01,0.01,76278.41,1776714212000
1776714214.64,214.64,0.38,0.39,0.61,0.62,0.01,0.01,76278.42,1776714213000
1776714215.202,215.202,0.38,0.39,0.61,0.62,0.01,0.01,76277.6,1776714214000
1776714215.736,215.736,0.38,0.39,0.61,0.62,0.01,0.01,76277.6,1776714214000
1776714216.179,216.179,0.38,0.39,0.61,0.62,0.01,0.01,76277.62,1776714215000
1776714216.516,216.516,0.37,0.39,0.61,0.62,0.02,0.01,76277.62,1776714215000
1776714216.96,216.96,0.37,0.38,0.62,0.63,0.01,0.01,76277.62,1776714215000
1776714217.638,217.638,0.37,0.38,0.62,0.63,0.01,0.01,76276.79,1776714216000
1776714218.037,218.037,0.37,0.38,0.62,0.63,0.01,0.01,76276.79,1776714216000
1776714218.542,218.542,0.37,0.38,0.62,0.63,0.01,0.01,76277.34,1776714217000
1776714218.913,218.913,0.37,0.38,0.62,0.63,0.01,0.01,76277.34,1776714217000
1776714219.336,219.336,0.37,0.38,0.62,0.63,0.01,0.01,76276.93,1776714218000
1776714219.721,219.721,0.37,0.38,0.62,0.63,0.01,0.01,76276.93,1776714218000
1776714220.073,220.073,0.37,0.38,0.62,0.63,0.01,0.01,76276.84,1776714219000
1776714220.626,220.626,0.37,0.38,0.62,0.63,0.01,0.01,76276.84,1776714219000
1776714220.988,220.988,0.37,0.38,0.62,0.63,0.01,0.01,76275.88,1776714220000
1776714221.339,221.339,0.36,0.37,0.63,0.64,0.01,0.01,76275.88,1776714220000
1776714221.954,221.954,0.36,0.37,0.63,0.64,0.01,0.01,76277.79,1776714221000
1776714222.303,222.303,0.36,0.37,0.63,0.64,0.01,0.01,76277.79,1776714221000
1776714222.736,222.736,0.36,0.37,0.63,0.64,0.01,0.01,76277.79,1776714221000
1776714223.076,223.076,0.36,0.37,0.63,0.64,0.01,0.01,76277.84,1776714222000
1776714223.427,223.427,0.44,0.45,0.55,0.58,0.01,0.03,76277.84,1776714222000
1776714223.842,223.842,0.44,0.45,0.55,0.56,0.01,0.01,76277.84,1776714222000
1776714224.273,224.273,0.44,0.45,0.55,0.56,0.01,0.01,76277.84,1776714223000
1776714224.701,224.701,0.45,0.46,0.54,0.55,0.01,0.01,76277.84,1776714223000
1776714225.12,225.12,0.43,0.44,0.56,0.57,0.01,0.01,76277.84,1776714223000
1776714225.514,225.514,0.4,0.41,0.58,0.6,0.01,0.02,76278.08,1776714224000
1776714226.144,226.144,0.4,0.41,0.59,0.6,0.01,0.01,76278.08,1776714224000
1776714226.542,226.542,0.4,0.41,0.59,0.6,0.01,0.01,76279.4,1776714225000
1776714226.916,226.916,0.39,0.4,0.59,0.61,0.01,0.02,76279.4,1776714225000
1776714227.392,227.392,0.39,0.4,0.6,0.61,0.01,0.01,76279.58,1776714226000
1776714228.053,228.053,0.39,0.4,0.6,0.61,0.01,0.01,76280.07,1776714227000
1776714228.614,228.614,0.39,0.4,0.6,0.61,0.01,0.01,76280.07,1776714227000
1776714229.098,229.098,0.39,0.4,0.6,0.61,0.01,0.01,76280.04,1776714228000
1776714229.738,229.738,0.38,0.4,0.6,0.61,0.02,0.01,76280.04,1776714228000
1776714230.106,230.106,0.38,0.39,0.61,0.62,0.01,0.01,76280.2,1776714229000
1776714230.608,230.608,0.39,0.41,0.59,0.6,0.02,0.01,76280.2,1776714229000
1776714231.032,231.032,0.4,0.41,0.59,0.62,0.01,0.03,76280.2,1776714229000
1776714231.492,231.492,0.39,0.41,0.59,0.6,0.02,0.01,76280.21,1776714230000
1776714232.08,232.08,0.39,0.4,0.59,0.61,0.01,0.02,76280.21,1776714230000
1776714232.616,232.616,0.39,0.4,0.6,0.61,0.01,0.01,76280.12,1776714231000
1776714233.231,233.231,0.39,0.4,0.6,0.61,0.01,0.01,76280.12,1776714231000
1776714233.628,233.628,0.39,0.4,0.6,0.61,0.01,0.01,76280.16,1776714232000
1776714234.034,234.034,0.38,0.39,0.61,0.62,0.01,0.01,76280.16,1776714232000
1776714234.512,234.512,0.38,0.39,0.61,0.62,0.01,0.01,76280.47,1776714233000
1776714234.903,234.903,0.38,0.39,0.61,0.62,0.01,0.01,76280.47,1776714233000
1776714235.511,235.511,0.38,0.39,0.61,0.62,0.01,0.01,76280.48,1776714234000
1776714236.09,236.09,0.38,0.39,0.61,0.62,0.01,0.01,76280.47,1776714235000
1776714236.937,236.937,0.38,0.39,0.61,0.62,0.01,0.01,76280.47,1776714235000
1776714237.285,237.285,0.38,0.4,0.6,0.62,0.02,0.02,76280.95,1776714236000
1776714237.716,237.716,0.39,0.4,0.6,0.61,0.01,0.01,76280.95,1776714236000
1776714238.507,238.507,0.38,0.4,0.6,0.62,0.02,0.02,76280.95,1776714236000
1776714239.239,239.239,0.37,0.38,0.6,0.63,0.01,0.03,76280.96,1776714237000
1776714240.117,240.117,0.37,0.38,0.62,0.63,0.01,0.01,76280.96,1776714239000
1776714240.464,240.464,0.37,0.38,0.62,0.63,0.01,0.01,76280.96,1776714239000
1776714240.868,240.868,0.37,0.38,0.62,0.63,0.01,0.01,76280.96,1776714239000
1776714241.277,241.277,0.37,0.41,0.59,0.63,0.04,0.04,76280.96,1776714240000
1776714241.648,241.648,0.37,0.38,0.6,0.63,0.01,0.03,76280.96,1776714240000
1776714241.994,241.994,0.37,0.38,0.62,0.63,0.01,0.01,76280.96,1776714240000
1776714242.371,242.371,0.37,0.38,0.62,0.63,0.01,0.01,76280.96,1776714241000
1776714242.8,242.8,0.37,0.38,0.62,0.63,0.01,0.01,76280.96,1776714241000
1776714243.312,243.312,0.37,0.39,0.61,0.63,0.02,0.02,76280.96,1776714242000
1776714243.885,243.885,0.38,0.4,0.61,0.62,0.02,0.01,76280.96,1776714242000
1776714244.439,244.439,0.39,0.4,0.6,0.61,0.01,0.01,76280.96,1776714243000
1776714244.806,244.806,0.38,0.4,0.6,0.62,0.02,0.02,76280.96,1776714243000
1776714245.347,245.347,0.39,0.4,0.6,0.61,0.01,0.01,76280.96,1776714244000
1776714245.808,245.808,0.36,0.37,0.6,0.64,0.01,0.04,76280.96,1776714244000
1776714246.144,246.144,0.39,0.4,0.6,0.64,0.01,0.04,76280.96,1776714244000
1776714246.625,246.625,0.37,0.4,0.6,0.61,0.03,0.01,76280.96,1776714245000
1776714246.958,246.958,0.28,0.29,0.71,0.72,0.01,0.01,76280.96,1776714245000
1776714247.301,247.301,0.26,0.27,0.73,0.74,0.01,0.01,76280.96,1776714246000
1776714247.635,247.635,0.26,0.27,0.73,0.74,0.01,0.01,76280.96,1776714246000
1776714248.027,248.027,0.26,0.27,0.73,0.74,0.01,0.01,76280.96,1776714246000
1776714248.417,248.417,0.26,0.27,0.73,0.74,0.01,0.01,76280.64,1776714247000
1776714248.777,248.777,0.26,0.27,0.73,0.74,0.01,0.01,76280.64,1776714247000
1776714249.116,249.116,0.25,0.27,0.73,0.74,0.02,0.01,76280.64,1776714247000
1776714249.468,249.468,0.23,0.24,0.76,0.77,0.01,0.01,76275.42,1776714248000
1776714249.807,249.807,0.22,0.23,0.77,0.78,0.01,0.01,76275.42,1776714248000
1776714250.245,250.245,0.22,0.23,0.77,0.78,0.01,0.01,76275.42,1776714248000
1776714250.578,250.578,0.22,0.23,0.77,0.78,0.01,0.01,76275.42,1776714248000
1776714250.917,250.917,0.23,0.24,0.76,0.77,0.01,0.01,76274.81,1776714249000
1776714251.453,251.453,0.22,0.24,0.76,0.77,0.02,0.01,76273.58,1776714250000
1776714251.805,251.805,0.22,0.23,0.77,0.78,0.01,0.01,76273.58,1776714250000
1776714252.204,252.204,0.22,0.23,0.77,0.78,0.01,0.01,76273.58,1776714250000
1776714252.594,252.594,0.22,0.23,0.77,0.78,0.01,0.01,76273.58,1776714250000
1776714252.978,252.978,0.21,0.22,0.78,0.79,0.01,0.01,76267.05,1776714251000
1776714253.322,253.322,0.21,0.22,0.78,0.79,0.01,0.01,76267.05,1776714252000
1776714253.97,253.97,0.21,0.22,0.78,0.79,0.01,0.01,76267.05,1776714252000
1776714254.311,254.311,0.21,0.22,0.78,0.79,0.01,0.01,76267.05,1776714252000
1776714254.898,254.898,0.21,0.22,0.78,0.79,0.01,0.01,76267.34,1776714253000
1776714255.255,255.255,0.2,0.22,0.78,0.79,0.02,0.01,76267.34,1776714254000
1776714255.666,255.666,0.2,0.21,0.79,0.8,0.01,0.01,76267.34,1776714254000
1776714256.01,256.01,0.19,0.21,0.79,0.8,0.02,0.01,76267.34,1776714254000
1776714256.472,256.472,0.19,0.2,0.8,0.81,0.01,0.01,76267.36,1776714255000
1776714257.018,257.018,0.18,0.19,0.79,0.8,0.01,0.01,76267.36,1776714255000
1776714257.364,257.364,0.2,0.21,0.79,0.8,0.01,0.01,76267.48,1776714256000
1776714257.978,257.978,0.19,0.2,0.81,0.83,0.01,0.02,76267.48,1776714256000
1776714258.317,258.317,0.19,0.2,0.8,0.81,0.01,0.01,76267.48,1776714256000
1776714258.659,258.659,0.19,0.2,0.8,0.81,0.01,0.01,76267.43,1776714257000
1776714259.005,259.005,0.19,0.22,0.79,0.81,0.03,0.02,76267.43,1776714258000
1776714259.341,259.341,0.15,0.21,0.79,0.8,0.06,0.01,76267.43,1776714258000
1776714259.753,259.753,0.15,0.16,0.84,0.85,0.01,0.01,76267.43,1776714258000
1776714260.09,260.09,0.16,0.22,0.8,0.84,0.06,0.04,76267.65,1776714259000
1776714260.436,260.436,0.21,0.22,0.78,0.79,0.01,0.01,76267.65,1776714259000
1776714260.788,260.788,0.21,0.22,0.78,0.79,0.01,0.01,76267.65,1776714259000
1776714261.212,261.212,0.21,0.22,0.78,0.79,0.01,0.01,76267.68,1776714260000
1776714261.565,261.565,0.21,0.22,0.78,0.79,0.01,0.01,76267.68,1776714260000
1776714261.936,261.936,0.21,0.22,0.78,0.79,0.01,0.01,76267.68,1776714260000
1776714262.357,262.357,0.21,0.22,0.78,0.79,0.01,0.01,76267.71,1776714261000
1776714262.703,262.703,0.2,0.21,0.79,0.8,0.01,0.01,76267.71,1776714261000
1776714263.103,263.103,0.2,0.21,0.78,0.8,0.01,0.02,76267.71,1776714261000
1776714263.571,263.571,0.2,0.21,0.79,0.8,0.01,0.01,76269.21,1776714262000
1776714264.136,264.136,0.2,0.21,0.79,0.8,0.01,0.01,76269.21,1776714262000
1776714264.648,264.648,0.13,0.17,0.86,0.87,0.04,0.01,76270.08,1776714263000
1776714265.063,265.063,0.18,0.19,0.81,0.82,0.01,0.01,76270.08,1776714263000
1776714265.516,265.516,0.18,0.19,0.81,0.82,0.01,0.01,76270.08,1776714263000
1776714265.849,265.849,0.18,0.19,0.81,0.82,0.01,0.01,76270.02,1776714264000
1776714266.426,266.426,0.18,0.19,0.81,0.82,0.01,0.01,76270.25,1776714265000
1776714266.767,266.767,0.15,0.16,0.83,0.85,0.01,0.02,76270.25,1776714265000
1776714267.234,267.234,0.11,0.12,0.88,0.89,0.01,0.01,76269.61,1776714266000
1776714267.569,267.569,0.11,0.12,0.88,0.89,0.01,0.01,76269.61,1776714266000
1776714267.992,267.992,0.12,0.13,0.87,0.88,0.01,0.01,76269.61,1776714266000
1776714268.438,268.438,0.12,0.13,0.87,0.88,0.01,0.01,76269.43,1776714267000
1776714268.905,268.905,0.12,0.13,0.87,0.88,0.01,0.01,76269.43,1776714267000
1776714269.263,269.263,0.12,0.13,0.87,0.88,0.01,0.01,76267.91,1776714268000
1776714269.741,269.741,0.12,0.13,0.87,0.88,0.01,0.01,76267.91,1776714268000
1776714270.235,270.235,0.12,0.13,0.87,0.88,0.01,0.01,76266.7,1776714269000
1776714270.571,270.571,0.12,0.13,0.87,0.88,0.01,0.01,76266.7,1776714269000
1776714271.001,271.001,0.13,0.14,0.86,0.9,0.01,0.04,76266.7,1776714269000
1776714271.355,271.355,0.08,0.12,0.88,0.89,0.04,0.01,76266.55,1776714270000
1776714271.702,271.702,0.09,0.1,0.9,0.91,0.01,0.01,76266.55,1776714270000
1776714272.116,272.116,0.09,0.1,0.9,0.91,0.01,0.01,76266.55,1776714270000
1776714272.538,272.538,0.09,0.1,0.9,0.91,0.01,0.01,76266.29,1776714271000
1776714272.921,272.921,0.12,0.13,0.87,0.88,0.01,0.01,76266.29,1776714271000
1776714273.337,273.337,0.12,0.13,0.87,0.88,0.01,0.01,76266.29,1776714272000
1776714273.689,273.689,0.1,0.11,0.88,0.9,0.01,0.02,76266.29,1776714272000
1776714274.06,274.06,0.07,0.18,0.82,0.93,0.11,0.11,76266.15,1776714273000
1776714274.393,274.393,0.07,0.1,0.92,0.93,0.03,0.01,76266.15,1776714273000
1776714274.771,274.771,0.1,0.11,0.89,0.9,0.01,0.01,76266.15,1776714273000
1776714275.121,275.121,0.07,0.08,0.89,0.91,0.01,0.02,76266.26,1776714274000
1776714275.64,275.64,0.07,0.08,0.92,0.93,0.01,0.01,76266.26,1776714274000
1776714276.008,276.008,0.1,0.11,0.89,0.93,0.01,0.04,76266.26,1776714274000
1776714276.351,276.351,0.12,0.17,0.83,0.84,0.05,0.01,76266.4,1776714275000
1776714276.726,276.726,0.15,0.16,0.84,0.85,0.01,0.01,76266.4,1776714275000
1776714277.095,277.095,0.15,0.16,0.84,0.85,0.01,0.01,76265.67,1776714276000
1776714277.557,277.557,0.15,0.16,0.84,0.85,0.01,0.01,76265.67,1776714276000
1776714277.901,277.901,0.15,0.16,0.84,0.85,0.01,0.01,76266.35,1776714277000
1776714278.307,278.307,0.15,0.16,0.84,0.85,0.01,0.01,76266.35,1776714277000
1776714278.641,278.641,0.15,0.16,0.84,0.85,0.01,0.01,76266.35,1776714277000
1776714279.278,279.278,0.15,0.16,0.84,0.85,0.01,0.01,76266.35,1776714277000
1776714279.662,279.662,0.21,0.22,0.78,0.79,0.01,0.01,76269.2,1776714278000
1776714280.015,280.015,0.21,0.22,0.78,0.79,0.01,0.01,76269.2,1776714278000
1776714280.377,280.377,0.21,0.22,0.78,0.79,0.01,0.01,76269.36,1776714279000
1776714280.719,280.719,0.2,0.21,0.79,0.8,0.01,0.01,76269.36,1776714279000
1776714281.09,281.09,0.2,0.21,0.79,0.8,0.01,0.01,76269.36,1776714279000
1776714281.471,281.471,0.19,0.21,0.79,0.8,0.02,0.01,76270.03,1776714280000
1776714281.839,281.839,0.19,0.2,0.8,0.81,0.01,0.01,76270.03,1776714280000
1776714282.297,282.297,0.19,0.2,0.8,0.81,0.01,0.01,76270.03,1776714280000
1776714282.676,282.676,0.16,0.18,0.82,0.83,0.02,0.01,76271.08,1776714281000
1776714283.24,283.24,0.16,0.17,0.83,0.84,0.01,0.01,76271.35,1776714282000
1776714283.653,283.653,0.16,0.17,0.83,0.84,0.01,0.01,76271.35,1776714282000
1776714284.134,284.134,0.22,0.23,0.77,0.78,0.01,0.01,76271.35,1776714282000
1776714284.468,284.468,0.2,0.21,0.77,0.8,0.01,0.03,76271.45,1776714283000
1776714284.957,284.957,0.17,0.21,0.79,0.8,0.04,0.01,76271.45,1776714283000
1776714285.441,285.441,0.17,0.18,0.81,0.82,0.01,0.01,76271.45,1776714284000
1776714285.786,285.786,0.17,0.18,0.82,0.83,0.01,0.01,76271.45,1776714284000
1776714286.23,286.23,0.18,0.19,0.81,0.82,0.01,0.01,76272.41,1776714285000
1776714286.68,286.68,0.18,0.19,0.81,0.82,0.01,0.01,76272.41,1776714285000
1776714287.037,287.037,0.19,0.2,0.8,0.82,0.01,0.02,76272.41,1776714285000
1776714287.47,287.47,0.19,0.2,0.8,0.81,0.01,0.01,76272.5,1776714286000
1776714287.829,287.829,0.2,0.24,0.76,0.8,0.04,0.04,76272.5,1776714286000
1776714288.186,288.186,0.23,0.24,0.76,0.77,0.01,0.01,76272.5,1776714286000
1776714288.615,288.615,0.2,0.21,0.79,0.8,0.01,0.01,76272.5,1776714287000
1776714289.009,289.009,0.2,0.21,0.79,0.8,0.01,0.01,76272.5,1776714287000
1776714289.414,289.414,0.2,0.22,0.76,0.8,0.02,0.04,76272.85,1776714288000
1776714290.353,290.353,0.17,0.18,0.82,0.83,0.01,0.01,76274.84,1776714289000
1776714290.781,290.781,0.13,0.14,0.85,0.88,0.01,0.03,76274.84,1776714289000
1776714291.115,291.115,0.13,0.14,0.86,0.87,0.01,0.01,76274.84,1776714289000
1776714291.515,291.515,0.13,0.14,0.86,0.87,0.01,0.01,76275.34,1776714290000
1776714291.893,291.893,0.13,0.14,0.86,0.87,0.01,0.01,76275.34,1776714290000
1776714292.263,292.263,0.13,0.14,0.86,0.87,0.01,0.01,76275.34,1776714290000
1776714292.599,292.599,0.13,0.14,0.86,0.87,0.01,0.01,76275.3,1776714291000
1776714293.003,293.003,0.16,0.17,0.83,0.86,0.01,0.03,76275.3,1776714291000
1776714293.343,293.343,0.18,0.19,0.81,0.82,0.01,0.01,76275.37,1776714292000
1776714293.777,293.777,0.17,0.19,0.81,0.82,0.02,0.01,76275.37,1776714292000
1776714294.137,294.137,0.13,0.17,0.83,0.84,0.04,0.01,76275.97,1776714293000
1776714294.569,294.569,0.13,0.14,0.86,0.87,0.01,0.01,76275.97,1776714293000
1776714294.953,294.953,0.13,0.14,0.86,0.87,0.01,0.01,76275.97,1776714293000
1776714295.289,295.289,0.13,0.14,0.86,0.87,0.01,0.01,76277.54,1776714294000
1776714295.63,295.63,0.13,0.14,0.86,0.87,0.01,0.01,76277.54,1776714294000
1776714295.993,295.993,0.13,0.14,0.86,0.87,0.01,0.01,76277.54,1776714294000
1776714296.373,296.373,0.17,0.18,0.82,0.83,0.01,0.01,76279.38,1776714295000
1776714296.71,296.71,0.17,0.18,0.82,0.83,0.01,0.01,76279.38,1776714295000
1776714297.054,297.054,0.17,0.18,0.82,0.83,0.01,0.01,76279.38,1776714295000
1776714297.424,297.424,0.17,0.18,0.82,0.83,0.01,0.01,76279.63,1776714296000
1776714297.773,297.773,0.21,0.26,0.74,0.79,0.05,0.05,76279.63,1776714296000
1776714298.121,298.121,0.6,0.72,0.25,0.29,0.12,0.04,76279.63,1776714296000
1776714298.457,298.457,0.99,0.01,0.99,0.01,-0.98,-0.98,76279.61,1776714297000
1776714298.819,298.819,0.07,0.08,0.92,0.93,0.01,0.01,76279.61,1776714297000
1776714299.156,299.156,0.05,0.08,0.91,0.95,0.03,0.04,76279.61,1776714297000
1776714299.494,299.494,0.12,0.01,0.99,0.88,-0.11,-0.11,76279.55,1776714298000
1776714299.827,299.827,0.12,0.01,0.99,0.88,-0.11,-0.11,76279.55,1776714298000
1776714300.204,300.204,0.15,0.25,0.75,0.85,0.1,0.1,76279.55,1776714298000
1776714300.891,300.891,0.01,0.01,0.99,0.99,0.0,0.0,76279.79,1776714299000

# RESULT,winner=Down,slug=btc-updown-5m-1776714000,ticks=683
