timestamp,elapsed_sec,up_bid,up_ask,down_bid,down_ask,up_spread,down_spread,btc_price,btc_oracle_ts
1777332300.596,0.596,0.45,0.47,0.53,0.55,0.02,0.02,77130.26,1777332299000
1777332301.438,1.438,0.46,0.47,0.53,0.54,0.01,0.01,77130.33,1777332300000
1777332301.843,1.843,0.46,0.47,0.53,0.54,0.01,0.01,77130.33,1777332300000
1777332302.194,2.194,0.46,0.47,0.53,0.54,0.01,0.01,77130.33,1777332301000
1777332302.613,2.613,0.47,0.48,0.52,0.53,0.01,0.01,77130.33,1777332301000
1777332303.1,3.1,0.47,0.48,0.52,0.53,0.01,0.01,77130.33,1777332301000
1777332303.504,3.504,0.47,0.48,0.52,0.53,0.01,0.01,77130.5,1777332302000
1777332303.864,3.864,0.48,0.49,0.51,0.52,0.01,0.01,77130.5,1777332302000
1777332304.359,4.359,0.48,0.49,0.51,0.52,0.01,0.01,77130.5,1777332302000
1777332304.86,4.86,0.48,0.49,0.51,0.52,0.01,0.01,77130.61,1777332303000
1777332305.289,5.289,0.48,0.49,0.51,0.52,0.01,0.01,77130.76,1777332304000
1777332306.344,6.344,0.48,0.49,0.51,0.52,0.01,0.01,77130.76,1777332304000
1777332306.796,6.796,0.48,0.49,0.51,0.52,0.01,0.01,77130.53,1777332305000
1777332307.177,7.177,0.48,0.49,0.51,0.52,0.01,0.01,77130.53,1777332305000
1777332307.834,7.834,0.48,0.49,0.51,0.52,0.01,0.01,77130.39,1777332306000
1777332308.462,8.462,0.48,0.5,0.51,0.52,0.02,0.01,77130.39,1777332306000
1777332308.812,8.812,0.49,0.5,0.5,0.52,0.01,0.02,77130.39,1777332307000
1777332309.296,9.296,0.49,0.5,0.5,0.51,0.01,0.01,77130.39,1777332307000
1777332309.783,9.783,0.49,0.5,0.5,0.51,0.01,0.01,77130.39,1777332308000
1777332310.813,10.813,0.49,0.5,0.5,0.51,0.01,0.01,77130.39,1777332309000
1777332311.587,11.587,0.49,0.5,0.5,0.51,0.01,0.01,77130.39,1777332309000
1777332311.924,11.924,0.49,0.5,0.5,0.51,0.01,0.01,77130.39,1777332310000
1777332312.463,12.463,0.49,0.5,0.5,0.51,0.01,0.01,77130.39,1777332311000
1777332312.924,12.924,0.49,0.5,0.5,0.51,0.01,0.01,77130.39,1777332311000
1777332313.58,13.58,0.49,0.5,0.5,0.51,0.01,0.01,77130.39,1777332312000
1777332313.935,13.935,0.51,0.55,0.42,0.49,0.04,0.07,77130.39,1777332312000
1777332314.492,14.492,0.56,0.57,0.43,0.44,0.01,0.01,77131.28,1777332313000
1777332315.018,15.018,0.56,0.57,0.43,0.44,0.01,0.01,77135.85,1777332314000
1777332315.359,15.359,0.56,0.57,0.43,0.44,0.01,0.01,77135.85,1777332314000
1777332315.926,15.926,0.56,0.57,0.43,0.44,0.01,0.01,77135.85,1777332314000
1777332316.471,16.471,0.56,0.57,0.43,0.44,0.01,0.01,77144.26,1777332315000
1777332317.021,17.021,0.56,0.57,0.43,0.44,0.01,0.01,77144.26,1777332315000
1777332317.4,17.4,0.56,0.57,0.43,0.44,0.01,0.01,77143.2,1777332316000
1777332317.964,17.964,0.56,0.57,0.43,0.44,0.01,0.01,77143.2,1777332316000
1777332318.309,18.309,0.56,0.57,0.43,0.44,0.01,0.01,77143.2,1777332316000
1777332318.711,18.711,0.56,0.57,0.43,0.44,0.01,0.01,77143.16,1777332317000
1777332319.167,19.167,0.56,0.57,0.43,0.44,0.01,0.01,77143.25,1777332318000
1777332319.738,19.738,0.56,0.57,0.43,0.44,0.01,0.01,77143.25,1777332318000
1777332320.082,20.082,0.53,0.56,0.43,0.47,0.03,0.04,77143.25,1777332318000
1777332320.431,20.431,0.53,0.54,0.46,0.47,0.01,0.01,77141.9,1777332319000
1777332320.793,20.793,0.52,0.53,0.46,0.47,0.01,0.01,77141.9,1777332319000
1777332321.198,21.198,0.52,0.53,0.47,0.48,0.01,0.01,77140.58,1777332320000
1777332321.541,21.541,0.52,0.53,0.47,0.48,0.01,0.01,77140.58,1777332320000
1777332321.999,21.999,0.52,0.53,0.47,0.48,0.01,0.01,77140.58,1777332320000
1777332323.627,23.627,0.52,0.53,0.47,0.48,0.01,0.01,77134.82,1777332322000
1777332324.14,24.14,0.52,0.53,0.47,0.48,0.01,0.01,77134.82,1777332323000
1777332324.613,24.613,0.52,0.53,0.47,0.48,0.01,0.01,77134.82,1777332323000
1777332325.782,25.782,0.52,0.53,0.47,0.48,0.01,0.01,77134.82,1777332324000
1777332326.31,26.31,0.51,0.52,0.48,0.49,0.01,0.01,77134.82,1777332325000
1777332326.922,26.922,0.51,0.52,0.48,0.49,0.01,0.01,77134.82,1777332325000
1777332327.68,27.68,0.51,0.52,0.48,0.49,0.01,0.01,77134.83,1777332326000
1777332328.2,28.2,0.51,0.52,0.48,0.49,0.01,0.01,77134.05,1777332327000
1777332328.609,28.609,0.51,0.52,0.48,0.49,0.01,0.01,77134.05,1777332327000
1777332329.044,29.044,0.51,0.52,0.48,0.49,0.01,0.01,77134.05,1777332327000
1777332329.635,29.635,0.51,0.52,0.48,0.49,0.01,0.01,77133.82,1777332328000
1777332329.976,29.976,0.51,0.52,0.48,0.49,0.01,0.01,77133.82,1777332328000
1777332330.339,30.339,0.51,0.52,0.48,0.49,0.01,0.01,77133.82,1777332328000
1777332330.673,30.673,0.51,0.52,0.48,0.49,0.01,0.01,77132.85,1777332329000
1777332331.037,31.037,0.51,0.52,0.48,0.49,0.01,0.01,77132.85,1777332329000
1777332331.451,31.451,0.51,0.52,0.48,0.49,0.01,0.01,77133.22,1777332330000
1777332332.005,32.005,0.51,0.52,0.48,0.49,0.01,0.01,77133.22,1777332330000
1777332332.564,32.564,0.49,0.5,0.5,0.52,0.01,0.02,77133.22,1777332331000
1777332333.303,33.303,0.49,0.5,0.5,0.51,0.01,0.01,77133.22,1777332331000
1777332333.683,33.683,0.49,0.5,0.5,0.51,0.01,0.01,77133.22,1777332331000
1777332334.075,34.075,0.49,0.5,0.5,0.51,0.01,0.01,77133.1,1777332332000
1777332335.571,35.571,0.51,0.52,0.46,0.5,0.01,0.04,77133.1,1777332333000
1777332336.062,36.062,0.51,0.53,0.48,0.49,0.02,0.01,77133.53,1777332334000
1777332336.513,36.513,0.52,0.53,0.47,0.48,0.01,0.01,77133.53,1777332334000
1777332337.183,37.183,0.52,0.53,0.47,0.48,0.01,0.01,77134.22,1777332336000
1777332337.68,37.68,0.52,0.53,0.47,0.48,0.01,0.01,77134.22,1777332336000
1777332338.435,38.435,0.52,0.53,0.47,0.48,0.01,0.01,77134.22,1777332336000
1777332338.893,38.893,0.52,0.54,0.47,0.48,0.02,0.01,77134.22,1777332337000
1777332339.238,39.238,0.52,0.54,0.46,0.48,0.02,0.02,77134.22,1777332338000
1777332339.627,39.627,0.51,0.54,0.46,0.49,0.03,0.03,77134.22,1777332338000
1777332340.28,40.28,0.51,0.54,0.46,0.49,0.03,0.03,77134.22,1777332339000
1777332340.989,40.989,0.52,0.53,0.46,0.49,0.01,0.03,77134.22,1777332339000
1777332341.412,41.412,0.52,0.53,0.47,0.48,0.01,0.01,77134.22,1777332339000
1777332342.149,42.149,0.52,0.53,0.47,0.48,0.01,0.01,77134.4,1777332341000
1777332342.582,42.582,0.52,0.53,0.47,0.48,0.01,0.01,77134.4,1777332341000
1777332343.125,43.125,0.52,0.53,0.47,0.48,0.01,0.01,77134.57,1777332342000
1777332343.772,43.772,0.52,0.53,0.47,0.48,0.01,0.01,77134.57,1777332342000
1777332344.266,44.266,0.52,0.53,0.47,0.48,0.01,0.01,77134.82,1777332343000
1777332344.918,44.918,0.52,0.53,0.47,0.48,0.01,0.01,77135.21,1777332344000
1777332345.481,45.481,0.52,0.53,0.47,0.48,0.01,0.01,77135.21,1777332344000
1777332345.978,45.978,0.52,0.53,0.47,0.48,0.01,0.01,77135.21,1777332344000
1777332346.41,46.41,0.52,0.53,0.47,0.48,0.01,0.01,77135.21,1777332345000
1777332347.527,47.527,0.52,0.53,0.47,0.48,0.01,0.01,77135.21,1777332345000
1777332348.32,48.32,0.5,0.53,0.47,0.48,0.03,0.01,77135.43,1777332346000
1777332348.87,48.87,0.5,0.51,0.47,0.5,0.01,0.03,77135.43,1777332347000
1777332349.379,49.379,0.48,0.5,0.5,0.51,0.02,0.01,77135.43,1777332347000
1777332349.791,49.791,0.49,0.5,0.5,0.51,0.01,0.01,77135.43,1777332348000
1777332350.133,50.133,0.48,0.5,0.5,0.52,0.02,0.02,77135.43,1777332349000
1777332350.846,50.846,0.43,0.49,0.51,0.52,0.06,0.01,77135.43,1777332349000
1777332351.228,51.228,0.48,0.49,0.51,0.57,0.01,0.06,77134.56,1777332350000
1777332351.575,51.575,0.47,0.48,0.52,0.53,0.01,0.01,77134.56,1777332350000
1777332352.091,52.091,0.45,0.46,0.53,0.55,0.01,0.02,77134.56,1777332350000
1777332352.567,52.567,0.45,0.46,0.54,0.55,0.01,0.01,77134.13,1777332351000
1777332352.913,52.913,0.44,0.46,0.54,0.55,0.02,0.01,77134.13,1777332351000
1777332354.058,54.058,0.45,0.46,0.54,0.56,0.01,0.02,77134.13,1777332352000
1777332355.2,55.2,0.45,0.46,0.53,0.55,0.01,0.02,77134.13,1777332353000
1777332355.978,55.978,0.44,0.46,0.54,0.56,0.02,0.02,77134.13,1777332355000
1777332356.313,56.313,0.45,0.46,0.54,0.55,0.01,0.01,77134.13,1777332355000
1777332356.951,56.951,0.45,0.46,0.54,0.55,0.01,0.01,77134.13,1777332356000
1777332357.331,57.331,0.45,0.46,0.54,0.55,0.01,0.01,77134.13,1777332356000
1777332357.772,57.772,0.45,0.46,0.54,0.55,0.01,0.01,77134.13,1777332356000
1777332358.151,58.151,0.45,0.46,0.54,0.6,0.01,0.06,77134.13,1777332357000
1777332358.577,58.577,0.45,0.46,0.54,0.55,0.01,0.01,77134.13,1777332357000
1777332359.086,59.086,0.45,0.46,0.54,0.55,0.01,0.01,77134.13,1777332357000
1777332359.497,59.497,0.44,0.45,0.55,0.57,0.01,0.02,77134.25,1777332358000
1777332359.999,59.999,0.44,0.45,0.55,0.56,0.01,0.01,77134.25,1777332358000
1777332360.361,60.361,0.45,0.46,0.54,0.55,0.01,0.01,77134.25,1777332358000
1777332360.847,60.847,0.45,0.46,0.54,0.55,0.01,0.01,77134.74,1777332359000
1777332361.192,61.192,0.45,0.46,0.54,0.55,0.01,0.01,77134.74,1777332359000
1777332361.724,61.724,0.45,0.46,0.54,0.55,0.01,0.01,77134.5,1777332360000
1777332362.53,62.53,0.45,0.46,0.54,0.55,0.01,0.01,77134.74,1777332361000
1777332363.015,63.015,0.46,0.49,0.51,0.54,0.03,0.03,77134.74,1777332361000
1777332363.418,63.418,0.46,0.48,0.52,0.54,0.02,0.02,77135.13,1777332362000
1777332363.798,63.798,0.47,0.48,0.52,0.53,0.01,0.01,77135.13,1777332362000
1777332364.204,64.204,0.46,0.47,0.53,0.54,0.01,0.01,77139.44,1777332363000
1777332364.567,64.567,0.45,0.47,0.53,0.55,0.02,0.02,77139.44,1777332363000
1777332364.955,64.955,0.43,0.44,0.56,0.57,0.01,0.01,77139.44,1777332363000
1777332365.289,65.289,0.43,0.44,0.56,0.57,0.01,0.01,77137.48,1777332364000
1777332365.919,65.919,0.45,0.46,0.54,0.57,0.01,0.03,77137.48,1777332364000
1777332366.349,66.349,0.45,0.46,0.54,0.55,0.01,0.01,77137.48,1777332364000
1777332366.765,66.765,0.41,0.46,0.54,0.55,0.05,0.01,77135.66,1777332365000
1777332367.252,67.252,0.45,0.46,0.54,0.55,0.01,0.01,77136.37,1777332366000
1777332367.659,67.659,0.45,0.46,0.54,0.55,0.01,0.01,77136.37,1777332366000
1777332368.009,68.009,0.45,0.46,0.54,0.55,0.01,0.01,77136.37,1777332366000
1777332368.397,68.397,0.45,0.46,0.54,0.55,0.01,0.01,77136.28,1777332367000
1777332368.934,68.934,0.44,0.45,0.55,0.56,0.01,0.01,77136.28,1777332367000
1777332369.407,69.407,0.44,0.45,0.55,0.56,0.01,0.01,77136.28,1777332367000
1777332369.765,69.765,0.44,0.45,0.55,0.56,0.01,0.01,77136.28,1777332367000
1777332370.115,70.115,0.44,0.45,0.55,0.58,0.01,0.03,77136.76,1777332368000
1777332370.465,70.465,0.44,0.45,0.55,0.56,0.01,0.01,77136.76,1777332368000
1777332370.866,70.866,0.44,0.45,0.55,0.56,0.01,0.01,77136.76,1777332368000
1777332371.264,71.264,0.44,0.45,0.55,0.56,0.01,0.01,77137.18,1777332369000
1777332371.783,71.783,0.44,0.45,0.55,0.56,0.01,0.01,77137.18,1777332369000
1777332372.12,72.12,0.44,0.45,0.55,0.56,0.01,0.01,77137.22,1777332370000
1777332372.949,72.949,0.44,0.45,0.55,0.56,0.01,0.01,77137.22,1777332370000
1777332373.766,73.766,0.44,0.45,0.55,0.56,0.01,0.01,77135.74,1777332372000
1777332374.323,74.323,0.44,0.45,0.55,0.56,0.01,0.01,77135.44,1777332373000
1777332374.796,74.796,0.44,0.45,0.55,0.56,0.01,0.01,77135.44,1777332373000
1777332375.138,75.138,0.44,0.45,0.55,0.56,0.01,0.01,77135.44,1777332374000
1777332375.541,75.541,0.42,0.45,0.55,0.56,0.03,0.01,77135.44,1777332374000
1777332375.992,75.992,0.4,0.44,0.56,0.57,0.04,0.01,77135.44,1777332374000
1777332376.38,76.38,0.38,0.41,0.59,0.62,0.03,0.03,77135.44,1777332374000
1777332376.75,76.75,0.38,0.39,0.61,0.63,0.01,0.02,77135.42,1777332375000
1777332377.097,77.097,0.38,0.39,0.61,0.62,0.01,0.01,77135.42,1777332375000
1777332377.486,77.486,0.39,0.4,0.6,0.61,0.01,0.01,77135.42,1777332376000
1777332378.005,78.005,0.39,0.4,0.6,0.61,0.01,0.01,77135.42,1777332376000
1777332378.36,78.36,0.39,0.4,0.6,0.61,0.01,0.01,77135.42,1777332376000
1777332378.705,78.705,0.39,0.4,0.6,0.61,0.01,0.01,77135.42,1777332376000
1777332379.108,79.108,0.39,0.4,0.6,0.64,0.01,0.04,77130.91,1777332377000
1777332379.615,79.615,0.39,0.4,0.6,0.61,0.01,0.01,77130.91,1777332377000
1777332379.956,79.956,0.37,0.4,0.6,0.61,0.03,0.01,77130.47,1777332378000
1777332380.365,80.365,0.37,0.38,0.6,0.63,0.01,0.03,77130.47,1777332378000
1777332380.835,80.835,0.37,0.38,0.62,0.63,0.01,0.01,77130.48,1777332379000
1777332381.179,81.179,0.37,0.38,0.62,0.63,0.01,0.01,77130.48,1777332379000
1777332381.549,81.549,0.37,0.38,0.62,0.63,0.01,0.01,77130.47,1777332380000
1777332382.193,82.193,0.39,0.4,0.6,0.61,0.01,0.01,77130.48,1777332381000
1777332383.606,83.606,0.39,0.4,0.6,0.61,0.01,0.01,77130.48,1777332381000
1777332383.972,83.972,0.39,0.4,0.6,0.61,0.01,0.01,77130.48,1777332382000
1777332384.46,84.46,0.39,0.4,0.6,0.61,0.01,0.01,77130.48,1777332382000
1777332384.813,84.813,0.39,0.4,0.6,0.61,0.01,0.01,77130.47,1777332383000
1777332385.352,85.352,0.39,0.4,0.6,0.61,0.01,0.01,77130.46,1777332384000
1777332385.689,85.689,0.39,0.4,0.6,0.61,0.01,0.01,77130.46,1777332384000
1777332386.06,86.06,0.39,0.4,0.6,0.61,0.01,0.01,77130.46,1777332384000
1777332386.634,86.634,0.39,0.4,0.6,0.61,0.01,0.01,77130.53,1777332385000
1777332386.979,86.979,0.39,0.4,0.6,0.61,0.01,0.01,77130.53,1777332385000
1777332387.331,87.331,0.39,0.4,0.6,0.61,0.01,0.01,77130.53,1777332385000
1777332387.665,87.665,0.39,0.4,0.57,0.61,0.01,0.04,77130.5,1777332386000
1777332388.304,88.304,0.38,0.4,0.6,0.62,0.02,0.02,77130.5,1777332387000
1777332388.639,88.639,0.37,0.38,0.62,0.63,0.01,0.01,77130.5,1777332387000
1777332389.473,89.473,0.35,0.36,0.62,0.66,0.01,0.04,77130.5,1777332387000
1777332389.872,89.872,0.36,0.38,0.62,0.65,0.02,0.03,77130.5,1777332387000
1777332390.211,90.211,0.39,0.4,0.6,0.63,0.01,0.03,77130.68,1777332389000
1777332390.634,90.634,0.39,0.4,0.6,0.61,0.01,0.01,77130.68,1777332389000
1777332390.973,90.973,0.4,0.41,0.59,0.6,0.01,0.01,77130.68,1777332389000
1777332391.385,91.385,0.4,0.41,0.59,0.6,0.01,0.01,77130.68,1777332389000
1777332391.753,91.753,0.4,0.43,0.59,0.6,0.03,0.01,77131.79,1777332390000
1777332392.362,92.362,0.42,0.43,0.57,0.58,0.01,0.01,77131.81,1777332391000
1777332392.702,92.702,0.42,0.43,0.57,0.58,0.01,0.01,77131.81,1777332391000
1777332393.441,93.441,0.4,0.41,0.57,0.6,0.01,0.03,77131.81,1777332391000
1777332394.171,94.171,0.4,0.41,0.59,0.6,0.01,0.01,77131.79,1777332392000
1777332394.805,94.805,0.4,0.41,0.59,0.6,0.01,0.01,77131.79,1777332393000
1777332395.595,95.595,0.4,0.41,0.59,0.6,0.01,0.01,77131.79,1777332394000
1777332396.013,96.013,0.4,0.41,0.59,0.6,0.01,0.01,77131.79,1777332394000
1777332396.416,96.416,0.4,0.41,0.59,0.6,0.01,0.01,77131.79,1777332395000
1777332396.801,96.801,0.4,0.41,0.59,0.6,0.01,0.01,77131.79,1777332395000
1777332398.195,98.195,0.4,0.41,0.59,0.6,0.01,0.01,77131.79,1777332396000
1777332398.931,98.931,0.4,0.41,0.59,0.6,0.01,0.01,77131.79,1777332397000
1777332399.883,99.883,0.39,0.41,0.59,0.6,0.02,0.01,77131.79,1777332398000
1777332400.244,100.244,0.39,0.4,0.6,0.61,0.01,0.01,77131.79,1777332398000
1777332400.616,100.616,0.39,0.4,0.6,0.61,0.01,0.01,77131.79,1777332399000
1777332400.967,100.967,0.39,0.4,0.6,0.61,0.01,0.01,77131.79,1777332399000
1777332401.789,101.789,0.39,0.4,0.6,0.61,0.01,0.01,77131.79,1777332400000
1777332402.341,102.341,0.39,0.4,0.6,0.61,0.01,0.01,77131.79,1777332400000
1777332402.735,102.735,0.39,0.4,0.6,0.61,0.01,0.01,77131.79,1777332400000
1777332403.193,103.193,0.39,0.41,0.6,0.61,0.02,0.01,77131.48,1777332401000
1777332403.927,103.927,0.4,0.41,0.59,0.61,0.01,0.02,77131.48,1777332402000
1777332404.296,104.296,0.4,0.41,0.59,0.6,0.01,0.01,77131.68,1777332403000
1777332404.836,104.836,0.4,0.41,0.59,0.6,0.01,0.01,77131.68,1777332403000
1777332405.224,105.224,0.4,0.41,0.59,0.6,0.01,0.01,77131.68,1777332403000
1777332405.711,105.711,0.4,0.41,0.59,0.6,0.01,0.01,77131.68,1777332404000
1777332406.251,106.251,0.41,0.42,0.58,0.59,0.01,0.01,77131.68,1777332404000
1777332406.851,106.851,0.41,0.42,0.58,0.59,0.01,0.01,77131.68,1777332405000
1777332407.398,107.398,0.41,0.42,0.58,0.59,0.01,0.01,77131.68,1777332405000
1777332407.85,107.85,0.41,0.42,0.58,0.59,0.01,0.01,77131.68,1777332405000
1777332408.353,108.353,0.41,0.42,0.58,0.59,0.01,0.01,77131.94,1777332406000
1777332408.705,108.705,0.41,0.42,0.58,0.59,0.01,0.01,77131.94,1777332407000
1777332409.536,109.536,0.41,0.42,0.58,0.59,0.01,0.01,77131.94,1777332408000
1777332409.954,109.954,0.41,0.42,0.58,0.59,0.01,0.01,77131.94,1777332409000
1777332410.749,110.749,0.42,0.43,0.57,0.58,0.01,0.01,77131.94,1777332409000
1777332411.831,111.831,0.42,0.43,0.57,0.58,0.01,0.01,77131.94,1777332410000
1777332412.561,112.561,0.42,0.43,0.57,0.58,0.01,0.01,77131.94,1777332411000
1777332412.897,112.897,0.42,0.43,0.57,0.58,0.01,0.01,77131.94,1777332412000
1777332413.822,113.822,0.42,0.43,0.57,0.58,0.01,0.01,77131.94,1777332413000
1777332414.279,114.279,0.42,0.43,0.57,0.58,0.01,0.01,77131.94,1777332413000
1777332414.756,114.756,0.41,0.42,0.57,0.58,0.01,0.01,77131.94,1777332413000
1777332415.24,115.24,0.43,0.45,0.56,0.57,0.02,0.01,77131.94,1777332413000
1777332415.826,115.826,0.44,0.45,0.55,0.56,0.01,0.01,77131.97,1777332414000
1777332416.189,116.189,0.43,0.45,0.55,0.57,0.02,0.02,77131.96,1777332415000
1777332416.69,116.69,0.43,0.44,0.55,0.57,0.01,0.02,77131.96,1777332415000
1777332417.205,117.205,0.43,0.44,0.56,0.57,0.01,0.01,77135.04,1777332416000
1777332418.11,118.11,0.43,0.44,0.56,0.57,0.01,0.01,77135.52,1777332417000
1777332418.762,118.762,0.44,0.45,0.55,0.57,0.01,0.02,77135.52,1777332417000
1777332419.334,119.334,0.44,0.45,0.55,0.56,0.01,0.01,77137.01,1777332418000
1777332419.691,119.691,0.44,0.45,0.55,0.56,0.01,0.01,77137.01,1777332418000
1777332420.324,120.324,0.44,0.45,0.55,0.56,0.01,0.01,77137.01,1777332418000
1777332420.685,120.685,0.48,0.5,0.5,0.52,0.02,0.02,77137.05,1777332419000
1777332421.075,121.075,0.46,0.47,0.53,0.54,0.01,0.01,77137.05,1777332420000
1777332421.432,121.432,0.46,0.47,0.53,0.54,0.01,0.01,77137.05,1777332420000
1777332421.771,121.771,0.46,0.47,0.53,0.54,0.01,0.01,77137.05,1777332420000
1777332422.127,122.127,0.47,0.48,0.52,0.53,0.01,0.01,77137.05,1777332421000
1777332422.461,122.461,0.47,0.48,0.52,0.53,0.01,0.01,77137.05,1777332421000
1777332422.805,122.805,0.47,0.48,0.52,0.53,0.01,0.01,77137.05,1777332421000
1777332423.142,123.142,0.48,0.49,0.51,0.52,0.01,0.01,77137.52,1777332422000
1777332423.529,123.529,0.48,0.49,0.51,0.52,0.01,0.01,77137.52,1777332422000
1777332423.957,123.957,0.48,0.49,0.51,0.52,0.01,0.01,77137.52,1777332422000
1777332424.612,124.612,0.49,0.5,0.5,0.52,0.01,0.02,77135.7,1777332423000
1777332424.973,124.973,0.49,0.5,0.5,0.51,0.01,0.01,77135.7,1777332423000
1777332425.344,125.344,0.49,0.52,0.5,0.51,0.03,0.01,77138.83,1777332424000
1777332425.703,125.703,0.51,0.52,0.48,0.51,0.01,0.03,77138.83,1777332424000
1777332426.042,126.042,0.51,0.52,0.48,0.49,0.01,0.01,77138.83,1777332424000
1777332426.513,126.513,0.51,0.52,0.48,0.49,0.01,0.01,77139.36,1777332425000
1777332427.174,127.174,0.51,0.52,0.48,0.49,0.01,0.01,77139.67,1777332426000
1777332427.513,127.513,0.51,0.52,0.48,0.49,0.01,0.01,77139.67,1777332426000
1777332427.899,127.899,0.5,0.51,0.48,0.5,0.01,0.02,77139.67,1777332426000
1777332428.498,128.498,0.5,0.51,0.49,0.5,0.01,0.01,77139.79,1777332427000
1777332429.266,129.266,0.5,0.51,0.49,0.5,0.01,0.01,77139.79,1777332428000
1777332429.61,129.61,0.4,0.43,0.57,0.6,0.03,0.03,77139.79,1777332428000
1777332430.035,130.035,0.39,0.4,0.6,0.61,0.01,0.01,77139.79,1777332428000
1777332430.467,130.467,0.39,0.4,0.6,0.61,0.01,0.01,77139.65,1777332429000
1777332430.826,130.826,0.39,0.4,0.6,0.61,0.01,0.01,77139.65,1777332429000
1777332431.16,131.16,0.39,0.4,0.6,0.62,0.01,0.02,77139.65,1777332429000
1777332431.59,131.59,0.39,0.4,0.6,0.61,0.01,0.01,77137.52,1777332430000
1777332432.169,132.169,0.39,0.4,0.6,0.61,0.01,0.01,77137.52,1777332430000
1777332432.744,132.744,0.39,0.4,0.6,0.61,0.01,0.01,77134.78,1777332431000
1777332433.412,133.412,0.39,0.4,0.6,0.61,0.01,0.01,77134.78,1777332431000
1777332433.864,133.864,0.39,0.4,0.6,0.61,0.01,0.01,77135.19,1777332432000
1777332434.366,134.366,0.39,0.4,0.6,0.61,0.01,0.01,77135.2,1777332433000
1777332434.764,134.764,0.39,0.4,0.6,0.61,0.01,0.01,77135.2,1777332433000
1777332435.155,135.155,0.39,0.4,0.6,0.61,0.01,0.01,77137.7,1777332434000
1777332435.771,135.771,0.42,0.43,0.57,0.61,0.01,0.04,77137.7,1777332434000
1777332436.379,136.379,0.42,0.44,0.57,0.58,0.02,0.01,77137.69,1777332435000
1777332436.765,136.765,0.43,0.44,0.56,0.57,0.01,0.01,77137.69,1777332435000
1777332437.101,137.101,0.43,0.44,0.56,0.57,0.01,0.01,77137.6,1777332436000
1777332437.466,137.466,0.43,0.44,0.56,0.57,0.01,0.01,77137.6,1777332436000
1777332437.871,137.871,0.43,0.44,0.56,0.57,0.01,0.01,77137.6,1777332436000
1777332438.206,138.206,0.43,0.44,0.56,0.57,0.01,0.01,77137.54,1777332437000
1777332438.638,138.638,0.46,0.47,0.52,0.54,0.01,0.02,77137.54,1777332437000
1777332439.086,139.086,0.46,0.47,0.49,0.56,0.01,0.07,77137.54,1777332437000
1777332439.437,139.437,0.45,0.46,0.48,0.54,0.01,0.06,77137.57,1777332438000
1777332440.035,140.035,0.46,0.47,0.53,0.54,0.01,0.01,77137.57,1777332438000
1777332440.792,140.792,0.46,0.47,0.53,0.54,0.01,0.01,77137.79,1777332439000
1777332441.185,141.185,0.46,0.47,0.53,0.54,0.01,0.01,77137.79,1777332439000
1777332441.586,141.586,0.46,0.48,0.53,0.54,0.02,0.01,77137.5,1777332440000
1777332441.955,141.955,0.47,0.48,0.52,0.54,0.01,0.02,77137.5,1777332440000
1777332442.335,142.335,0.47,0.48,0.52,0.53,0.01,0.01,77137.57,1777332441000
1777332443.429,143.429,0.47,0.48,0.52,0.53,0.01,0.01,77137.71,1777332442000
1777332444.351,144.351,0.47,0.48,0.52,0.53,0.01,0.01,77137.5,1777332443000
1777332444.845,144.845,0.47,0.48,0.52,0.53,0.01,0.01,77137.5,1777332443000
1777332445.462,145.462,0.47,0.48,0.52,0.53,0.01,0.01,77137.5,1777332444000
1777332445.964,145.964,0.47,0.48,0.52,0.53,0.01,0.01,77134.61,1777332445000
1777332446.321,146.321,0.43,0.48,0.52,0.57,0.05,0.05,77134.61,1777332445000
1777332446.747,146.747,0.48,0.49,0.51,0.52,0.01,0.01,77134.61,1777332445000
1777332447.267,147.267,0.48,0.49,0.51,0.52,0.01,0.01,77134.61,1777332445000
1777332447.617,147.617,0.48,0.49,0.51,0.52,0.01,0.01,77134.45,1777332446000
1777332448.013,148.013,0.48,0.49,0.51,0.52,0.01,0.01,77134.45,1777332446000
1777332448.723,148.723,0.48,0.49,0.51,0.52,0.01,0.01,77133.69,1777332447000
1777332449.068,149.068,0.49,0.5,0.5,0.51,0.01,0.01,77133.69,1777332447000
1777332449.915,149.915,0.49,0.5,0.5,0.51,0.01,0.01,77133.07,1777332448000
1777332450.257,150.257,0.49,0.51,0.49,0.51,0.02,0.02,77133.07,1777332448000
1777332450.608,150.608,0.5,0.51,0.49,0.5,0.01,0.01,77132.75,1777332449000
1777332450.998,150.998,0.5,0.51,0.49,0.5,0.01,0.01,77132.75,1777332450000
1777332451.453,151.453,0.5,0.51,0.49,0.5,0.01,0.01,77132.75,1777332450000
1777332451.914,151.914,0.5,0.51,0.49,0.5,0.01,0.01,77132.75,1777332450000
1777332452.251,152.251,0.5,0.51,0.49,0.5,0.01,0.01,77132.73,1777332451000
1777332453.188,153.188,0.5,0.51,0.49,0.5,0.01,0.01,77132.73,1777332451000
1777332453.915,153.915,0.5,0.51,0.49,0.5,0.01,0.01,77132.72,1777332452000
1777332454.265,154.265,0.5,0.51,0.49,0.5,0.01,0.01,77133.07,1777332453000
1777332455.51,155.51,0.5,0.51,0.49,0.5,0.01,0.01,77133.07,1777332454000
1777332456.024,156.024,0.5,0.51,0.49,0.5,0.01,0.01,77133.07,1777332455000
1777332456.724,156.724,0.5,0.51,0.49,0.5,0.01,0.01,77133.07,1777332455000
1777332457.257,157.257,0.5,0.51,0.49,0.5,0.01,0.01,77133.08,1777332456000
1777332457.863,157.863,0.48,0.51,0.49,0.5,0.03,0.01,77133.08,1777332456000
1777332458.352,158.352,0.48,0.51,0.49,0.52,0.03,0.03,77133.14,1777332457000
1777332458.889,158.889,0.46,0.48,0.52,0.53,0.02,0.01,77133.14,1777332457000
1777332459.593,159.593,0.43,0.45,0.53,0.55,0.02,0.02,77133.14,1777332458000
1777332460.021,160.021,0.4,0.41,0.59,0.6,0.01,0.01,77133.14,1777332458000
1777332460.494,160.494,0.4,0.41,0.59,0.6,0.01,0.01,77133.07,1777332459000
1777332460.827,160.827,0.37,0.38,0.62,0.63,0.01,0.01,77133.07,1777332459000
1777332461.239,161.239,0.37,0.38,0.62,0.63,0.01,0.01,77133.01,1777332460000
1777332461.661,161.661,0.37,0.38,0.62,0.63,0.01,0.01,77133.01,1777332460000
1777332462.056,162.056,0.37,0.38,0.62,0.63,0.01,0.01,77133.01,1777332460000
1777332462.488,162.488,0.37,0.38,0.62,0.63,0.01,0.01,77129.18,1777332461000
1777332463.462,163.462,0.37,0.38,0.62,0.63,0.01,0.01,77128.48,1777332462000
1777332464.003,164.003,0.37,0.38,0.62,0.63,0.01,0.01,77128.21,1777332463000
1777332464.354,164.354,0.36,0.38,0.62,0.63,0.02,0.01,77128.21,1777332463000
1777332464.782,164.782,0.35,0.36,0.64,0.65,0.01,0.01,77128.21,1777332463000
1777332465.134,165.134,0.35,0.36,0.64,0.65,0.01,0.01,77128.13,1777332464000
1777332465.503,165.503,0.35,0.36,0.64,0.65,0.01,0.01,77128.13,1777332464000
1777332466.104,166.104,0.35,0.36,0.64,0.65,0.01,0.01,77127.21,1777332465000
1777332466.689,166.689,0.35,0.36,0.64,0.65,0.01,0.01,77127.21,1777332465000
1777332467.063,167.063,0.35,0.36,0.64,0.65,0.01,0.01,77127.21,1777332465000
1777332467.497,167.497,0.35,0.36,0.64,0.65,0.01,0.01,77126.88,1777332466000
1777332467.84,167.84,0.35,0.36,0.64,0.65,0.01,0.01,77126.88,1777332466000
1777332468.178,168.178,0.35,0.36,0.64,0.65,0.01,0.01,77126.88,1777332466000
1777332468.518,168.518,0.35,0.36,0.64,0.65,0.01,0.01,77126.88,1777332466000
1777332468.93,168.93,0.34,0.35,0.64,0.66,0.01,0.02,77126.88,1777332466000
1777332469.335,169.335,0.34,0.35,0.65,0.66,0.01,0.01,77126.88,1777332467000
1777332469.677,169.677,0.34,0.35,0.65,0.66,0.01,0.01,77126.89,1777332468000
1777332470.059,170.059,0.34,0.35,0.65,0.66,0.01,0.01,77126.89,1777332468000
1777332470.402,170.402,0.35,0.36,0.64,0.66,0.01,0.02,77126.89,1777332469000
1777332470.748,170.748,0.35,0.36,0.64,0.65,0.01,0.01,77126.89,1777332469000
1777332471.103,171.103,0.35,0.36,0.64,0.65,0.01,0.01,77126.89,1777332469000
1777332471.446,171.446,0.35,0.36,0.64,0.65,0.01,0.01,77126.89,1777332470000
1777332471.801,171.801,0.35,0.36,0.64,0.65,0.01,0.01,77126.89,1777332470000
1777332472.154,172.154,0.35,0.36,0.64,0.65,0.01,0.01,77126.89,1777332470000
1777332472.593,172.593,0.35,0.36,0.64,0.65,0.01,0.01,77126.9,1777332471000
1777332472.967,172.967,0.35,0.36,0.64,0.65,0.01,0.01,77126.9,1777332471000
1777332473.4,173.4,0.35,0.36,0.64,0.65,0.01,0.01,77126.9,1777332472000
1777332473.753,173.753,0.35,0.36,0.64,0.65,0.01,0.01,77126.9,1777332472000
1777332474.098,174.098,0.35,0.36,0.64,0.65,0.01,0.01,77126.9,1777332472000
1777332474.525,174.525,0.35,0.36,0.64,0.65,0.01,0.01,77126.91,1777332473000
1777332474.87,174.87,0.35,0.36,0.64,0.65,0.01,0.01,77126.91,1777332473000
1777332475.214,175.214,0.35,0.36,0.64,0.65,0.01,0.01,77126.91,1777332473000
1777332475.556,175.556,0.35,0.36,0.64,0.65,0.01,0.01,77126.89,1777332474000
1777332475.896,175.896,0.35,0.36,0.64,0.65,0.01,0.01,77126.89,1777332474000
1777332476.247,176.247,0.35,0.36,0.64,0.65,0.01,0.01,77126.89,1777332475000
1777332476.605,176.605,0.34,0.36,0.64,0.65,0.02,0.01,77126.89,1777332475000
1777332477.006,177.006,0.34,0.35,0.64,0.66,0.01,0.02,77126.89,1777332475000
1777332477.453,177.453,0.34,0.35,0.65,0.66,0.01,0.01,77126.89,1777332475000
1777332477.792,177.792,0.34,0.35,0.65,0.66,0.01,0.01,77126.89,1777332476000
1777332478.151,178.151,0.34,0.35,0.65,0.66,0.01,0.01,77126.89,1777332476000
1777332478.498,178.498,0.34,0.35,0.65,0.66,0.01,0.01,77126.89,1777332477000
1777332478.839,178.839,0.34,0.35,0.65,0.66,0.01,0.01,77126.89,1777332477000
1777332479.201,179.201,0.34,0.35,0.65,0.66,0.01,0.01,77126.88,1777332478000
1777332479.633,179.633,0.34,0.35,0.65,0.66,0.01,0.01,77126.88,1777332478000
1777332480.046,180.046,0.34,0.35,0.65,0.66,0.01,0.01,77126.87,1777332479000
1777332480.454,180.454,0.36,0.37,0.63,0.66,0.01,0.03,77126.87,1777332479000
1777332480.848,180.848,0.35,0.36,0.64,0.65,0.01,0.01,77126.87,1777332479000
1777332481.199,181.199,0.35,0.36,0.64,0.65,0.01,0.01,77126.92,1777332480000
1777332481.562,181.562,0.35,0.36,0.64,0.65,0.01,0.01,77126.92,1777332480000
1777332482.131,182.131,0.36,0.37,0.64,0.65,0.01,0.01,77126.92,1777332480000
1777332482.476,182.476,0.36,0.37,0.63,0.64,0.01,0.01,77126.81,1777332481000
1777332482.872,182.872,0.36,0.37,0.63,0.64,0.01,0.01,77126.81,1777332481000
1777332483.211,183.211,0.36,0.38,0.62,0.64,0.02,0.02,77126.81,1777332482000
1777332483.568,183.568,0.37,0.38,0.62,0.63,0.01,0.01,77126.81,1777332482000
1777332484.008,184.008,0.37,0.38,0.62,0.63,0.01,0.01,77126.81,1777332482000
1777332484.353,184.353,0.36,0.37,0.63,0.64,0.01,0.01,77126.82,1777332483000
1777332484.687,184.687,0.35,0.36,0.64,0.65,0.01,0.01,77126.82,1777332483000
1777332485.025,185.025,0.35,0.36,0.64,0.65,0.01,0.01,77126.82,1777332483000
1777332485.619,185.619,0.35,0.36,0.64,0.65,0.01,0.01,77126.9,1777332484000
1777332486.211,186.211,0.35,0.36,0.64,0.65,0.01,0.01,77126.9,1777332484000
1777332486.915,186.915,0.35,0.36,0.64,0.65,0.01,0.01,77126.4,1777332485000
1777332487.27,187.27,0.35,0.36,0.64,0.65,0.01,0.01,77126.82,1777332486000
1777332487.812,187.812,0.35,0.36,0.64,0.65,0.01,0.01,77126.82,1777332486000
1777332488.283,188.283,0.35,0.36,0.64,0.65,0.01,0.01,77127.16,1777332487000
1777332489.16,189.16,0.35,0.36,0.64,0.65,0.01,0.01,77127.16,1777332487000
1777332489.612,189.612,0.35,0.36,0.64,0.65,0.01,0.01,77126.81,1777332488000
1777332490.453,190.453,0.35,0.36,0.64,0.65,0.01,0.01,77126.81,1777332488000
1777332490.822,190.822,0.35,0.36,0.64,0.65,0.01,0.01,77126.81,1777332488000
1777332491.247,191.247,0.35,0.36,0.64,0.65,0.01,0.01,77126.98,1777332489000
1777332491.759,191.759,0.35,0.36,0.64,0.65,0.01,0.01,77126.8,1777332490000
1777332492.122,192.122,0.35,0.36,0.64,0.65,0.01,0.01,77126.8,1777332491000
1777332492.474,192.474,0.35,0.36,0.64,0.65,0.01,0.01,77126.8,1777332491000
1777332493.097,193.097,0.35,0.36,0.64,0.65,0.01,0.01,77126.98,1777332492000
1777332493.483,193.483,0.35,0.36,0.64,0.65,0.01,0.01,77126.98,1777332492000
1777332493.894,193.894,0.35,0.36,0.64,0.65,0.01,0.01,77126.98,1777332492000
1777332494.229,194.229,0.35,0.36,0.64,0.65,0.01,0.01,77126.97,1777332493000
1777332494.7,194.7,0.35,0.36,0.64,0.65,0.01,0.01,77126.97,1777332493000
1777332495.262,195.262,0.35,0.36,0.64,0.65,0.01,0.01,77126.97,1777332493000
1777332495.753,195.753,0.35,0.36,0.64,0.65,0.01,0.01,77126.78,1777332494000
1777332496.089,196.089,0.35,0.36,0.64,0.65,0.01,0.01,77126.78,1777332494000
1777332496.948,196.948,0.35,0.36,0.64,0.65,0.01,0.01,77126.78,1777332495000
1777332497.325,197.325,0.35,0.36,0.64,0.65,0.01,0.01,77126.78,1777332496000
1777332497.723,197.723,0.37,0.38,0.62,0.64,0.01,0.02,77126.78,1777332496000
1777332498.066,198.066,0.37,0.38,0.62,0.63,0.01,0.01,77126.78,1777332496000
1777332498.484,198.484,0.38,0.39,0.61,0.63,0.01,0.02,77127.17,1777332497000
1777332498.833,198.833,0.38,0.39,0.61,0.62,0.01,0.01,77127.17,1777332497000
1777332499.182,199.182,0.38,0.39,0.61,0.62,0.01,0.01,77126.77,1777332498000
1777332499.538,199.538,0.38,0.39,0.61,0.62,0.01,0.01,77126.77,1777332498000
1777332499.875,199.875,0.43,0.44,0.56,0.57,0.01,0.01,77126.77,1777332498000
1777332500.231,200.231,0.43,0.44,0.56,0.57,0.01,0.01,77126.77,1777332498000
1777332500.751,200.751,0.43,0.44,0.56,0.57,0.01,0.01,77127.19,1777332499000
1777332501.147,201.147,0.43,0.44,0.56,0.57,0.01,0.01,77127.19,1777332499000
1777332501.484,201.484,0.43,0.44,0.56,0.57,0.01,0.01,77126.77,1777332500000
1777332501.893,201.893,0.4,0.41,0.58,0.59,0.01,0.01,77126.77,1777332500000
1777332502.316,202.316,0.4,0.41,0.59,0.6,0.01,0.01,77126.78,1777332501000
1777332502.833,202.833,0.39,0.4,0.59,0.61,0.01,0.02,77126.78,1777332501000
1777332503.169,203.169,0.38,0.4,0.61,0.62,0.02,0.01,77126.78,1777332502000
1777332503.504,203.504,0.38,0.39,0.61,0.62,0.01,0.01,77126.78,1777332502000
1777332503.948,203.948,0.38,0.39,0.61,0.62,0.01,0.01,77126.78,1777332502000
1777332504.356,204.356,0.38,0.39,0.61,0.62,0.01,0.01,77126.79,1777332503000
1777332504.701,204.701,0.36,0.39,0.61,0.62,0.03,0.01,77126.79,1777332503000
1777332505.063,205.063,0.33,0.34,0.66,0.67,0.01,0.01,77126.79,1777332503000
1777332505.564,205.564,0.33,0.34,0.66,0.67,0.01,0.01,77126.79,1777332504000
1777332506.0,206.0,0.33,0.34,0.66,0.67,0.01,0.01,77126.79,1777332504000
1777332506.368,206.368,0.33,0.34,0.66,0.67,0.01,0.01,77126.78,1777332505000
1777332506.866,206.866,0.32,0.33,0.66,0.68,0.01,0.02,77126.78,1777332505000
1777332507.441,207.441,0.32,0.33,0.67,0.68,0.01,0.01,77125.32,1777332506000
1777332507.881,207.881,0.32,0.33,0.67,0.68,0.01,0.01,77125.32,1777332506000
1777332508.324,208.324,0.32,0.33,0.67,0.68,0.01,0.01,77123.77,1777332507000
1777332508.704,208.704,0.32,0.33,0.67,0.68,0.01,0.01,77123.77,1777332507000
1777332509.172,209.172,0.32,0.33,0.67,0.68,0.01,0.01,77123.77,1777332507000
1777332509.604,209.604,0.32,0.33,0.67,0.68,0.01,0.01,77123.13,1777332508000
1777332510.016,210.016,0.32,0.33,0.67,0.68,0.01,0.01,77123.13,1777332508000
1777332510.364,210.364,0.32,0.33,0.67,0.68,0.01,0.01,77121.43,1777332509000
1777332510.745,210.745,0.33,0.34,0.66,0.67,0.01,0.01,77121.43,1777332509000
1777332511.101,211.101,0.33,0.34,0.66,0.67,0.01,0.01,77121.43,1777332510000
1777332511.464,211.464,0.33,0.34,0.66,0.67,0.01,0.01,77121.43,1777332510000
1777332511.83,211.83,0.37,0.38,0.62,0.63,0.01,0.01,77121.43,1777332510000
1777332512.211,212.211,0.37,0.38,0.62,0.63,0.01,0.01,77121.73,1777332511000
1777332512.554,212.554,0.39,0.4,0.6,0.61,0.01,0.01,77121.73,1777332511000
1777332512.959,212.959,0.39,0.4,0.6,0.61,0.01,0.01,77121.73,1777332511000
1777332513.299,213.299,0.39,0.4,0.6,0.61,0.01,0.01,77122.49,1777332512000
1777332513.699,213.699,0.39,0.4,0.6,0.61,0.01,0.01,77122.49,1777332512000
1777332514.142,214.142,0.39,0.4,0.6,0.61,0.01,0.01,77122.49,1777332512000
1777332514.668,214.668,0.39,0.4,0.6,0.61,0.01,0.01,77124.26,1777332513000
1777332515.175,215.175,0.32,0.33,0.6,0.61,0.01,0.01,77124.46,1777332514000
1777332515.609,215.609,0.32,0.33,0.67,0.68,0.01,0.01,77124.46,1777332514000
1777332515.973,215.973,0.32,0.33,0.67,0.68,0.01,0.01,77125.51,1777332515000
1777332516.482,216.482,0.32,0.33,0.67,0.68,0.01,0.01,77125.51,1777332515000
1777332516.892,216.892,0.32,0.33,0.67,0.68,0.01,0.01,77125.51,1777332515000
1777332517.57,217.57,0.32,0.33,0.67,0.68,0.01,0.01,77124.99,1777332516000
1777332518.025,218.025,0.32,0.33,0.67,0.68,0.01,0.01,77124.99,1777332516000
1777332518.519,218.519,0.32,0.33,0.67,0.68,0.01,0.01,77125.52,1777332517000
1777332518.966,218.966,0.31,0.33,0.67,0.68,0.02,0.01,77125.52,1777332517000
1777332519.343,219.343,0.31,0.32,0.68,0.69,0.01,0.01,77125.52,1777332517000
1777332519.704,219.704,0.31,0.32,0.68,0.69,0.01,0.01,77125.52,1777332517000
1777332520.207,220.207,0.31,0.32,0.68,0.69,0.01,0.01,77125.55,1777332518000
1777332520.669,220.669,0.3,0.31,0.69,0.7,0.01,0.01,77125.71,1777332519000
1777332521.146,221.146,0.3,0.31,0.69,0.7,0.01,0.01,77125.58,1777332520000
1777332521.74,221.74,0.3,0.31,0.69,0.7,0.01,0.01,77125.58,1777332520000
1777332522.08,222.08,0.3,0.31,0.69,0.7,0.01,0.01,77125.58,1777332520000
1777332522.558,222.558,0.3,0.31,0.69,0.7,0.01,0.01,77125.46,1777332521000
1777332522.998,222.998,0.3,0.31,0.69,0.7,0.01,0.01,77125.46,1777332521000
1777332523.457,223.457,0.3,0.33,0.69,0.7,0.03,0.01,77125.35,1777332522000
1777332523.807,223.807,0.32,0.33,0.67,0.68,0.01,0.01,77125.35,1777332522000
1777332524.236,224.236,0.32,0.33,0.67,0.68,0.01,0.01,77124.77,1777332523000
1777332525.006,225.006,0.31,0.32,0.67,0.69,0.01,0.02,77124.77,1777332523000
1777332525.503,225.503,0.31,0.32,0.68,0.69,0.01,0.01,77124.46,1777332524000
1777332526.045,226.045,0.31,0.32,0.68,0.69,0.01,0.01,77124.46,1777332525000
1777332526.877,226.877,0.31,0.32,0.68,0.69,0.01,0.01,77124.46,1777332525000
1777332527.277,227.277,0.3,0.31,0.69,0.7,0.01,0.01,77124.46,1777332525000
1777332527.909,227.909,0.3,0.31,0.69,0.7,0.01,0.01,77126.22,1777332527000
1777332528.26,228.26,0.3,0.31,0.69,0.7,0.01,0.01,77126.22,1777332527000
1777332529.201,229.201,0.3,0.31,0.69,0.7,0.01,0.01,77125.44,1777332528000
1777332529.739,229.739,0.3,0.31,0.69,0.7,0.01,0.01,77125.44,1777332528000
1777332530.346,230.346,0.3,0.31,0.69,0.7,0.01,0.01,77124.14,1777332529000
1777332530.68,230.68,0.3,0.31,0.69,0.7,0.01,0.01,77124.14,1777332529000
1777332531.115,231.115,0.3,0.31,0.69,0.7,0.01,0.01,77125.09,1777332530000
1777332531.618,231.618,0.31,0.32,0.68,0.7,0.01,0.02,77125.09,1777332530000
1777332532.361,232.361,0.3,0.31,0.68,0.7,0.01,0.02,77125.09,1777332530000
1777332532.738,232.738,0.3,0.31,0.69,0.7,0.01,0.01,77125.23,1777332531000
1777332533.52,233.52,0.3,0.31,0.69,0.7,0.01,0.01,77125.27,1777332532000
1777332534.221,234.221,0.3,0.31,0.69,0.7,0.01,0.01,77125.37,1777332533000
1777332535.097,235.097,0.3,0.31,0.69,0.7,0.01,0.01,77125.37,1777332533000
1777332535.736,235.736,0.3,0.31,0.69,0.7,0.01,0.01,77125.36,1777332534000
1777332536.101,236.101,0.3,0.31,0.69,0.7,0.01,0.01,77125.36,1777332534000
1777332536.621,236.621,0.3,0.31,0.69,0.7,0.01,0.01,77125.37,1777332535000
1777332536.987,236.987,0.29,0.31,0.69,0.7,0.02,0.01,77125.37,1777332535000
1777332537.375,237.375,0.29,0.3,0.69,0.71,0.01,0.02,77125.36,1777332536000
1777332537.854,237.854,0.28,0.29,0.7,0.72,0.01,0.02,77125.36,1777332536000
1777332538.252,238.252,0.28,0.29,0.71,0.72,0.01,0.01,77125.36,1777332536000
1777332538.761,238.761,0.28,0.29,0.71,0.72,0.01,0.01,77124.43,1777332537000
1777332539.109,239.109,0.28,0.29,0.71,0.72,0.01,0.01,77124.43,1777332537000
1777332539.46,239.46,0.28,0.29,0.71,0.73,0.01,0.02,77124.43,1777332537000
1777332539.855,239.855,0.29,0.3,0.7,0.71,0.01,0.01,77123.55,1777332538000
1777332540.212,240.212,0.3,0.31,0.69,0.71,0.01,0.02,77123.55,1777332538000
1777332540.644,240.644,0.3,0.31,0.69,0.7,0.01,0.01,77123.55,1777332539000
1777332541.044,241.044,0.3,0.31,0.69,0.7,0.01,0.01,77123.55,1777332539000
1777332541.404,241.404,0.3,0.31,0.69,0.7,0.01,0.01,77125.42,1777332540000
1777332541.897,241.897,0.3,0.31,0.69,0.7,0.01,0.01,77125.42,1777332540000
1777332542.335,242.335,0.3,0.31,0.68,0.7,0.01,0.02,77125.42,1777332540000
1777332542.683,242.683,0.3,0.31,0.69,0.7,0.01,0.01,77123.41,1777332541000
1777332543.13,243.13,0.3,0.31,0.69,0.7,0.01,0.01,77123.54,1777332542000
1777332543.464,243.464,0.3,0.31,0.69,0.7,0.01,0.01,77123.54,1777332542000
1777332544.061,244.061,0.3,0.31,0.69,0.7,0.01,0.01,77123.54,1777332542000
1777332544.514,244.514,0.3,0.31,0.69,0.7,0.01,0.01,77125.38,1777332543000
1777332544.861,244.861,0.28,0.29,0.71,0.72,0.01,0.01,77125.38,1777332543000
1777332545.291,245.291,0.27,0.28,0.72,0.73,0.01,0.01,77125.33,1777332544000
1777332545.695,245.695,0.28,0.29,0.71,0.72,0.01,0.01,77125.33,1777332544000
1777332546.365,246.365,0.26,0.28,0.71,0.72,0.02,0.01,77125.33,1777332544000
1777332546.771,246.771,0.26,0.27,0.73,0.74,0.01,0.01,77124.59,1777332545000
1777332547.117,247.117,0.26,0.27,0.73,0.74,0.01,0.01,77125.82,1777332546000
1777332547.71,247.71,0.23,0.25,0.73,0.75,0.02,0.02,77125.82,1777332546000
1777332548.083,248.083,0.21,0.22,0.78,0.79,0.01,0.01,77125.82,1777332546000
1777332548.493,248.493,0.19,0.22,0.8,0.81,0.03,0.01,77124.56,1777332547000
1777332548.839,248.839,0.25,0.26,0.74,0.75,0.01,0.01,77124.56,1777332547000
1777332549.186,249.186,0.23,0.24,0.76,0.77,0.01,0.01,77124.66,1777332548000
1777332549.559,249.559,0.2,0.21,0.79,0.8,0.01,0.01,77124.66,1777332548000
1777332550.417,250.417,0.19,0.2,0.79,0.82,0.01,0.03,77124.66,1777332548000
1777332550.827,250.827,0.19,0.2,0.8,0.81,0.01,0.01,77124.66,1777332548000
1777332551.37,251.37,0.19,0.2,0.8,0.81,0.01,0.01,77125.14,1777332549000
1777332551.737,251.737,0.2,0.21,0.8,0.81,0.01,0.01,77125.14,1777332549000
1777332552.091,252.091,0.2,0.21,0.79,0.8,0.01,0.01,77124.97,1777332550000
1777332552.563,252.563,0.2,0.21,0.79,0.8,0.01,0.01,77125.06,1777332551000
1777332552.916,252.916,0.21,0.22,0.78,0.79,0.01,0.01,77125.06,1777332551000
1777332553.519,253.519,0.2,0.21,0.78,0.8,0.01,0.02,77125.06,1777332551000
1777332554.474,254.474,0.2,0.21,0.79,0.8,0.01,0.01,77125.06,1777332552000
1777332555.185,255.185,0.2,0.21,0.79,0.8,0.01,0.01,77125.06,1777332553000
1777332555.704,255.704,0.2,0.21,0.79,0.8,0.01,0.01,77125.05,1777332554000
1777332556.114,256.114,0.2,0.21,0.79,0.8,0.01,0.01,77125.05,1777332554000
1777332556.63,256.63,0.21,0.22,0.78,0.79,0.01,0.01,77125.05,1777332554000
1777332557.091,257.091,0.22,0.23,0.78,0.79,0.01,0.01,77125.23,1777332555000
1777332557.486,257.486,0.22,0.23,0.77,0.78,0.01,0.01,77125.23,1777332556000
1777332557.929,257.929,0.23,0.24,0.76,0.77,0.01,0.01,77125.23,1777332556000
1777332558.628,258.628,0.23,0.24,0.76,0.77,0.01,0.01,77125.23,1777332556000
1777332558.974,258.974,0.23,0.24,0.76,0.77,0.01,0.01,77125.23,1777332557000
1777332559.355,259.355,0.24,0.25,0.75,0.77,0.01,0.02,77125.23,1777332557000
1777332559.783,259.783,0.24,0.25,0.75,0.76,0.01,0.01,77123.9,1777332558000
1777332560.393,260.393,0.24,0.25,0.75,0.76,0.01,0.01,77123.9,1777332558000
1777332560.864,260.864,0.24,0.25,0.75,0.76,0.01,0.01,77122.64,1777332559000
1777332561.229,261.229,0.24,0.25,0.75,0.76,0.01,0.01,77122.64,1777332560000
1777332561.584,261.584,0.26,0.27,0.73,0.76,0.01,0.03,77122.64,1777332560000
1777332561.999,261.999,0.24,0.25,0.73,0.76,0.01,0.03,77122.64,1777332560000
1777332562.678,262.678,0.24,0.25,0.75,0.76,0.01,0.01,77122.64,1777332560000
1777332563.313,263.313,0.24,0.25,0.75,0.76,0.01,0.01,77123.67,1777332561000
1777332563.759,263.759,0.23,0.24,0.75,0.77,0.01,0.02,77123.89,1777332562000
1777332564.421,264.421,0.23,0.24,0.76,0.77,0.01,0.01,77124.04,1777332563000
1777332565.146,265.146,0.23,0.24,0.76,0.77,0.01,0.01,77124.04,1777332563000
1777332565.524,265.524,0.23,0.24,0.76,0.77,0.01,0.01,77124.49,1777332564000
1777332565.935,265.935,0.23,0.24,0.76,0.77,0.01,0.01,77124.49,1777332564000
1777332566.269,266.269,0.23,0.24,0.76,0.77,0.01,0.01,77123.99,1777332565000
1777332567.002,267.002,0.21,0.22,0.76,0.79,0.01,0.03,77123.99,1777332565000
1777332567.392,267.392,0.21,0.22,0.78,0.79,0.01,0.01,77123.99,1777332565000
1777332567.814,267.814,0.21,0.22,0.78,0.79,0.01,0.01,77124.0,1777332566000
1777332568.651,268.651,0.21,0.22,0.78,0.79,0.01,0.01,77124.0,1777332566000
1777332568.989,268.989,0.21,0.22,0.78,0.79,0.01,0.01,77123.67,1777332567000
1777332569.444,269.444,0.21,0.22,0.78,0.79,0.01,0.01,77123.9,1777332568000
1777332569.791,269.791,0.21,0.22,0.78,0.79,0.01,0.01,77123.9,1777332568000
1777332570.258,270.258,0.21,0.22,0.78,0.79,0.01,0.01,77123.9,1777332568000
1777332570.596,270.596,0.21,0.22,0.78,0.79,0.01,0.01,77123.51,1777332569000
1777332571.048,271.048,0.21,0.22,0.78,0.79,0.01,0.01,77123.51,1777332569000
1777332571.446,271.446,0.21,0.22,0.78,0.79,0.01,0.01,77123.31,1777332570000
1777332571.803,271.803,0.21,0.22,0.78,0.79,0.01,0.01,77123.31,1777332570000
1777332572.151,272.151,0.2,0.21,0.79,0.8,0.01,0.01,77123.31,1777332570000
1777332572.637,272.637,0.19,0.2,0.79,0.8,0.01,0.01,77123.31,1777332571000
1777332573.174,273.174,0.19,0.2,0.8,0.81,0.01,0.01,77123.42,1777332572000
1777332574.044,274.044,0.17,0.18,0.81,0.82,0.01,0.01,77123.42,1777332572000
1777332574.467,274.467,0.17,0.18,0.82,0.83,0.01,0.01,77123.45,1777332573000
1777332575.072,275.072,0.17,0.18,0.82,0.83,0.01,0.01,77123.44,1777332574000
1777332575.429,275.429,0.16,0.17,0.83,0.84,0.01,0.01,77123.44,1777332574000
1777332575.79,275.79,0.16,0.17,0.83,0.84,0.01,0.01,77123.44,1777332574000
1777332576.21,276.21,0.15,0.16,0.83,0.85,0.01,0.02,77123.44,1777332574000
1777332577.289,277.289,0.14,0.16,0.84,0.85,0.02,0.01,77123.44,1777332575000
1777332577.642,277.642,0.13,0.14,0.86,0.88,0.01,0.02,77123.36,1777332576000
1777332578.147,278.147,0.16,0.17,0.83,0.84,0.01,0.01,77123.44,1777332577000
1777332578.596,278.596,0.16,0.17,0.83,0.84,0.01,0.01,77123.44,1777332577000
1777332578.939,278.939,0.16,0.17,0.83,0.84,0.01,0.01,77123.44,1777332577000
1777332579.383,279.383,0.15,0.16,0.84,0.85,0.01,0.01,77123.43,1777332578000
1777332579.981,279.981,0.16,0.17,0.83,0.84,0.01,0.01,77122.99,1777332579000
1777332580.402,280.402,0.13,0.14,0.83,0.85,0.01,0.02,77122.99,1777332579000
1777332580.927,280.927,0.13,0.14,0.86,0.87,0.01,0.01,77122.99,1777332579000
1777332581.29,281.29,0.13,0.14,0.86,0.87,0.01,0.01,77123.11,1777332580000
1777332581.71,281.71,0.12,0.13,0.86,0.88,0.01,0.02,77123.11,1777332580000
1777332582.153,282.153,0.12,0.13,0.87,0.88,0.01,0.01,77123.11,1777332580000
1777332582.55,282.55,0.12,0.13,0.87,0.88,0.01,0.01,77123.28,1777332581000
1777332582.941,282.941,0.12,0.13,0.87,0.88,0.01,0.01,77121.44,1777332582000
1777332583.332,283.332,0.12,0.13,0.87,0.88,0.01,0.01,77121.44,1777332582000
1777332583.716,283.716,0.12,0.13,0.87,0.88,0.01,0.01,77121.44,1777332582000
1777332584.071,284.071,0.12,0.13,0.87,0.88,0.01,0.01,77121.44,1777332582000
1777332584.544,284.544,0.12,0.13,0.87,0.88,0.01,0.01,77123.44,1777332583000
1777332584.964,284.964,0.12,0.13,0.87,0.88,0.01,0.01,77123.43,1777332584000
1777332585.344,285.344,0.12,0.15,0.87,0.88,0.03,0.01,77123.43,1777332584000
1777332585.713,285.713,0.14,0.15,0.84,0.87,0.01,0.03,77123.43,1777332584000
1777332586.064,286.064,0.14,0.16,0.84,0.86,0.02,0.02,77123.45,1777332585000
1777332586.409,286.409,0.14,0.15,0.84,0.86,0.01,0.02,77123.45,1777332585000
1777332586.979,286.979,0.11,0.14,0.86,0.87,0.03,0.01,77123.45,1777332585000
1777332587.5,287.5,0.12,0.13,0.87,0.88,0.01,0.01,77123.69,1777332586000
1777332587.951,287.951,0.12,0.14,0.86,0.88,0.02,0.02,77123.69,1777332587000
1777332588.322,288.322,0.13,0.14,0.86,0.89,0.01,0.03,77123.69,1777332587000
1777332588.682,288.682,0.13,0.14,0.86,0.88,0.01,0.02,77123.69,1777332587000
1777332589.019,289.019,0.13,0.14,0.86,0.87,0.01,0.01,77123.69,1777332587000
1777332589.496,289.496,0.12,0.13,0.85,0.87,0.01,0.02,77123.29,1777332588000
1777332589.975,289.975,0.12,0.13,0.87,0.88,0.01,0.01,77123.29,1777332588000
1777332590.377,290.377,0.11,0.12,0.88,0.89,0.01,0.01,77124.28,1777332589000
1777332590.715,290.715,0.11,0.12,0.88,0.89,0.01,0.01,77124.28,1777332589000
1777332591.062,291.062,0.08,0.1,0.85,0.92,0.02,0.07,77124.28,1777332589000
1777332591.395,291.395,0.1,0.12,0.83,0.91,0.02,0.08,77124.28,1777332590000
1777332591.89,291.89,0.03,0.13,0.87,0.88,0.1,0.01,77124.28,1777332590000
1777332592.229,292.229,0.21,0.22,0.78,0.79,0.01,0.01,77122.93,1777332591000
1777332592.567,292.567,0.15,0.16,0.84,0.85,0.01,0.01,77122.93,1777332591000
1777332592.917,292.917,0.22,0.23,0.75,0.78,0.01,0.03,77122.93,1777332591000
1777332593.256,293.256,0.22,0.26,0.73,0.82,0.04,0.09,77122.93,1777332591000
1777332593.592,293.592,0.09,0.1,0.9,0.91,0.01,0.01,77123.68,1777332592000
1777332593.993,293.993,0.26,0.25,0.73,0.74,-0.01,0.01,77123.68,1777332592000
1777332594.346,294.346,0.04,0.1,0.79,0.94,0.06,0.15,77123.68,1777332592000
1777332594.69,294.69,0.13,0.15,0.85,0.86,0.02,0.01,77123.0,1777332593000
1777332595.025,295.025,0.26,0.43,0.57,0.74,0.17,0.17,77123.0,1777332594000
1777332595.386,295.386,0.02,0.08,0.9,0.98,0.06,0.08,77123.0,1777332594000
1777332595.75,295.75,0.05,0.08,0.92,0.95,0.03,0.03,77123.0,1777332594000
1777332596.083,296.083,0.02,0.05,0.94,0.97,0.03,0.03,77123.32,1777332595000
1777332596.42,296.42,0.03,0.04,0.96,0.97,0.01,0.01,77123.32,1777332595000
1777332596.851,296.851,0.02,0.03,0.97,0.98,0.01,0.01,77123.32,1777332595000
1777332597.195,297.195,0.01,0.02,0.98,0.99,0.01,0.01,77124.38,1777332596000
1777332597.817,297.817,0.01,0.01,0.99,0.99,0.0,0.0,77124.38,1777332596000
1777332598.182,298.182,0.01,0.01,0.99,0.99,0.0,0.0,77124.05,1777332597000
1777332598.585,298.585,0.01,0.01,0.99,0.99,0.0,0.0,77124.05,1777332597000
1777332598.948,298.948,0.01,0.01,0.99,0.99,0.0,0.0,77124.05,1777332597000
1777332599.464,299.464,0.01,0.01,0.99,0.99,0.0,0.0,77124.05,1777332597000
1777332599.82,299.82,0.01,0.01,0.99,0.99,0.0,0.0,77124.38,1777332598000
1777332600.375,300.375,0.01,0.01,0.99,0.99,0.0,0.0,77124.38,1777332598000
1777332600.788,300.788,0.01,0.01,0.99,0.99,0.0,0.0,77124.38,1777332599000
1777332601.131,301.131,0.01,0.01,0.99,0.99,0.0,0.0,77124.37,1777332600000

# RESULT,winner=Down,slug=btc-updown-5m-1777332300,ticks=627
