timestamp,elapsed_sec,up_bid,up_ask,down_bid,down_ask,up_spread,down_spread,btc_price,btc_oracle_ts
1776622800.55,0.55,0.53,0.54,0.46,0.47,0.01,0.01,74804.77,1776622799000
1776622800.885,0.885,0.52,0.54,0.46,0.48,0.02,0.02,74804.77,1776622799000
1776622801.379,1.379,0.49,0.5,0.48,0.51,0.01,0.03,74803.14,1776622800000
1776622801.838,1.838,0.48,0.5,0.5,0.51,0.02,0.01,74803.14,1776622800000
1776622802.185,2.185,0.48,0.49,0.51,0.52,0.01,0.01,74803.14,1776622800000
1776622802.947,2.947,0.48,0.49,0.51,0.52,0.01,0.01,74798.48,1776622801000
1776622803.369,3.369,0.48,0.49,0.51,0.52,0.01,0.01,74790.24,1776622802000
1776622803.968,3.968,0.48,0.49,0.51,0.52,0.01,0.01,74790.24,1776622802000
1776622804.327,4.327,0.47,0.49,0.51,0.53,0.02,0.02,74787.18,1776622803000
1776622804.665,4.665,0.45,0.47,0.53,0.54,0.02,0.01,74787.18,1776622803000
1776622805.006,5.006,0.42,0.43,0.57,0.58,0.01,0.01,74787.18,1776622803000
1776622805.374,5.374,0.42,0.43,0.57,0.58,0.01,0.01,74781.45,1776622804000
1776622805.72,5.72,0.42,0.43,0.55,0.58,0.01,0.03,74781.45,1776622804000
1776622806.215,6.215,0.43,0.44,0.54,0.57,0.01,0.03,74781.45,1776622804000
1776622806.551,6.551,0.41,0.45,0.55,0.59,0.04,0.04,74775.45,1776622805000
1776622806.918,6.918,0.41,0.42,0.58,0.59,0.01,0.01,74775.45,1776622805000
1776622807.301,7.301,0.4,0.42,0.58,0.6,0.02,0.02,74775.02,1776622806000
1776622807.694,7.694,0.4,0.41,0.59,0.6,0.01,0.01,74775.02,1776622806000
1776622808.122,8.122,0.4,0.41,0.59,0.6,0.01,0.01,74775.02,1776622806000
1776622808.458,8.458,0.4,0.41,0.59,0.6,0.01,0.01,74775.02,1776622806000
1776622808.937,8.937,0.4,0.41,0.59,0.6,0.01,0.01,74780.84,1776622807000
1776622809.279,9.279,0.39,0.4,0.6,0.61,0.01,0.01,74780.84,1776622807000
1776622809.614,9.614,0.39,0.4,0.6,0.61,0.01,0.01,74775.44,1776622808000
1776622810.017,10.017,0.37,0.38,0.62,0.63,0.01,0.01,74775.44,1776622808000
1776622810.456,10.456,0.37,0.38,0.62,0.63,0.01,0.01,74775.44,1776622808000
1776622810.81,10.81,0.37,0.39,0.62,0.63,0.02,0.01,74775.49,1776622809000
1776622811.155,11.155,0.38,0.39,0.61,0.62,0.01,0.01,74775.49,1776622810000
1776622811.771,11.771,0.38,0.39,0.61,0.62,0.01,0.01,74775.49,1776622810000
1776622812.216,12.216,0.38,0.39,0.61,0.62,0.01,0.01,74775.49,1776622810000
1776622812.557,12.557,0.36,0.37,0.63,0.64,0.01,0.01,74772.44,1776622811000
1776622812.92,12.92,0.32,0.37,0.63,0.66,0.05,0.03,74772.44,1776622811000
1776622813.256,13.256,0.32,0.33,0.66,0.68,0.01,0.02,74772.44,1776622811000
1776622813.596,13.596,0.33,0.34,0.66,0.67,0.01,0.01,74769.34,1776622812000
1776622813.937,13.937,0.32,0.33,0.67,0.68,0.01,0.01,74769.34,1776622812000
1776622814.345,14.345,0.31,0.32,0.68,0.69,0.01,0.01,74769.34,1776622812000
1776622814.707,14.707,0.3,0.31,0.68,0.7,0.01,0.02,74757.24,1776622813000
1776622815.137,15.137,0.3,0.31,0.69,0.7,0.01,0.01,74755.7,1776622814000
1776622815.532,15.532,0.3,0.31,0.69,0.7,0.01,0.01,74755.7,1776622814000
1776622815.908,15.908,0.39,0.41,0.6,0.63,0.02,0.03,74755.7,1776622814000
1776622816.248,16.248,0.39,0.4,0.6,0.61,0.01,0.01,74755.7,1776622814000
1776622816.64,16.64,0.41,0.42,0.58,0.59,0.01,0.01,74755.13,1776622815000
1776622817.042,17.042,0.43,0.44,0.56,0.57,0.01,0.01,74755.13,1776622815000
1776622817.422,17.422,0.43,0.44,0.56,0.57,0.01,0.01,74755.13,1776622815000
1776622817.758,17.758,0.42,0.43,0.57,0.58,0.01,0.01,74760.0,1776622816000
1776622818.113,18.113,0.42,0.43,0.57,0.58,0.01,0.01,74760.0,1776622816000
1776622818.462,18.462,0.42,0.43,0.57,0.58,0.01,0.01,74774.64,1776622817000
1776622818.859,18.859,0.42,0.43,0.57,0.58,0.01,0.01,74774.64,1776622817000
1776622819.257,19.257,0.42,0.43,0.57,0.58,0.01,0.01,74774.64,1776622817000
1776622819.607,19.607,0.42,0.43,0.57,0.58,0.01,0.01,74778.26,1776622818000
1776622820.081,20.081,0.43,0.44,0.56,0.58,0.01,0.02,74778.26,1776622818000
1776622820.454,20.454,0.43,0.44,0.56,0.57,0.01,0.01,74778.26,1776622818000
1776622820.822,20.822,0.43,0.44,0.56,0.57,0.01,0.01,74777.55,1776622819000
1776622821.254,21.254,0.43,0.44,0.56,0.57,0.01,0.01,74777.55,1776622819000
1776622821.631,21.631,0.43,0.44,0.56,0.57,0.01,0.01,74777.35,1776622820000
1776622822.096,22.096,0.43,0.44,0.56,0.57,0.01,0.01,74777.35,1776622820000
1776622822.783,22.783,0.4,0.42,0.56,0.59,0.02,0.03,74779.02,1776622821000
1776622823.122,23.122,0.4,0.41,0.59,0.6,0.01,0.01,74779.02,1776622821000
1776622823.483,23.483,0.4,0.41,0.59,0.6,0.01,0.01,74779.02,1776622821000
1776622824.071,24.071,0.4,0.41,0.59,0.6,0.01,0.01,74779.02,1776622821000
1776622824.441,24.441,0.35,0.38,0.62,0.64,0.03,0.02,74779.02,1776622821000
1776622824.788,24.788,0.29,0.31,0.69,0.71,0.02,0.02,74777.91,1776622823000
1776622825.145,25.145,0.3,0.31,0.69,0.7,0.01,0.01,74777.91,1776622823000
1776622825.529,25.529,0.3,0.31,0.69,0.7,0.01,0.01,74777.32,1776622824000
1776622825.91,25.91,0.3,0.31,0.69,0.7,0.01,0.01,74777.32,1776622824000
1776622826.269,26.269,0.33,0.34,0.66,0.68,0.01,0.02,74766.2,1776622825000
1776622826.627,26.627,0.33,0.35,0.65,0.67,0.02,0.02,74766.2,1776622825000
1776622827.256,27.256,0.34,0.35,0.65,0.66,0.01,0.01,74766.2,1776622825000
1776622827.817,27.817,0.34,0.35,0.65,0.66,0.01,0.01,74755.44,1776622826000
1776622828.206,28.206,0.31,0.32,0.68,0.69,0.01,0.01,74755.44,1776622826000
1776622828.601,28.601,0.31,0.32,0.68,0.69,0.01,0.01,74762.02,1776622827000
1776622829.15,29.15,0.31,0.32,0.68,0.69,0.01,0.01,74762.78,1776622828000
1776622829.52,29.52,0.3,0.31,0.69,0.7,0.01,0.01,74762.78,1776622828000
1776622829.915,29.915,0.31,0.32,0.67,0.69,0.01,0.02,74762.78,1776622828000
1776622830.27,30.27,0.31,0.33,0.67,0.69,0.02,0.02,74762.78,1776622828000
1776622830.605,30.605,0.32,0.33,0.67,0.68,0.01,0.01,74762.78,1776622828000
1776622830.973,30.973,0.33,0.34,0.66,0.67,0.01,0.01,74755.58,1776622829000
1776622831.324,31.324,0.34,0.35,0.65,0.66,0.01,0.01,74755.58,1776622829000
1776622831.77,31.77,0.34,0.35,0.65,0.66,0.01,0.01,74753.2,1776622830000
1776622832.207,32.207,0.35,0.36,0.64,0.65,0.01,0.01,74753.2,1776622830000
1776622832.569,32.569,0.35,0.36,0.64,0.65,0.01,0.01,74753.2,1776622831000
1776622832.907,32.907,0.35,0.37,0.63,0.65,0.02,0.02,74753.2,1776622831000
1776622833.336,33.336,0.36,0.37,0.63,0.64,0.01,0.01,74756.12,1776622832000
1776622833.978,33.978,0.37,0.38,0.63,0.64,0.01,0.01,74756.12,1776622832000
1776622834.793,34.793,0.37,0.38,0.62,0.63,0.01,0.01,74756.12,1776622832000
1776622835.188,35.188,0.37,0.38,0.62,0.63,0.01,0.01,74761.53,1776622833000
1776622835.597,35.597,0.38,0.39,0.61,0.63,0.01,0.02,74761.53,1776622833000
1776622836.013,36.013,0.38,0.39,0.61,0.62,0.01,0.01,74762.54,1776622834000
1776622836.48,36.48,0.38,0.39,0.61,0.62,0.01,0.01,74763.76,1776622835000
1776622836.819,36.819,0.38,0.39,0.61,0.62,0.01,0.01,74763.76,1776622835000
1776622837.234,37.234,0.38,0.39,0.61,0.62,0.01,0.01,74764.8,1776622836000
1776622837.667,37.667,0.36,0.37,0.63,0.64,0.01,0.01,74764.8,1776622836000
1776622838.15,38.15,0.35,0.39,0.64,0.65,0.04,0.01,74764.8,1776622836000
1776622838.572,38.572,0.38,0.39,0.61,0.62,0.01,0.01,74764.8,1776622836000
1776622838.977,38.977,0.38,0.39,0.61,0.62,0.01,0.01,74765.05,1776622837000
1776622839.398,39.398,0.38,0.39,0.61,0.62,0.01,0.01,74765.05,1776622837000
1776622839.915,39.915,0.38,0.39,0.61,0.62,0.01,0.01,74763.23,1776622838000
1776622840.254,40.254,0.38,0.39,0.61,0.62,0.01,0.01,74763.23,1776622838000
1776622840.627,40.627,0.38,0.39,0.61,0.62,0.01,0.01,74761.73,1776622839000
1776622841.023,41.023,0.38,0.39,0.61,0.62,0.01,0.01,74761.73,1776622839000
1776622841.398,41.398,0.38,0.39,0.61,0.62,0.01,0.01,74762.9,1776622840000
1776622842.006,42.006,0.38,0.39,0.61,0.62,0.01,0.01,74762.9,1776622840000
1776622842.44,42.44,0.31,0.32,0.64,0.69,0.01,0.05,74764.79,1776622841000
1776622842.945,42.945,0.31,0.32,0.68,0.69,0.01,0.01,74764.79,1776622841000
1776622843.307,43.307,0.31,0.32,0.68,0.69,0.01,0.01,74762.79,1776622842000
1776622843.66,43.66,0.3,0.31,0.68,0.7,0.01,0.02,74762.79,1776622842000
1776622844.07,44.07,0.29,0.3,0.7,0.71,0.01,0.01,74762.79,1776622842000
1776622844.434,44.434,0.32,0.34,0.66,0.68,0.02,0.02,74762.79,1776622842000
1776622844.77,44.77,0.33,0.34,0.66,0.68,0.01,0.02,74752.94,1776622843000
1776622845.278,45.278,0.35,0.37,0.64,0.67,0.02,0.03,74751.48,1776622844000
1776622845.652,45.652,0.37,0.38,0.62,0.64,0.01,0.02,74751.48,1776622844000
1776622846.044,46.044,0.38,0.39,0.61,0.63,0.01,0.02,74751.48,1776622844000
1776622846.422,46.422,0.4,0.42,0.59,0.62,0.02,0.03,74750.24,1776622845000
1776622846.778,46.778,0.4,0.41,0.59,0.6,0.01,0.01,74750.24,1776622845000
1776622847.153,47.153,0.41,0.42,0.58,0.59,0.01,0.01,74750.24,1776622845000
1776622847.487,47.487,0.41,0.42,0.58,0.59,0.01,0.01,74750.24,1776622845000
1776622848.096,48.096,0.41,0.42,0.58,0.59,0.01,0.01,74765.47,1776622847000
1776622848.594,48.594,0.41,0.42,0.58,0.59,0.01,0.01,74765.47,1776622847000
1776622848.955,48.955,0.41,0.42,0.58,0.59,0.01,0.01,74765.47,1776622847000
1776622849.373,49.373,0.41,0.42,0.58,0.59,0.01,0.01,74769.94,1776622848000
1776622850.42,50.42,0.41,0.42,0.58,0.59,0.01,0.01,74771.27,1776622849000
1776622850.815,50.815,0.41,0.42,0.58,0.59,0.01,0.01,74771.27,1776622849000
1776622851.186,51.186,0.41,0.42,0.58,0.59,0.01,0.01,74774.3,1776622850000
1776622851.629,51.629,0.38,0.39,0.61,0.62,0.01,0.01,74774.3,1776622850000
1776622852.082,52.082,0.39,0.4,0.59,0.62,0.01,0.03,74774.3,1776622850000
1776622852.583,52.583,0.4,0.41,0.59,0.61,0.01,0.02,74774.29,1776622851000
1776622853.079,53.079,0.42,0.43,0.57,0.6,0.01,0.03,74774.29,1776622851000
1776622853.445,53.445,0.42,0.43,0.57,0.58,0.01,0.01,74774.29,1776622851000
1776622853.955,53.955,0.42,0.43,0.57,0.58,0.01,0.01,74770.63,1776622852000
1776622854.388,54.388,0.44,0.46,0.54,0.56,0.02,0.02,74770.38,1776622853000
1776622854.725,54.725,0.44,0.45,0.55,0.56,0.01,0.01,74770.38,1776622853000
1776622855.087,55.087,0.44,0.45,0.55,0.56,0.01,0.01,74769.65,1776622854000
1776622855.757,55.757,0.46,0.47,0.55,0.56,0.01,0.01,74769.65,1776622854000
1776622856.194,56.194,0.46,0.47,0.53,0.54,0.01,0.01,74769.65,1776622854000
1776622857.082,57.082,0.46,0.47,0.53,0.54,0.01,0.01,74777.31,1776622855000
1776622857.622,57.622,0.46,0.47,0.53,0.54,0.01,0.01,74781.28,1776622856000
1776622857.961,57.961,0.48,0.5,0.5,0.54,0.02,0.04,74781.28,1776622856000
1776622858.434,58.434,0.48,0.5,0.5,0.52,0.02,0.02,74783.98,1776622857000
1776622858.776,58.776,0.49,0.5,0.5,0.51,0.01,0.01,74783.98,1776622857000
1776622859.119,59.119,0.49,0.5,0.5,0.51,0.01,0.01,74785.81,1776622858000
1776622859.517,59.517,0.49,0.5,0.5,0.51,0.01,0.01,74785.81,1776622858000
1776622859.9,59.9,0.49,0.5,0.5,0.51,0.01,0.01,74785.81,1776622858000
1776622860.347,60.347,0.49,0.5,0.5,0.51,0.01,0.01,74789.51,1776622859000
1776622860.694,60.694,0.49,0.5,0.5,0.51,0.01,0.01,74789.51,1776622859000
1776622861.181,61.181,0.49,0.5,0.5,0.51,0.01,0.01,74788.54,1776622860000
1776622861.774,61.774,0.49,0.5,0.5,0.51,0.01,0.01,74788.54,1776622860000
1776622862.261,62.261,0.49,0.5,0.49,0.51,0.01,0.02,74788.45,1776622861000
1776622862.6,62.6,0.49,0.5,0.5,0.51,0.01,0.01,74788.45,1776622861000
1776622862.957,62.957,0.48,0.49,0.5,0.52,0.01,0.02,74788.45,1776622861000
1776622863.43,63.43,0.48,0.49,0.51,0.52,0.01,0.01,74789.86,1776622862000
1776622863.976,63.976,0.48,0.49,0.51,0.52,0.01,0.01,74789.86,1776622862000
1776622864.556,64.556,0.48,0.49,0.51,0.52,0.01,0.01,74790.42,1776622863000
1776622864.974,64.974,0.48,0.49,0.51,0.52,0.01,0.01,74790.42,1776622863000
1776622865.323,65.323,0.48,0.49,0.51,0.52,0.01,0.01,74790.42,1776622863000
1776622865.727,65.727,0.48,0.49,0.51,0.52,0.01,0.01,74790.65,1776622864000
1776622866.061,66.061,0.49,0.52,0.48,0.51,0.03,0.03,74789.12,1776622865000
1776622866.47,66.47,0.51,0.52,0.47,0.49,0.01,0.02,74789.12,1776622865000
1776622866.849,66.849,0.53,0.54,0.46,0.48,0.01,0.02,74789.12,1776622865000
1776622867.184,67.184,0.53,0.55,0.46,0.47,0.02,0.01,74789.36,1776622866000
1776622867.538,67.538,0.54,0.55,0.45,0.46,0.01,0.01,74789.36,1776622866000
1776622867.915,67.915,0.54,0.55,0.45,0.46,0.01,0.01,74789.36,1776622866000
1776622868.522,68.522,0.54,0.55,0.45,0.46,0.01,0.01,74794.46,1776622867000
1776622868.901,68.901,0.54,0.55,0.45,0.46,0.01,0.01,74794.46,1776622867000
1776622869.303,69.303,0.54,0.55,0.45,0.46,0.01,0.01,74794.46,1776622867000
1776622869.708,69.708,0.54,0.55,0.45,0.46,0.01,0.01,74800.02,1776622868000
1776622870.119,70.119,0.54,0.55,0.45,0.46,0.01,0.01,74800.02,1776622868000
1776622870.463,70.463,0.5,0.53,0.47,0.49,0.03,0.02,74801.23,1776622869000
1776622870.806,70.806,0.5,0.51,0.49,0.5,0.01,0.01,74801.23,1776622869000
1776622871.141,71.141,0.5,0.51,0.49,0.5,0.01,0.01,74801.23,1776622869000
1776622871.781,71.781,0.5,0.51,0.49,0.5,0.01,0.01,74800.83,1776622870000
1776622872.15,72.15,0.5,0.51,0.49,0.5,0.01,0.01,74800.83,1776622870000
1776622872.591,72.591,0.5,0.51,0.49,0.5,0.01,0.01,74800.83,1776622870000
1776622873.013,73.013,0.46,0.47,0.53,0.54,0.01,0.01,74795.96,1776622871000
1776622873.367,73.367,0.45,0.47,0.53,0.55,0.02,0.02,74794.78,1776622872000
1776622873.767,73.767,0.44,0.45,0.54,0.55,0.01,0.01,74794.78,1776622872000
1776622874.154,74.154,0.44,0.45,0.55,0.56,0.01,0.01,74794.78,1776622872000
1776622874.513,74.513,0.44,0.45,0.55,0.56,0.01,0.01,74793.98,1776622873000
1776622874.847,74.847,0.43,0.44,0.56,0.57,0.01,0.01,74793.98,1776622873000
1776622875.203,75.203,0.43,0.44,0.56,0.57,0.01,0.01,74793.98,1776622873000
1776622875.546,75.546,0.43,0.44,0.56,0.57,0.01,0.01,74787.48,1776622874000
1776622875.92,75.92,0.43,0.44,0.56,0.57,0.01,0.01,74787.48,1776622874000
1776622876.374,76.374,0.43,0.44,0.56,0.57,0.01,0.01,74785.59,1776622875000
1776622876.789,76.789,0.43,0.44,0.56,0.57,0.01,0.01,74785.59,1776622875000
1776622877.177,77.177,0.43,0.44,0.56,0.57,0.01,0.01,74783.31,1776622876000
1776622877.608,77.608,0.43,0.44,0.56,0.57,0.01,0.01,74783.31,1776622876000
1776622878.031,78.031,0.44,0.45,0.55,0.57,0.01,0.02,74783.31,1776622876000
1776622878.435,78.435,0.45,0.46,0.54,0.56,0.01,0.02,74782.98,1776622877000
1776622878.786,78.786,0.45,0.46,0.54,0.55,0.01,0.01,74782.98,1776622877000
1776622879.306,79.306,0.45,0.46,0.54,0.55,0.01,0.01,74782.66,1776622878000
1776622879.82,79.82,0.44,0.46,0.54,0.55,0.02,0.01,74782.66,1776622878000
1776622880.153,80.153,0.44,0.45,0.54,0.56,0.01,0.02,74782.66,1776622878000
1776622880.574,80.574,0.43,0.44,0.55,0.57,0.01,0.02,74783.36,1776622879000
1776622880.915,80.915,0.43,0.44,0.56,0.57,0.01,0.01,74783.36,1776622879000
1776622881.343,81.343,0.43,0.44,0.56,0.57,0.01,0.01,74785.22,1776622880000
1776622881.807,81.807,0.45,0.47,0.55,0.56,0.02,0.01,74785.22,1776622880000
1776622882.178,82.178,0.51,0.52,0.48,0.5,0.01,0.02,74785.22,1776622880000
1776622882.584,82.584,0.51,0.52,0.48,0.49,0.01,0.01,74784.86,1776622881000
1776622882.96,82.96,0.51,0.52,0.48,0.49,0.01,0.01,74784.86,1776622881000
1776622883.427,83.427,0.51,0.52,0.48,0.49,0.01,0.01,74784.86,1776622882000
1776622883.762,83.762,0.51,0.52,0.48,0.49,0.01,0.01,74784.86,1776622882000
1776622884.29,84.29,0.51,0.52,0.48,0.49,0.01,0.01,74793.38,1776622883000
1776622884.823,84.823,0.51,0.52,0.48,0.49,0.01,0.01,74793.38,1776622883000
1776622885.184,85.184,0.51,0.52,0.48,0.49,0.01,0.01,74793.38,1776622883000
1776622885.65,85.65,0.51,0.52,0.48,0.49,0.01,0.01,74793.38,1776622883000
1776622886.07,86.07,0.52,0.53,0.47,0.49,0.01,0.02,74795.56,1776622884000
1776622886.521,86.521,0.54,0.55,0.45,0.48,0.01,0.03,74795.25,1776622885000
1776622886.905,86.905,0.54,0.55,0.45,0.46,0.01,0.01,74795.25,1776622885000
1776622887.239,87.239,0.54,0.55,0.45,0.46,0.01,0.01,74795.25,1776622886000
1776622887.748,87.748,0.54,0.55,0.45,0.46,0.01,0.01,74795.25,1776622886000
1776622888.165,88.165,0.54,0.55,0.45,0.46,0.01,0.01,74795.25,1776622886000
1776622888.56,88.56,0.54,0.55,0.45,0.46,0.01,0.01,74797.94,1776622887000
1776622889.177,89.177,0.54,0.55,0.45,0.46,0.01,0.01,74796.34,1776622888000
1776622889.55,89.55,0.54,0.55,0.45,0.46,0.01,0.01,74796.34,1776622888000
1776622889.905,89.905,0.54,0.55,0.45,0.46,0.01,0.01,74796.34,1776622888000
1776622890.284,90.284,0.54,0.55,0.45,0.46,0.01,0.01,74796.07,1776622889000
1776622890.617,90.617,0.54,0.55,0.45,0.46,0.01,0.01,74796.07,1776622889000
1776622891.244,91.244,0.54,0.55,0.45,0.46,0.01,0.01,74796.53,1776622890000
1776622891.75,91.75,0.54,0.55,0.45,0.46,0.01,0.01,74796.53,1776622890000
1776622892.215,92.215,0.56,0.57,0.43,0.44,0.01,0.01,74796.53,1776622890000
1776622892.55,92.55,0.57,0.58,0.42,0.43,0.01,0.01,74800.68,1776622891000
1776622892.894,92.894,0.57,0.58,0.42,0.43,0.01,0.01,74800.68,1776622891000
1776622893.25,93.25,0.57,0.58,0.42,0.43,0.01,0.01,74800.65,1776622892000
1776622893.585,93.585,0.57,0.58,0.42,0.43,0.01,0.01,74800.65,1776622892000
1776622893.938,93.938,0.57,0.58,0.42,0.43,0.01,0.01,74800.65,1776622892000
1776622894.279,94.279,0.59,0.6,0.4,0.41,0.01,0.01,74800.65,1776622892000
1776622894.659,94.659,0.59,0.6,0.4,0.41,0.01,0.01,74804.39,1776622893000
1776622895.049,95.049,0.59,0.6,0.4,0.41,0.01,0.01,74804.39,1776622893000
1776622895.731,95.731,0.59,0.6,0.4,0.41,0.01,0.01,74807.14,1776622894000
1776622896.305,96.305,0.59,0.6,0.4,0.41,0.01,0.01,74807.14,1776622894000
1776622896.692,96.692,0.59,0.6,0.4,0.41,0.01,0.01,74807.77,1776622895000
1776622897.27,97.27,0.59,0.6,0.4,0.42,0.01,0.02,74807.77,1776622896000
1776622897.867,97.867,0.59,0.61,0.4,0.41,0.02,0.01,74807.77,1776622896000
1776622898.249,98.249,0.6,0.61,0.39,0.4,0.01,0.01,74806.6,1776622897000
1776622898.751,98.751,0.59,0.61,0.39,0.4,0.02,0.01,74806.6,1776622897000
1776622899.11,99.11,0.6,0.61,0.39,0.4,0.01,0.01,74806.6,1776622897000
1776622899.506,99.506,0.6,0.61,0.39,0.4,0.01,0.01,74806.08,1776622898000
1776622899.864,99.864,0.6,0.63,0.38,0.4,0.03,0.02,74806.08,1776622898000
1776622900.198,100.198,0.64,0.65,0.35,0.36,0.01,0.01,74806.79,1776622899000
1776622900.536,100.536,0.64,0.65,0.35,0.36,0.01,0.01,74806.79,1776622899000
1776622900.961,100.961,0.65,0.66,0.34,0.35,0.01,0.01,74806.79,1776622899000
1776622901.321,101.321,0.63,0.64,0.36,0.37,0.01,0.01,74806.79,1776622899000
1776622901.654,101.654,0.62,0.63,0.37,0.38,0.01,0.01,74808.83,1776622900000
1776622902.027,102.027,0.62,0.63,0.37,0.38,0.01,0.01,74811.61,1776622901000
1776622902.517,102.517,0.62,0.63,0.37,0.38,0.01,0.01,74811.61,1776622901000
1776622902.893,102.893,0.62,0.63,0.37,0.38,0.01,0.01,74811.61,1776622901000
1776622903.343,103.343,0.62,0.63,0.37,0.38,0.01,0.01,74813.08,1776622902000
1776622903.733,103.733,0.62,0.64,0.37,0.38,0.02,0.01,74813.08,1776622902000
1776622904.224,104.224,0.66,0.67,0.33,0.36,0.01,0.03,74813.08,1776622902000
1776622904.577,104.577,0.66,0.67,0.33,0.34,0.01,0.01,74813.08,1776622903000
1776622905.103,105.103,0.67,0.68,0.32,0.33,0.01,0.01,74813.08,1776622903000
1776622905.442,105.442,0.7,0.71,0.29,0.3,0.01,0.01,74813.34,1776622904000
1776622905.844,105.844,0.71,0.72,0.28,0.3,0.01,0.02,74813.34,1776622904000
1776622906.177,106.177,0.73,0.74,0.26,0.27,0.01,0.01,74813.34,1776622904000
1776622906.515,106.515,0.73,0.74,0.26,0.27,0.01,0.01,74820.47,1776622905000
1776622906.861,106.861,0.75,0.76,0.23,0.27,0.01,0.04,74820.47,1776622905000
1776622907.196,107.196,0.76,0.77,0.22,0.24,0.01,0.02,74821.21,1776622906000
1776622907.548,107.548,0.76,0.77,0.23,0.24,0.01,0.01,74821.21,1776622906000
1776622907.901,107.901,0.76,0.77,0.23,0.24,0.01,0.01,74821.21,1776622906000
1776622908.254,108.254,0.72,0.74,0.26,0.28,0.02,0.02,74821.21,1776622906000
1776622908.604,108.604,0.72,0.73,0.27,0.28,0.01,0.01,74831.43,1776622907000
1776622908.976,108.976,0.71,0.72,0.28,0.29,0.01,0.01,74831.43,1776622907000
1776622909.41,109.41,0.71,0.72,0.28,0.29,0.01,0.01,74831.43,1776622907000
1776622909.778,109.778,0.71,0.72,0.28,0.29,0.01,0.01,74835.19,1776622908000
1776622910.168,110.168,0.7,0.71,0.29,0.31,0.01,0.02,74835.19,1776622908000
1776622910.577,110.577,0.7,0.71,0.29,0.3,0.01,0.01,74832.82,1776622909000
1776622910.957,110.957,0.7,0.71,0.29,0.3,0.01,0.01,74832.82,1776622909000
1776622911.455,111.455,0.69,0.7,0.3,0.31,0.01,0.01,74832.11,1776622910000
1776622912.038,112.038,0.69,0.7,0.3,0.31,0.01,0.01,74832.11,1776622910000
1776622912.448,112.448,0.69,0.7,0.3,0.31,0.01,0.01,74830.48,1776622911000
1776622912.835,112.835,0.69,0.7,0.3,0.31,0.01,0.01,74830.48,1776622911000
1776622913.175,113.175,0.69,0.7,0.3,0.31,0.01,0.01,74830.42,1776622912000
1776622913.553,113.553,0.7,0.72,0.28,0.3,0.02,0.02,74830.42,1776622912000
1776622913.935,113.935,0.71,0.72,0.28,0.29,0.01,0.01,74830.42,1776622912000
1776622914.324,114.324,0.71,0.72,0.28,0.29,0.01,0.01,74830.42,1776622912000
1776622914.717,114.717,0.71,0.72,0.28,0.29,0.01,0.01,74830.58,1776622913000
1776622915.13,115.13,0.71,0.72,0.28,0.29,0.01,0.01,74830.58,1776622913000
1776622915.474,115.474,0.71,0.72,0.28,0.29,0.01,0.01,74830.58,1776622914000
1776622915.905,115.905,0.69,0.72,0.28,0.29,0.03,0.01,74830.58,1776622914000
1776622916.263,116.263,0.71,0.72,0.28,0.29,0.01,0.01,74833.72,1776622915000
1776622916.66,116.66,0.71,0.72,0.28,0.29,0.01,0.01,74833.72,1776622915000
1776622917.259,117.259,0.71,0.72,0.28,0.29,0.01,0.01,74833.72,1776622915000
1776622917.668,117.668,0.71,0.72,0.28,0.29,0.01,0.01,74831.92,1776622916000
1776622918.052,118.052,0.71,0.72,0.28,0.29,0.01,0.01,74831.92,1776622916000
1776622918.946,118.946,0.71,0.72,0.28,0.29,0.01,0.01,74830.78,1776622917000
1776622919.345,119.345,0.72,0.73,0.27,0.28,0.01,0.01,74830.86,1776622918000
1776622919.825,119.825,0.72,0.74,0.27,0.28,0.02,0.01,74830.86,1776622918000
1776622920.163,120.163,0.72,0.73,0.27,0.28,0.01,0.01,74830.86,1776622918000
1776622920.496,120.496,0.73,0.74,0.26,0.27,0.01,0.01,74827.25,1776622919000
1776622920.928,120.928,0.73,0.74,0.26,0.27,0.01,0.01,74827.25,1776622920000
1776622921.287,121.287,0.65,0.74,0.26,0.27,0.09,0.01,74827.25,1776622920000
1776622921.824,121.824,0.62,0.63,0.37,0.38,0.01,0.01,74827.25,1776622920000
1776622922.178,122.178,0.62,0.63,0.37,0.38,0.01,0.01,74832.71,1776622921000
1776622922.541,122.541,0.62,0.63,0.37,0.38,0.01,0.01,74832.71,1776622921000
1776622922.906,122.906,0.62,0.63,0.37,0.38,0.01,0.01,74832.71,1776622921000
1776622923.424,123.424,0.61,0.62,0.37,0.39,0.01,0.02,74820.24,1776622922000
1776622923.78,123.78,0.58,0.62,0.38,0.4,0.04,0.02,74820.24,1776622922000
1776622924.179,124.179,0.54,0.6,0.4,0.46,0.06,0.06,74816.66,1776622923000
1776622924.531,124.531,0.43,0.5,0.5,0.57,0.07,0.07,74816.66,1776622923000
1776622924.931,124.931,0.42,0.43,0.57,0.58,0.01,0.01,74816.66,1776622923000
1776622925.306,125.306,0.41,0.43,0.57,0.58,0.02,0.01,74792.7,1776622924000
1776622925.652,125.652,0.42,0.43,0.57,0.58,0.01,0.01,74792.7,1776622924000
1776622926.018,126.018,0.42,0.43,0.57,0.58,0.01,0.01,74792.7,1776622924000
1776622926.363,126.363,0.42,0.43,0.57,0.58,0.01,0.01,74778.16,1776622925000
1776622926.777,126.777,0.42,0.43,0.57,0.58,0.01,0.01,74778.16,1776622925000
1776622927.164,127.164,0.42,0.43,0.57,0.58,0.01,0.01,74778.16,1776622926000
1776622928.133,128.133,0.42,0.43,0.57,0.58,0.01,0.01,74778.16,1776622926000
1776622928.466,128.466,0.44,0.46,0.54,0.56,0.02,0.02,74778.16,1776622926000
1776622928.806,128.806,0.45,0.46,0.54,0.55,0.01,0.01,74780.82,1776622927000
1776622929.288,129.288,0.45,0.46,0.54,0.55,0.01,0.01,74780.82,1776622927000
1776622929.672,129.672,0.45,0.47,0.53,0.55,0.02,0.02,74780.82,1776622927000
1776622930.031,130.031,0.45,0.46,0.54,0.55,0.01,0.01,74780.82,1776622927000
1776622930.475,130.475,0.45,0.46,0.54,0.55,0.01,0.01,74781.05,1776622928000
1776622930.854,130.854,0.44,0.45,0.55,0.56,0.01,0.01,74788.87,1776622929000
1776622931.19,131.19,0.45,0.47,0.54,0.55,0.02,0.01,74788.87,1776622929000
1776622931.573,131.573,0.46,0.47,0.53,0.55,0.01,0.02,74788.87,1776622929000
1776622931.926,131.926,0.47,0.48,0.52,0.53,0.01,0.01,74791.54,1776622930000
1776622932.36,132.36,0.47,0.48,0.52,0.53,0.01,0.01,74791.54,1776622930000
1776622932.693,132.693,0.47,0.48,0.52,0.53,0.01,0.01,74784.19,1776622931000
1776622933.106,133.106,0.41,0.42,0.58,0.59,0.01,0.01,74784.19,1776622931000
1776622933.515,133.515,0.41,0.42,0.58,0.59,0.01,0.01,74784.19,1776622932000
1776622933.851,133.851,0.41,0.42,0.58,0.59,0.01,0.01,74784.19,1776622932000
1776622934.229,134.229,0.41,0.42,0.58,0.59,0.01,0.01,74784.19,1776622932000
1776622934.586,134.586,0.4,0.42,0.58,0.6,0.02,0.02,74784.19,1776622932000
1776622934.97,134.97,0.4,0.41,0.59,0.6,0.01,0.01,74786.76,1776622933000
1776622935.317,135.317,0.4,0.41,0.59,0.6,0.01,0.01,74783.05,1776622934000
1776622935.721,135.721,0.39,0.4,0.6,0.61,0.01,0.01,74783.05,1776622934000
1776622936.07,136.07,0.39,0.4,0.6,0.61,0.01,0.01,74783.05,1776622934000
1776622936.427,136.427,0.39,0.4,0.6,0.61,0.01,0.01,74783.05,1776622934000
1776622936.78,136.78,0.39,0.4,0.6,0.61,0.01,0.01,74778.38,1776622935000
1776622937.419,137.419,0.39,0.4,0.6,0.61,0.01,0.01,74777.72,1776622936000
1776622937.79,137.79,0.39,0.4,0.6,0.61,0.01,0.01,74777.72,1776622936000
1776622938.156,138.156,0.39,0.4,0.6,0.61,0.01,0.01,74777.55,1776622937000
1776622938.759,138.759,0.39,0.4,0.6,0.61,0.01,0.01,74777.55,1776622937000
1776622939.116,139.116,0.39,0.4,0.6,0.61,0.01,0.01,74777.55,1776622937000
1776622939.545,139.545,0.39,0.4,0.6,0.61,0.01,0.01,74777.55,1776622937000
1776622939.923,139.923,0.39,0.4,0.6,0.61,0.01,0.01,74777.45,1776622938000
1776622940.365,140.365,0.39,0.4,0.6,0.61,0.01,0.01,74777.45,1776622938000
1776622940.726,140.726,0.41,0.42,0.58,0.61,0.01,0.03,74777.47,1776622939000
1776622941.146,141.146,0.42,0.43,0.57,0.58,0.01,0.01,74777.51,1776622940000
1776622941.483,141.483,0.43,0.44,0.56,0.57,0.01,0.01,74777.51,1776622940000
1776622941.844,141.844,0.43,0.44,0.56,0.57,0.01,0.01,74777.51,1776622940000
1776622942.241,142.241,0.44,0.45,0.55,0.57,0.01,0.02,74777.51,1776622940000
1776622942.756,142.756,0.44,0.45,0.55,0.56,0.01,0.01,74785.9,1776622941000
1776622943.156,143.156,0.44,0.45,0.55,0.56,0.01,0.01,74785.9,1776622941000
1776622943.538,143.538,0.44,0.46,0.54,0.56,0.02,0.02,74785.9,1776622941000
1776622944.078,144.078,0.44,0.46,0.54,0.56,0.02,0.02,74787.3,1776622943000
1776622944.582,144.582,0.46,0.48,0.52,0.55,0.02,0.03,74787.3,1776622943000
1776622945.193,145.193,0.47,0.5,0.52,0.54,0.03,0.02,74787.3,1776622943000
1776622945.63,145.63,0.51,0.52,0.48,0.49,0.01,0.01,74787.3,1776622943000
1776622946.386,146.386,0.51,0.54,0.46,0.49,0.03,0.03,74789.86,1776622945000
1776622946.722,146.722,0.51,0.54,0.46,0.49,0.03,0.03,74789.86,1776622945000
1776622947.06,147.06,0.51,0.52,0.48,0.49,0.01,0.01,74789.86,1776622945000
1776622947.435,147.435,0.51,0.52,0.48,0.51,0.01,0.03,74792.5,1776622946000
1776622947.782,147.782,0.51,0.52,0.48,0.49,0.01,0.01,74792.5,1776622946000
1776622948.115,148.115,0.51,0.52,0.48,0.49,0.01,0.01,74792.5,1776622946000
1776622948.633,148.633,0.5,0.51,0.49,0.5,0.01,0.01,74792.95,1776622947000
1776622949.057,149.057,0.49,0.5,0.49,0.5,0.01,0.01,74792.95,1776622947000
1776622949.403,149.403,0.49,0.51,0.5,0.51,0.02,0.01,74792.95,1776622947000
1776622949.878,149.878,0.5,0.51,0.49,0.51,0.01,0.02,74795.06,1776622948000
1776622950.252,150.252,0.5,0.51,0.49,0.5,0.01,0.01,74796.25,1776622949000
1776622950.603,150.603,0.5,0.51,0.49,0.5,0.01,0.01,74796.25,1776622949000
1776622951.064,151.064,0.5,0.51,0.49,0.5,0.01,0.01,74796.46,1776622950000
1776622951.42,151.42,0.5,0.51,0.49,0.5,0.01,0.01,74796.46,1776622950000
1776622951.93,151.93,0.5,0.51,0.49,0.5,0.01,0.01,74796.46,1776622950000
1776622952.318,152.318,0.5,0.51,0.49,0.5,0.01,0.01,74796.45,1776622951000
1776622952.685,152.685,0.5,0.51,0.49,0.5,0.01,0.01,74796.45,1776622951000
1776622953.196,153.196,0.49,0.51,0.49,0.5,0.02,0.01,74796.45,1776622951000
1776622954.107,154.107,0.49,0.5,0.5,0.51,0.01,0.01,74795.26,1776622952000
1776622954.948,154.948,0.49,0.5,0.5,0.51,0.01,0.01,74794.91,1776622954000
1776622955.548,155.548,0.49,0.5,0.5,0.51,0.01,0.01,74794.91,1776622954000
1776622955.99,155.99,0.49,0.5,0.5,0.51,0.01,0.01,74794.91,1776622954000
1776622956.382,156.382,0.49,0.5,0.5,0.51,0.01,0.01,74795.14,1776622955000
1776622956.729,156.729,0.49,0.5,0.5,0.51,0.01,0.01,74795.14,1776622955000
1776622957.109,157.109,0.43,0.44,0.56,0.57,0.01,0.01,74795.14,1776622955000
1776622957.495,157.495,0.42,0.43,0.57,0.58,0.01,0.01,74795.71,1776622956000
1776622958.014,158.014,0.42,0.43,0.57,0.58,0.01,0.01,74795.71,1776622956000
1776622958.508,158.508,0.41,0.42,0.58,0.59,0.01,0.01,74792.95,1776622957000
1776622959.04,159.04,0.39,0.4,0.58,0.59,0.01,0.01,74792.95,1776622957000
1776622959.493,159.493,0.38,0.39,0.6,0.62,0.01,0.02,74786.11,1776622958000
1776622959.845,159.845,0.35,0.37,0.63,0.64,0.02,0.01,74786.11,1776622958000
1776622960.273,160.273,0.34,0.35,0.65,0.66,0.01,0.01,74783.61,1776622959000
1776622960.616,160.616,0.34,0.35,0.65,0.66,0.01,0.01,74783.61,1776622959000
1776622960.974,160.974,0.33,0.34,0.66,0.67,0.01,0.01,74779.37,1776622960000
1776622961.369,161.369,0.31,0.33,0.67,0.69,0.02,0.02,74779.37,1776622960000
1776622962.217,162.217,0.31,0.32,0.67,0.69,0.01,0.02,74779.37,1776622960000
1776622962.629,162.629,0.31,0.32,0.68,0.69,0.01,0.01,74771.44,1776622961000
1776622962.994,162.994,0.31,0.32,0.68,0.69,0.01,0.01,74771.44,1776622961000
1776622963.732,163.732,0.31,0.32,0.68,0.69,0.01,0.01,74765.08,1776622962000
1776622964.58,164.58,0.31,0.32,0.68,0.69,0.01,0.01,74764.44,1776622963000
1776622964.926,164.926,0.31,0.32,0.68,0.69,0.01,0.01,74764.44,1776622963000
1776622965.355,165.355,0.3,0.32,0.68,0.7,0.02,0.02,74763.72,1776622964000
1776622965.691,165.691,0.3,0.31,0.69,0.7,0.01,0.01,74763.72,1776622964000
1776622966.397,166.397,0.3,0.31,0.69,0.7,0.01,0.01,74763.72,1776622964000
1776622966.796,166.796,0.3,0.31,0.69,0.7,0.01,0.01,74763.72,1776622964000
1776622967.131,167.131,0.3,0.31,0.69,0.7,0.01,0.01,74762.37,1776622965000
1776622967.537,167.537,0.3,0.31,0.69,0.7,0.01,0.01,74762.37,1776622965000
1776622967.872,167.872,0.3,0.31,0.69,0.7,0.01,0.01,74762.95,1776622966000
1776622968.228,168.228,0.3,0.31,0.69,0.7,0.01,0.01,74762.95,1776622966000
1776622968.604,168.604,0.3,0.31,0.69,0.7,0.01,0.01,74762.95,1776622967000
1776622969.382,169.382,0.3,0.31,0.69,0.7,0.01,0.01,74762.95,1776622967000
1776622969.744,169.744,0.3,0.31,0.69,0.7,0.01,0.01,74763.89,1776622968000
1776622970.192,170.192,0.3,0.31,0.69,0.7,0.01,0.01,74763.89,1776622968000
1776622970.666,170.666,0.3,0.31,0.69,0.7,0.01,0.01,74763.89,1776622969000
1776622971.146,171.146,0.3,0.31,0.69,0.7,0.01,0.01,74763.89,1776622970000
1776622971.635,171.635,0.3,0.31,0.69,0.7,0.01,0.01,74763.89,1776622970000
1776622972.286,172.286,0.3,0.31,0.69,0.7,0.01,0.01,74763.89,1776622970000
1776622972.89,172.89,0.3,0.31,0.69,0.7,0.01,0.01,74759.76,1776622971000
1776622973.808,173.808,0.3,0.31,0.69,0.7,0.01,0.01,74753.96,1776622972000
1776622974.258,174.258,0.3,0.31,0.69,0.7,0.01,0.01,74753.96,1776622972000
1776622974.888,174.888,0.3,0.31,0.69,0.7,0.01,0.01,74753.96,1776622973000
1776622975.235,175.235,0.29,0.31,0.69,0.71,0.02,0.02,74754.19,1776622974000
1776622975.623,175.623,0.28,0.29,0.71,0.72,0.01,0.01,74754.19,1776622974000
1776622975.956,175.956,0.3,0.31,0.69,0.7,0.01,0.01,74754.19,1776622974000
1776622976.328,176.328,0.28,0.29,0.71,0.72,0.01,0.01,74754.19,1776622974000
1776622976.679,176.679,0.27,0.29,0.71,0.73,0.02,0.02,74754.19,1776622974000
1776622977.161,177.161,0.27,0.28,0.71,0.73,0.01,0.02,74755.53,1776622975000
1776622978.039,178.039,0.27,0.28,0.72,0.73,0.01,0.01,74754.85,1776622976000
1776622979.089,179.089,0.26,0.28,0.72,0.73,0.02,0.01,74746.82,1776622977000
1776622979.772,179.772,0.26,0.28,0.72,0.74,0.02,0.02,74745.68,1776622978000
1776622980.421,180.421,0.26,0.28,0.72,0.74,0.02,0.02,74745.68,1776622978000
1776622980.958,180.958,0.25,0.26,0.71,0.73,0.01,0.02,74733.52,1776622979000
1776622981.485,181.485,0.25,0.26,0.74,0.75,0.01,0.01,74733.52,1776622979000
1776622981.947,181.947,0.25,0.26,0.74,0.75,0.01,0.01,74731.91,1776622980000
1776622982.292,182.292,0.25,0.26,0.74,0.75,0.01,0.01,74731.91,1776622980000
1776622982.711,182.711,0.23,0.24,0.76,0.77,0.01,0.01,74729.48,1776622981000
1776622983.077,183.077,0.23,0.24,0.76,0.77,0.01,0.01,74727.49,1776622982000
1776622983.668,183.668,0.21,0.24,0.76,0.77,0.03,0.01,74727.49,1776622982000
1776622984.241,184.241,0.24,0.26,0.76,0.79,0.02,0.03,74727.49,1776622982000
1776622984.601,184.601,0.18,0.23,0.77,0.81,0.05,0.04,74731.93,1776622983000
1776622984.937,184.937,0.16,0.17,0.83,0.84,0.01,0.01,74731.93,1776622983000
1776622985.287,185.287,0.15,0.17,0.75,0.85,0.02,0.1,74731.93,1776622983000
1776622985.62,185.62,0.23,0.27,0.73,0.77,0.04,0.04,74742.78,1776622984000
1776622986.059,186.059,0.24,0.25,0.75,0.76,0.01,0.01,74742.78,1776622984000
1776622986.635,186.635,0.24,0.25,0.75,0.76,0.01,0.01,74749.21,1776622985000
1776622987.079,187.079,0.23,0.25,0.75,0.77,0.02,0.02,74752.3,1776622986000
1776622987.622,187.622,0.24,0.25,0.75,0.76,0.01,0.01,74752.3,1776622986000
1776622988.026,188.026,0.23,0.25,0.75,0.77,0.02,0.02,74752.3,1776622986000
1776622988.386,188.386,0.23,0.25,0.75,0.77,0.02,0.02,74756.33,1776622987000
1776622989.263,189.263,0.23,0.25,0.75,0.77,0.02,0.02,74756.33,1776622987000
1776622989.741,189.741,0.23,0.25,0.75,0.77,0.02,0.02,74755.84,1776622988000
1776622990.237,190.237,0.23,0.25,0.75,0.77,0.02,0.02,74755.84,1776622988000
1776622990.711,190.711,0.23,0.25,0.75,0.77,0.02,0.02,74756.51,1776622989000
1776622991.127,191.127,0.22,0.23,0.77,0.78,0.01,0.01,74757.5,1776622990000
1776622991.997,191.997,0.21,0.23,0.77,0.79,0.02,0.02,74757.5,1776622990000
1776622992.553,192.553,0.21,0.25,0.75,0.79,0.04,0.04,74758.79,1776622991000
1776622993.027,193.027,0.21,0.24,0.75,0.79,0.03,0.04,74758.79,1776622991000
1776622993.391,193.391,0.22,0.25,0.75,0.78,0.03,0.03,74759.34,1776622992000
1776622993.764,193.764,0.23,0.25,0.75,0.77,0.02,0.02,74759.34,1776622992000
1776622994.134,194.134,0.21,0.25,0.75,0.79,0.04,0.04,74759.34,1776622992000
1776622994.537,194.537,0.24,0.25,0.75,0.76,0.01,0.01,74758.28,1776622993000
1776622994.941,194.941,0.23,0.27,0.75,0.77,0.04,0.02,74758.28,1776622993000
1776622995.359,195.359,0.24,0.27,0.73,0.81,0.03,0.08,74758.28,1776622993000
1776622995.749,195.749,0.19,0.25,0.75,0.78,0.06,0.03,74744.66,1776622994000
1776622996.195,196.195,0.18,0.2,0.8,0.82,0.02,0.02,74744.66,1776622994000
1776622996.544,196.544,0.17,0.2,0.8,0.83,0.03,0.03,74744.66,1776622994000
1776622997.037,197.037,0.17,0.2,0.8,0.83,0.03,0.03,74737.87,1776622995000
1776622997.378,197.378,0.17,0.2,0.8,0.83,0.03,0.03,74737.33,1776622996000
1776622997.933,197.933,0.17,0.2,0.8,0.83,0.03,0.03,74737.33,1776622996000
1776622998.531,198.531,0.17,0.2,0.8,0.83,0.03,0.03,74737.39,1776622997000
1776622998.864,198.864,0.17,0.2,0.8,0.83,0.03,0.03,74737.39,1776622997000
1776622999.25,199.25,0.17,0.2,0.8,0.83,0.03,0.03,74735.87,1776622998000
1776622999.71,199.71,0.18,0.2,0.8,0.83,0.02,0.03,74735.87,1776622998000
1776623000.09,200.09,0.17,0.2,0.8,0.83,0.03,0.03,74735.87,1776622998000
1776623000.433,200.433,0.18,0.19,0.8,0.81,0.01,0.01,74737.97,1776622999000
1776623001.536,201.536,0.16,0.19,0.81,0.84,0.03,0.03,74738.48,1776623000000
1776623001.885,201.885,0.16,0.19,0.81,0.84,0.03,0.03,74738.48,1776623000000
1776623002.389,202.389,0.16,0.19,0.81,0.84,0.03,0.03,74740.86,1776623001000
1776623002.757,202.757,0.16,0.19,0.81,0.84,0.03,0.03,74740.86,1776623001000
1776623003.301,203.301,0.18,0.19,0.81,0.84,0.01,0.03,74740.86,1776623001000
1776623003.653,203.653,0.16,0.19,0.81,0.83,0.03,0.02,74744.26,1776623002000
1776623003.986,203.986,0.18,0.19,0.81,0.82,0.01,0.01,74744.26,1776623002000
1776623004.326,204.326,0.17,0.2,0.8,0.83,0.03,0.03,74745.15,1776623003000
1776623004.665,204.665,0.18,0.19,0.81,0.82,0.01,0.01,74745.15,1776623003000
1776623004.999,204.999,0.18,0.22,0.78,0.79,0.04,0.01,74745.15,1776623003000
1776623005.35,205.35,0.2,0.21,0.79,0.8,0.01,0.01,74744.72,1776623004000
1776623005.723,205.723,0.2,0.21,0.79,0.8,0.01,0.01,74744.72,1776623004000
1776623006.091,206.091,0.2,0.21,0.79,0.8,0.01,0.01,74744.72,1776623004000
1776623006.432,206.432,0.2,0.21,0.79,0.8,0.01,0.01,74747.36,1776623005000
1776623006.785,206.785,0.2,0.21,0.79,0.8,0.01,0.01,74747.36,1776623005000
1776623007.212,207.212,0.2,0.21,0.79,0.8,0.01,0.01,74749.16,1776623006000
1776623007.781,207.781,0.2,0.21,0.79,0.8,0.01,0.01,74749.16,1776623006000
1776623008.137,208.137,0.2,0.21,0.79,0.8,0.01,0.01,74749.16,1776623006000
1776623008.492,208.492,0.2,0.21,0.79,0.8,0.01,0.01,74751.53,1776623007000
1776623008.993,208.993,0.2,0.21,0.79,0.8,0.01,0.01,74751.53,1776623007000
1776623009.342,209.342,0.2,0.21,0.79,0.8,0.01,0.01,74751.53,1776623007000
1776623009.707,209.707,0.2,0.21,0.79,0.8,0.01,0.01,74753.52,1776623008000
1776623010.097,210.097,0.2,0.21,0.79,0.8,0.01,0.01,74753.52,1776623009000
1776623010.518,210.518,0.2,0.21,0.79,0.8,0.01,0.01,74753.52,1776623009000
1776623010.974,210.974,0.2,0.21,0.79,0.8,0.01,0.01,74753.52,1776623009000
1776623011.325,211.325,0.2,0.21,0.79,0.8,0.01,0.01,74753.29,1776623010000
1776623011.733,211.733,0.19,0.21,0.8,0.81,0.02,0.01,74753.29,1776623010000
1776623012.16,212.16,0.19,0.2,0.8,0.81,0.01,0.01,74751.9,1776623011000
1776623012.524,212.524,0.2,0.21,0.79,0.81,0.01,0.02,74751.9,1776623011000
1776623012.952,212.952,0.19,0.2,0.79,0.81,0.01,0.02,74751.9,1776623011000
1776623013.291,213.291,0.19,0.2,0.8,0.81,0.01,0.01,74753.03,1776623012000
1776623013.631,213.631,0.19,0.2,0.8,0.81,0.01,0.01,74753.03,1776623012000
1776623014.05,214.05,0.19,0.2,0.8,0.81,0.01,0.01,74753.03,1776623012000
1776623014.431,214.431,0.21,0.22,0.78,0.8,0.01,0.02,74753.03,1776623012000
1776623014.994,214.994,0.21,0.22,0.78,0.79,0.01,0.01,74751.56,1776623013000
1776623015.371,215.371,0.21,0.22,0.78,0.79,0.01,0.01,74753.09,1776623014000
1776623015.737,215.737,0.21,0.22,0.78,0.79,0.01,0.01,74753.09,1776623014000
1776623016.088,216.088,0.21,0.22,0.78,0.79,0.01,0.01,74757.26,1776623015000
1776623016.603,216.603,0.21,0.22,0.78,0.79,0.01,0.01,74757.26,1776623015000
1776623016.967,216.967,0.21,0.22,0.78,0.79,0.01,0.01,74757.26,1776623015000
1776623017.902,217.902,0.2,0.21,0.78,0.81,0.01,0.03,74760.76,1776623016000
1776623018.34,218.34,0.2,0.21,0.79,0.8,0.01,0.01,74760.22,1776623017000
1776623018.703,218.703,0.2,0.21,0.79,0.8,0.01,0.01,74760.22,1776623017000
1776623019.458,219.458,0.17,0.18,0.82,0.83,0.01,0.01,74760.22,1776623017000
1776623019.923,219.923,0.17,0.18,0.82,0.84,0.01,0.02,74756.29,1776623018000
1776623020.379,220.379,0.15,0.16,0.83,0.85,0.01,0.02,74756.29,1776623018000
1776623020.726,220.726,0.15,0.16,0.84,0.85,0.01,0.01,74753.85,1776623019000
1776623021.108,221.108,0.15,0.16,0.84,0.85,0.01,0.01,74752.75,1776623020000
1776623021.473,221.473,0.14,0.15,0.85,0.86,0.01,0.01,74752.75,1776623020000
1776623021.808,221.808,0.14,0.15,0.85,0.86,0.01,0.01,74752.75,1776623020000
1776623022.234,222.234,0.14,0.15,0.85,0.86,0.01,0.01,74749.92,1776623021000
1776623022.878,222.878,0.14,0.15,0.85,0.86,0.01,0.01,74749.92,1776623021000
1776623023.597,223.597,0.14,0.15,0.85,0.86,0.01,0.01,74748.5,1776623022000
1776623023.961,223.961,0.14,0.15,0.85,0.86,0.01,0.01,74748.5,1776623022000
1776623024.597,224.597,0.14,0.15,0.85,0.86,0.01,0.01,74746.31,1776623023000
1776623024.976,224.976,0.14,0.15,0.85,0.86,0.01,0.01,74746.26,1776623024000
1776623025.495,225.495,0.14,0.15,0.85,0.86,0.01,0.01,74746.26,1776623024000
1776623025.902,225.902,0.14,0.15,0.85,0.86,0.01,0.01,74746.26,1776623024000
1776623026.279,226.279,0.14,0.15,0.85,0.86,0.01,0.01,74746.26,1776623024000
1776623026.695,226.695,0.13,0.14,0.85,0.86,0.01,0.01,74746.37,1776623025000
1776623027.071,227.071,0.13,0.14,0.86,0.87,0.01,0.01,74746.37,1776623025000
1776623027.511,227.511,0.13,0.14,0.86,0.87,0.01,0.01,74746.37,1776623026000
1776623028.025,228.025,0.13,0.14,0.86,0.87,0.01,0.01,74746.07,1776623027000
1776623028.388,228.388,0.12,0.13,0.87,0.88,0.01,0.01,74746.07,1776623027000
1776623028.79,228.79,0.11,0.12,0.88,0.89,0.01,0.01,74746.07,1776623027000
1776623029.248,229.248,0.11,0.12,0.88,0.89,0.01,0.01,74746.07,1776623028000
1776623029.588,229.588,0.11,0.12,0.88,0.89,0.01,0.01,74746.07,1776623028000
1776623030.039,230.039,0.11,0.12,0.88,0.89,0.01,0.01,74745.6,1776623029000
1776623030.416,230.416,0.11,0.12,0.88,0.89,0.01,0.01,74745.6,1776623029000
1776623030.752,230.752,0.11,0.12,0.88,0.89,0.01,0.01,74745.6,1776623029000
1776623031.138,231.138,0.11,0.12,0.88,0.89,0.01,0.01,74744.05,1776623030000
1776623031.489,231.489,0.11,0.12,0.88,0.89,0.01,0.01,74744.05,1776623030000
1776623031.867,231.867,0.11,0.12,0.88,0.89,0.01,0.01,74744.05,1776623030000
1776623032.236,232.236,0.11,0.12,0.88,0.89,0.01,0.01,74743.73,1776623031000
1776623032.576,232.576,0.11,0.12,0.88,0.89,0.01,0.01,74743.73,1776623031000
1776623032.917,232.917,0.11,0.12,0.88,0.89,0.01,0.01,74743.73,1776623031000
1776623033.452,233.452,0.11,0.12,0.88,0.89,0.01,0.01,74743.73,1776623032000
1776623033.948,233.948,0.11,0.12,0.88,0.89,0.01,0.01,74743.73,1776623032000
1776623034.538,234.538,0.11,0.12,0.88,0.89,0.01,0.01,74743.87,1776623033000
1776623034.88,234.88,0.11,0.12,0.88,0.89,0.01,0.01,74743.87,1776623033000
1776623035.225,235.225,0.11,0.12,0.88,0.89,0.01,0.01,74744.97,1776623034000
1776623035.596,235.596,0.11,0.12,0.88,0.89,0.01,0.01,74744.97,1776623034000
1776623036.019,236.019,0.11,0.12,0.88,0.89,0.01,0.01,74745.12,1776623035000
1776623036.383,236.383,0.11,0.12,0.88,0.89,0.01,0.01,74745.12,1776623035000
1776623036.724,236.724,0.1,0.11,0.89,0.9,0.01,0.01,74745.12,1776623035000
1776623037.099,237.099,0.1,0.11,0.89,0.9,0.01,0.01,74745.12,1776623035000
1776623037.505,237.505,0.1,0.11,0.89,0.9,0.01,0.01,74743.46,1776623036000
1776623037.914,237.914,0.09,0.1,0.89,0.91,0.01,0.02,74743.46,1776623036000
1776623038.289,238.289,0.09,0.1,0.9,0.91,0.01,0.01,74744.85,1776623037000
1776623038.627,238.627,0.09,0.1,0.9,0.91,0.01,0.01,74744.85,1776623037000
1776623039.181,239.181,0.08,0.09,0.91,0.92,0.01,0.01,74744.85,1776623037000
1776623039.541,239.541,0.07,0.08,0.92,0.93,0.01,0.01,74744.85,1776623037000
1776623039.875,239.875,0.07,0.08,0.92,0.93,0.01,0.01,74745.51,1776623038000
1776623040.295,240.295,0.07,0.08,0.92,0.93,0.01,0.01,74746.32,1776623039000
1776623040.657,240.657,0.07,0.08,0.92,0.93,0.01,0.01,74746.32,1776623039000
1776623041.045,241.045,0.06,0.07,0.93,0.94,0.01,0.01,74746.32,1776623039000
1776623041.417,241.417,0.06,0.07,0.93,0.94,0.01,0.01,74744.87,1776623040000
1776623041.754,241.754,0.05,0.06,0.94,0.95,0.01,0.01,74744.87,1776623040000
1776623042.105,242.105,0.05,0.06,0.94,0.95,0.01,0.01,74744.87,1776623040000
1776623042.512,242.512,0.05,0.06,0.94,0.95,0.01,0.01,74744.87,1776623040000
1776623042.85,242.85,0.05,0.06,0.94,0.95,0.01,0.01,74739.64,1776623041000
1776623043.193,243.193,0.05,0.06,0.94,0.95,0.01,0.01,74739.64,1776623041000
1776623043.535,243.535,0.04,0.05,0.95,0.96,0.01,0.01,74739.26,1776623042000
1776623044.053,244.053,0.03,0.04,0.95,0.97,0.01,0.02,74739.26,1776623042000
1776623044.424,244.424,0.03,0.04,0.96,0.97,0.01,0.01,74739.26,1776623042000
1776623044.802,244.802,0.03,0.04,0.96,0.97,0.01,0.01,74736.84,1776623043000
1776623045.2,245.2,0.03,0.04,0.96,0.97,0.01,0.01,74732.63,1776623044000
1776623045.567,245.567,0.03,0.04,0.96,0.97,0.01,0.01,74732.63,1776623044000
1776623045.919,245.919,0.03,0.04,0.96,0.97,0.01,0.01,74732.63,1776623044000
1776623046.258,246.258,0.03,0.04,0.96,0.97,0.01,0.01,74728.31,1776623045000
1776623046.69,246.69,0.03,0.04,0.96,0.97,0.01,0.01,74728.31,1776623045000
1776623047.051,247.051,0.03,0.04,0.96,0.97,0.01,0.01,74724.32,1776623046000
1776623047.461,247.461,0.03,0.04,0.96,0.97,0.01,0.01,74724.32,1776623046000
1776623047.811,247.811,0.02,0.03,0.97,0.98,0.01,0.01,74724.32,1776623046000
1776623048.15,248.15,0.02,0.03,0.97,0.98,0.01,0.01,74723.89,1776623047000
1776623048.508,248.508,0.02,0.03,0.97,0.98,0.01,0.01,74723.89,1776623047000
1776623048.888,248.888,0.02,0.03,0.97,0.98,0.01,0.01,74723.89,1776623047000
1776623049.255,249.255,0.02,0.03,0.97,0.98,0.01,0.01,74717.02,1776623048000
1776623049.81,249.81,0.02,0.03,0.97,0.98,0.01,0.01,74717.02,1776623048000
1776623050.143,250.143,0.02,0.03,0.97,0.98,0.01,0.01,74706.99,1776623049000
1776623050.52,250.52,0.02,0.03,0.97,0.98,0.01,0.01,74706.99,1776623049000
1776623050.861,250.861,0.02,0.03,0.97,0.98,0.01,0.01,74706.99,1776623049000
1776623051.256,251.256,0.02,0.03,0.97,0.98,0.01,0.01,74706.33,1776623050000
1776623051.642,251.642,0.01,0.02,0.97,0.99,0.01,0.02,74706.33,1776623050000
1776623052.051,252.051,0.01,0.02,0.98,0.99,0.01,0.01,74706.33,1776623050000
1776623052.407,252.407,0.01,0.02,0.98,0.99,0.01,0.01,74702.22,1776623051000
1776623052.81,252.81,0.01,0.02,0.98,0.99,0.01,0.01,74702.22,1776623051000
1776623053.155,253.155,0.01,0.02,0.98,0.99,0.01,0.01,74702.22,1776623051000
1776623053.622,253.622,0.01,0.02,0.98,0.99,0.01,0.01,74700.78,1776623052000
1776623054.19,254.19,0.01,0.02,0.98,0.99,0.01,0.01,74700.78,1776623052000
1776623054.609,254.609,0.01,0.02,0.98,0.99,0.01,0.01,74701.13,1776623053000
1776623054.955,254.955,0.01,0.02,0.98,0.99,0.01,0.01,74701.13,1776623053000
1776623055.29,255.29,0.01,0.02,0.98,0.99,0.01,0.01,74701.07,1776623054000
1776623055.705,255.705,0.01,0.02,0.98,0.99,0.01,0.01,74701.07,1776623054000
1776623056.059,256.059,0.01,0.02,0.98,0.99,0.01,0.01,74701.07,1776623054000
1776623056.432,256.432,0.01,0.02,0.98,0.99,0.01,0.01,74701.07,1776623054000
1776623056.898,256.898,0.01,0.02,0.98,0.99,0.01,0.01,74703.69,1776623055000
1776623057.41,257.41,0.01,0.02,0.98,0.99,0.01,0.01,74703.69,1776623056000
1776623057.802,257.802,0.01,0.02,0.98,0.99,0.01,0.01,74703.69,1776623056000
1776623058.146,258.146,0.01,0.02,0.98,0.99,0.01,0.01,74701.49,1776623057000
1776623058.578,258.578,0.01,0.04,0.98,0.99,0.03,0.01,74701.49,1776623057000
1776623058.983,258.983,0.03,0.04,0.96,0.97,0.01,0.01,74701.49,1776623057000
1776623059.369,259.369,0.03,0.04,0.96,0.97,0.01,0.01,74701.49,1776623058000
1776623059.748,259.748,0.02,0.03,0.97,0.98,0.01,0.01,74701.49,1776623058000
1776623060.185,260.185,0.02,0.03,0.97,0.98,0.01,0.01,74701.49,1776623058000
1776623060.63,260.63,0.01,0.02,0.97,0.99,0.01,0.02,74701.29,1776623059000
1776623061.014,261.014,0.01,0.02,0.98,0.99,0.01,0.01,74701.29,1776623059000
1776623061.373,261.373,0.01,0.02,0.98,0.99,0.01,0.01,74707.87,1776623060000
1776623061.81,261.81,0.01,0.02,0.98,0.99,0.01,0.01,74707.87,1776623060000
1776623062.246,262.246,0.01,0.02,0.98,0.99,0.01,0.01,74707.87,1776623060000
1776623062.808,262.808,0.01,0.02,0.98,0.99,0.01,0.01,74707.24,1776623061000
1776623063.146,263.146,0.01,0.02,0.98,0.99,0.01,0.01,74707.24,1776623061000
1776623063.501,263.501,0.01,0.02,0.98,0.99,0.01,0.01,74709.24,1776623062000
1776623063.875,263.875,0.01,0.02,0.98,0.99,0.01,0.01,74709.24,1776623062000
1776623064.211,264.211,0.01,0.02,0.98,0.99,0.01,0.01,74709.24,1776623062000
1776623064.62,264.62,0.01,0.02,0.98,0.99,0.01,0.01,74708.17,1776623063000
1776623065.07,265.07,0.01,0.02,0.98,0.99,0.01,0.01,74708.17,1776623064000
1776623065.436,265.436,0.01,0.02,0.98,0.99,0.01,0.01,74708.17,1776623064000
1776623065.93,265.93,0.01,0.02,0.98,0.99,0.01,0.01,74708.17,1776623064000
1776623066.339,266.339,0.01,0.02,0.98,0.99,0.01,0.01,74710.38,1776623065000
1776623066.751,266.751,0.01,0.02,0.98,0.99,0.01,0.01,74710.38,1776623065000
1776623067.235,267.235,0.01,0.02,0.98,0.99,0.01,0.01,74710.38,1776623065000
1776623067.891,267.891,0.01,0.02,0.98,0.99,0.01,0.01,74714.75,1776623066000
1776623068.228,268.228,0.01,0.02,0.98,0.99,0.01,0.01,74714.75,1776623066000
1776623068.699,268.699,0.01,0.02,0.98,0.99,0.01,0.01,74717.5,1776623067000
1776623069.051,269.051,0.01,0.02,0.98,0.99,0.01,0.01,74717.5,1776623067000
1776623069.413,269.413,0.01,0.02,0.98,0.99,0.01,0.01,74717.59,1776623068000
1776623069.84,269.84,0.01,0.02,0.98,0.99,0.01,0.01,74717.59,1776623068000
1776623070.267,270.267,0.01,0.02,0.98,0.99,0.01,0.01,74715.26,1776623069000
1776623070.752,270.752,0.01,0.02,0.98,0.99,0.01,0.01,74715.26,1776623069000
1776623071.091,271.091,0.01,0.01,0.99,0.99,0.0,0.0,74707.05,1776623070000
1776623071.436,271.436,0.01,0.01,0.99,0.99,0.0,0.0,74707.05,1776623070000
1776623071.828,271.828,0.01,0.01,0.99,0.99,0.0,0.0,74707.05,1776623070000
1776623072.646,272.646,0.01,0.01,0.99,0.99,0.0,0.0,74703.6,1776623071000
1776623073.175,273.175,0.01,0.01,0.99,0.99,0.0,0.0,74697.74,1776623072000
1776623073.563,273.563,0.01,0.01,0.99,0.99,0.0,0.0,74697.74,1776623072000
1776623074.128,274.128,0.01,0.01,0.99,0.99,0.0,0.0,74697.74,1776623072000
1776623074.485,274.485,0.01,0.01,0.99,0.99,0.0,0.0,74697.74,1776623072000
1776623074.99,274.99,0.01,0.01,0.99,0.99,0.0,0.0,74695.53,1776623073000
1776623075.533,275.533,0.01,0.01,0.99,0.99,0.0,0.0,74695.6,1776623074000
1776623076.368,276.368,0.01,0.01,0.99,0.99,0.0,0.0,74695.6,1776623075000
1776623076.907,276.907,0.01,0.01,0.99,0.99,0.0,0.0,74694.95,1776623076000
1776623077.293,277.293,0.01,0.01,0.99,0.99,0.0,0.0,74694.95,1776623076000
1776623077.64,277.64,0.01,0.01,0.99,0.99,0.0,0.0,74694.95,1776623076000
1776623078.059,278.059,0.01,0.01,0.99,0.99,0.0,0.0,74697.05,1776623077000
1776623078.411,278.411,0.01,0.01,0.99,0.99,0.0,0.0,74697.05,1776623077000
1776623079.276,279.276,0.01,0.01,0.99,0.99,0.0,0.0,74694.72,1776623078000
1776623079.622,279.622,0.01,0.01,0.99,0.99,0.0,0.0,74694.72,1776623078000
1776623079.961,279.961,0.01,0.01,0.99,0.99,0.0,0.0,74694.72,1776623078000
1776623080.504,280.504,0.01,0.01,0.99,0.99,0.0,0.0,74692.7,1776623079000
1776623081.114,281.114,0.01,0.01,0.99,0.99,0.0,0.0,74695.55,1776623080000
1776623081.669,281.669,0.01,0.01,0.99,0.99,0.0,0.0,74695.55,1776623080000
1776623082.228,282.228,0.01,0.01,0.99,0.99,0.0,0.0,74698.88,1776623081000
1776623083.307,283.307,0.01,0.01,0.99,0.99,0.0,0.0,74694.94,1776623082000
1776623084.046,284.046,0.01,0.01,0.99,0.99,0.0,0.0,74694.94,1776623082000
1776623084.923,284.923,0.01,0.01,0.99,0.99,0.0,0.0,74694.71,1776623084000
1776623085.503,285.503,0.01,0.01,0.99,0.99,0.0,0.0,74694.71,1776623084000
1776623086.045,286.045,0.01,0.01,0.99,0.99,0.0,0.0,74696.67,1776623085000
1776623087.16,287.16,0.01,0.01,0.99,0.99,0.0,0.0,74697.21,1776623086000
1776623088.147,288.147,0.01,0.01,0.99,0.99,0.0,0.0,74695.6,1776623087000
1776623089.306,289.306,0.01,0.01,0.99,0.99,0.0,0.0,74695.4,1776623088000
1776623089.759,289.759,0.01,0.01,0.99,0.99,0.0,0.0,74695.4,1776623088000
1776623090.34,290.34,0.01,0.01,0.99,0.99,0.0,0.0,74695.65,1776623089000
1776623091.243,291.243,0.01,0.01,0.99,0.99,0.0,0.0,74697.64,1776623090000
1776623091.742,291.742,0.01,0.01,0.99,0.99,0.0,0.0,74697.64,1776623090000
1776623092.393,292.393,0.01,0.01,0.99,0.99,0.0,0.0,74697.64,1776623090000
1776623093.209,293.209,0.01,0.01,0.99,0.99,0.0,0.0,74698.01,1776623091000
1776623094.402,294.402,0.01,0.01,0.99,0.99,0.0,0.0,74696.89,1776623093000
1776623095.309,295.309,0.01,0.01,0.99,0.99,0.0,0.0,74696.95,1776623094000
1776623096.795,296.795,0.01,0.01,0.99,0.99,0.0,0.0,74693.81,1776623095000
1776623097.375,297.375,0.01,0.01,0.99,0.99,0.0,0.0,74691.59,1776623096000
1776623098.019,298.019,0.01,0.01,0.99,0.99,0.0,0.0,74682.93,1776623097000
1776623098.483,298.483,0.01,0.01,0.99,0.99,0.0,0.0,74682.93,1776623097000
1776623099.267,299.267,0.01,0.01,0.99,0.99,0.0,0.0,74679.38,1776623098000
1776623100.129,300.129,0.01,0.01,0.99,0.99,0.0,0.0,74679.38,1776623098000
1776623100.537,300.537,0.01,0.01,0.99,0.99,0.0,0.0,74677.43,1776623099000
1776623101.512,301.512,0.01,0.01,0.99,0.99,0.0,0.0,74676.38,1776623100000
1776623102.031,302.031,0.01,0.01,0.99,0.99,0.0,0.0,74676.03,1776623101000

# RESULT,winner=Down,slug=btc-updown-5m-1776622800,ticks=681
