timestamp,elapsed_sec,up_bid,up_ask,down_bid,down_ask,up_spread,down_spread,btc_price,btc_oracle_ts
1776898500.528,0.528,0.53,0.54,0.46,0.48,0.01,0.02,78574.88,1776898499000
1776898501.009,1.009,0.53,0.54,0.46,0.47,0.01,0.01,78574.88,1776898499000
1776898501.387,1.387,0.53,0.54,0.46,0.47,0.01,0.01,78575.6,1776898500000
1776898501.78,1.78,0.53,0.54,0.46,0.47,0.01,0.01,78575.6,1776898500000
1776898502.291,2.291,0.53,0.55,0.46,0.47,0.02,0.01,78575.6,1776898500000
1776898502.813,2.813,0.54,0.55,0.45,0.46,0.01,0.01,78583.9,1776898501000
1776898503.162,3.162,0.54,0.55,0.45,0.46,0.01,0.01,78583.9,1776898501000
1776898503.882,3.882,0.54,0.55,0.45,0.46,0.01,0.01,78583.93,1776898502000
1776898504.221,4.221,0.54,0.55,0.45,0.46,0.01,0.01,78584.16,1776898503000
1776898504.663,4.663,0.54,0.55,0.45,0.46,0.01,0.01,78584.16,1776898503000
1776898505.158,5.158,0.55,0.56,0.44,0.45,0.01,0.01,78583.48,1776898504000
1776898505.695,5.695,0.55,0.56,0.44,0.45,0.01,0.01,78583.48,1776898504000
1776898506.175,6.175,0.55,0.56,0.44,0.45,0.01,0.01,78583.48,1776898504000
1776898506.9,6.9,0.55,0.56,0.44,0.45,0.01,0.01,78583.64,1776898505000
1776898507.283,7.283,0.55,0.56,0.44,0.45,0.01,0.01,78584.54,1776898506000
1776898507.952,7.952,0.55,0.56,0.44,0.45,0.01,0.01,78584.54,1776898506000
1776898508.328,8.328,0.55,0.56,0.44,0.45,0.01,0.01,78584.54,1776898506000
1776898508.737,8.737,0.55,0.56,0.44,0.45,0.01,0.01,78584.54,1776898507000
1776898509.145,9.145,0.56,0.58,0.43,0.44,0.02,0.01,78584.54,1776898508000
1776898509.938,9.938,0.58,0.59,0.41,0.42,0.01,0.01,78584.84,1776898509000
1776898510.587,10.587,0.58,0.59,0.41,0.42,0.01,0.01,78584.84,1776898509000
1776898511.03,11.03,0.58,0.59,0.41,0.42,0.01,0.01,78585.73,1776898510000
1776898511.485,11.485,0.58,0.59,0.41,0.42,0.01,0.01,78585.73,1776898510000
1776898512.0,12.0,0.58,0.59,0.41,0.42,0.01,0.01,78586.82,1776898511000
1776898512.422,12.422,0.58,0.59,0.41,0.42,0.01,0.01,78586.82,1776898511000
1776898512.889,12.889,0.58,0.59,0.41,0.42,0.01,0.01,78586.82,1776898511000
1776898513.304,13.304,0.59,0.6,0.4,0.41,0.01,0.01,78585.83,1776898512000
1776898513.879,13.879,0.59,0.6,0.4,0.41,0.01,0.01,78585.83,1776898512000
1776898514.289,14.289,0.59,0.6,0.4,0.41,0.01,0.01,78586.56,1776898513000
1776898514.822,14.822,0.59,0.6,0.4,0.41,0.01,0.01,78586.56,1776898513000
1776898515.285,15.285,0.59,0.6,0.4,0.41,0.01,0.01,78587.5,1776898514000
1776898515.765,15.765,0.59,0.6,0.4,0.41,0.01,0.01,78587.5,1776898514000
1776898516.137,16.137,0.59,0.6,0.4,0.41,0.01,0.01,78587.5,1776898514000
1776898516.653,16.653,0.59,0.6,0.4,0.41,0.01,0.01,78587.5,1776898515000
1776898517.0,17.0,0.59,0.6,0.4,0.41,0.01,0.01,78587.5,1776898515000
1776898517.536,17.536,0.59,0.6,0.4,0.41,0.01,0.01,78587.87,1776898516000
1776898518.408,18.408,0.59,0.6,0.4,0.41,0.01,0.01,78587.87,1776898516000
1776898518.762,18.762,0.59,0.6,0.4,0.41,0.01,0.01,78587.87,1776898516000
1776898519.373,19.373,0.59,0.6,0.4,0.41,0.01,0.01,78586.76,1776898517000
1776898519.778,19.778,0.59,0.6,0.4,0.41,0.01,0.01,78586.76,1776898518000
1776898520.123,20.123,0.59,0.6,0.4,0.41,0.01,0.01,78587.89,1776898519000
1776898520.627,20.627,0.59,0.6,0.4,0.41,0.01,0.01,78587.89,1776898519000
1776898521.067,21.067,0.59,0.6,0.4,0.41,0.01,0.01,78587.89,1776898519000
1776898521.459,21.459,0.59,0.6,0.4,0.41,0.01,0.01,78587.89,1776898520000
1776898521.934,21.934,0.59,0.6,0.4,0.41,0.01,0.01,78587.89,1776898520000
1776898522.293,22.293,0.59,0.6,0.4,0.41,0.01,0.01,78587.89,1776898520000
1776898522.631,22.631,0.59,0.6,0.4,0.41,0.01,0.01,78587.89,1776898521000
1776898522.979,22.979,0.59,0.6,0.4,0.41,0.01,0.01,78587.89,1776898521000
1776898523.428,23.428,0.59,0.6,0.4,0.41,0.01,0.01,78587.89,1776898521000
1776898523.772,23.772,0.59,0.6,0.4,0.41,0.01,0.01,78586.87,1776898522000
1776898524.251,24.251,0.59,0.6,0.4,0.41,0.01,0.01,78587.03,1776898523000
1776898524.765,24.765,0.58,0.59,0.4,0.42,0.01,0.02,78587.03,1776898523000
1776898525.136,25.136,0.58,0.59,0.41,0.42,0.01,0.01,78587.19,1776898524000
1776898525.61,25.61,0.58,0.59,0.41,0.42,0.01,0.01,78587.19,1776898524000
1776898526.037,26.037,0.58,0.59,0.41,0.42,0.01,0.01,78587.19,1776898524000
1776898526.375,26.375,0.58,0.59,0.41,0.42,0.01,0.01,78587.19,1776898525000
1776898526.738,26.738,0.58,0.59,0.41,0.42,0.01,0.01,78587.19,1776898525000
1776898527.156,27.156,0.58,0.6,0.41,0.42,0.02,0.01,78587.19,1776898526000
1776898527.555,27.555,0.6,0.61,0.39,0.4,0.01,0.01,78587.19,1776898526000
1776898527.933,27.933,0.6,0.61,0.39,0.4,0.01,0.01,78587.19,1776898526000
1776898528.35,28.35,0.6,0.61,0.39,0.4,0.01,0.01,78588.22,1776898527000
1776898528.897,28.897,0.6,0.61,0.39,0.4,0.01,0.01,78588.22,1776898527000
1776898529.244,29.244,0.6,0.61,0.39,0.4,0.01,0.01,78588.22,1776898527000
1776898529.718,29.718,0.6,0.61,0.39,0.4,0.01,0.01,78588.22,1776898528000
1776898530.272,30.272,0.6,0.61,0.39,0.4,0.01,0.01,78587.4,1776898529000
1776898530.677,30.677,0.6,0.61,0.39,0.4,0.01,0.01,78587.4,1776898529000
1776898531.111,31.111,0.59,0.61,0.39,0.4,0.02,0.01,78587.4,1776898529000
1776898531.509,31.509,0.59,0.6,0.4,0.41,0.01,0.01,78587.4,1776898529000
1776898531.923,31.923,0.59,0.6,0.4,0.41,0.01,0.01,78587.45,1776898530000
1776898532.347,32.347,0.59,0.6,0.4,0.41,0.01,0.01,78588.22,1776898531000
1776898532.683,32.683,0.59,0.6,0.4,0.41,0.01,0.01,78588.22,1776898531000
1776898533.206,33.206,0.59,0.6,0.4,0.41,0.01,0.01,78587.45,1776898532000
1776898533.69,33.69,0.59,0.6,0.4,0.41,0.01,0.01,78587.45,1776898532000
1776898534.317,34.317,0.59,0.6,0.4,0.41,0.01,0.01,78588.22,1776898533000
1776898534.998,34.998,0.59,0.6,0.4,0.41,0.01,0.01,78588.22,1776898533000
1776898535.384,35.384,0.59,0.6,0.4,0.41,0.01,0.01,78587.46,1776898534000
1776898535.724,35.724,0.59,0.6,0.4,0.41,0.01,0.01,78587.46,1776898534000
1776898536.181,36.181,0.59,0.6,0.4,0.41,0.01,0.01,78587.46,1776898534000
1776898536.567,36.567,0.59,0.6,0.4,0.41,0.01,0.01,78587.44,1776898535000
1776898536.983,36.983,0.59,0.6,0.4,0.41,0.01,0.01,78587.44,1776898535000
1776898537.613,37.613,0.59,0.6,0.4,0.41,0.01,0.01,78588.22,1776898536000
1776898537.994,37.994,0.62,0.63,0.37,0.38,0.01,0.01,78588.22,1776898536000
1776898538.424,38.424,0.62,0.63,0.37,0.38,0.01,0.01,78587.44,1776898537000
1776898538.759,38.759,0.6,0.61,0.39,0.4,0.01,0.01,78587.44,1776898537000
1776898539.137,39.137,0.58,0.59,0.41,0.42,0.01,0.01,78588.81,1776898538000
1776898539.474,39.474,0.52,0.54,0.46,0.48,0.02,0.02,78588.81,1776898538000
1776898539.886,39.886,0.53,0.54,0.46,0.47,0.01,0.01,78588.81,1776898538000
1776898540.24,40.24,0.5,0.51,0.49,0.5,0.01,0.01,78589.71,1776898539000
1776898540.591,40.591,0.5,0.51,0.49,0.5,0.01,0.01,78589.71,1776898539000
1776898540.992,40.992,0.5,0.51,0.49,0.5,0.01,0.01,78589.71,1776898539000
1776898541.392,41.392,0.49,0.5,0.49,0.51,0.01,0.02,78583.59,1776898540000
1776898541.887,41.887,0.49,0.5,0.5,0.51,0.01,0.01,78583.59,1776898540000
1776898542.248,42.248,0.49,0.5,0.5,0.51,0.01,0.01,78577.3,1776898541000
1776898542.589,42.589,0.49,0.5,0.5,0.51,0.01,0.01,78577.3,1776898541000
1776898542.961,42.961,0.49,0.5,0.5,0.51,0.01,0.01,78577.3,1776898541000
1776898543.311,43.311,0.49,0.5,0.5,0.51,0.01,0.01,78576.45,1776898542000
1776898543.826,43.826,0.49,0.5,0.5,0.51,0.01,0.01,78576.45,1776898542000
1776898544.213,44.213,0.49,0.5,0.5,0.51,0.01,0.01,78576.45,1776898542000
1776898544.61,44.61,0.49,0.5,0.5,0.51,0.01,0.01,78576.58,1776898543000
1776898545.194,45.194,0.49,0.5,0.5,0.51,0.01,0.01,78575.21,1776898544000
1776898545.59,45.59,0.49,0.5,0.5,0.51,0.01,0.01,78575.21,1776898544000
1776898546.018,46.018,0.48,0.49,0.51,0.52,0.01,0.01,78575.21,1776898544000
1776898546.808,46.808,0.48,0.49,0.51,0.52,0.01,0.01,78575.26,1776898545000
1776898547.168,47.168,0.47,0.48,0.52,0.53,0.01,0.01,78575.26,1776898545000
1776898547.545,47.545,0.47,0.49,0.52,0.53,0.02,0.01,78575.26,1776898546000
1776898547.888,47.888,0.48,0.49,0.51,0.53,0.01,0.02,78575.26,1776898546000
1776898548.234,48.234,0.48,0.49,0.51,0.52,0.01,0.01,78575.84,1776898547000
1776898548.585,48.585,0.48,0.49,0.51,0.52,0.01,0.01,78575.84,1776898547000
1776898549.047,49.047,0.48,0.49,0.51,0.52,0.01,0.01,78575.84,1776898547000
1776898549.419,49.419,0.43,0.46,0.54,0.57,0.03,0.03,78574.08,1776898548000
1776898549.905,49.905,0.44,0.45,0.55,0.56,0.01,0.01,78574.09,1776898549000
1776898550.246,50.246,0.41,0.45,0.55,0.59,0.04,0.04,78574.09,1776898549000
1776898550.67,50.67,0.41,0.42,0.56,0.59,0.01,0.03,78574.09,1776898549000
1776898551.055,51.055,0.41,0.42,0.58,0.59,0.01,0.01,78574.09,1776898549000
1776898551.542,51.542,0.41,0.42,0.58,0.59,0.01,0.01,78573.76,1776898550000
1776898552.14,52.14,0.41,0.42,0.58,0.59,0.01,0.01,78570.59,1776898551000
1776898552.632,52.632,0.41,0.42,0.58,0.59,0.01,0.01,78570.59,1776898551000
1776898552.978,52.978,0.41,0.42,0.58,0.59,0.01,0.01,78570.59,1776898551000
1776898553.379,53.379,0.41,0.42,0.58,0.59,0.01,0.01,78568.7,1776898552000
1776898553.748,53.748,0.41,0.42,0.58,0.59,0.01,0.01,78568.7,1776898552000
1776898554.129,54.129,0.41,0.42,0.58,0.59,0.01,0.01,78568.7,1776898552000
1776898554.479,54.479,0.41,0.42,0.58,0.59,0.01,0.01,78568.29,1776898553000
1776898554.854,54.854,0.42,0.43,0.57,0.58,0.01,0.01,78568.29,1776898553000
1776898555.568,55.568,0.42,0.43,0.57,0.58,0.01,0.01,78567.85,1776898554000
1776898555.98,55.98,0.42,0.43,0.57,0.58,0.01,0.01,78567.85,1776898554000
1776898556.545,56.545,0.42,0.43,0.57,0.58,0.01,0.01,78567.85,1776898555000
1776898557.017,57.017,0.4,0.43,0.57,0.58,0.03,0.01,78567.85,1776898555000
1776898557.481,57.481,0.4,0.41,0.59,0.6,0.01,0.01,78567.64,1776898556000
1776898557.91,57.91,0.4,0.41,0.59,0.6,0.01,0.01,78567.64,1776898556000
1776898558.494,58.494,0.4,0.41,0.59,0.6,0.01,0.01,78567.64,1776898556000
1776898558.85,58.85,0.38,0.39,0.61,0.62,0.01,0.01,78567.62,1776898557000
1776898559.21,59.21,0.38,0.39,0.61,0.62,0.01,0.01,78567.62,1776898557000
1776898559.597,59.597,0.35,0.39,0.61,0.65,0.04,0.04,78567.25,1776898558000
1776898559.964,59.964,0.35,0.36,0.64,0.65,0.01,0.01,78567.25,1776898558000
1776898560.336,60.336,0.35,0.36,0.64,0.65,0.01,0.01,78567.25,1776898558000
1776898560.748,60.748,0.35,0.36,0.64,0.65,0.01,0.01,78566.61,1776898559000
1776898561.385,61.385,0.35,0.36,0.64,0.65,0.01,0.01,78566.25,1776898560000
1776898561.72,61.72,0.35,0.36,0.64,0.65,0.01,0.01,78566.25,1776898560000
1776898562.134,62.134,0.35,0.36,0.64,0.65,0.01,0.01,78562.73,1776898561000
1776898562.6,62.6,0.35,0.36,0.64,0.65,0.01,0.01,78562.73,1776898561000
1776898562.984,62.984,0.35,0.36,0.64,0.65,0.01,0.01,78562.73,1776898561000
1776898563.32,63.32,0.35,0.36,0.64,0.65,0.01,0.01,78562.22,1776898562000
1776898563.79,63.79,0.35,0.37,0.63,0.65,0.02,0.02,78562.22,1776898562000
1776898564.348,64.348,0.36,0.37,0.63,0.64,0.01,0.01,78562.22,1776898563000
1776898564.887,64.887,0.36,0.37,0.63,0.64,0.01,0.01,78562.22,1776898563000
1776898565.345,65.345,0.36,0.37,0.63,0.64,0.01,0.01,78562.22,1776898564000
1776898565.691,65.691,0.36,0.37,0.63,0.64,0.01,0.01,78562.22,1776898564000
1776898566.051,66.051,0.37,0.38,0.62,0.63,0.01,0.01,78562.22,1776898564000
1776898566.417,66.417,0.37,0.38,0.62,0.63,0.01,0.01,78562.22,1776898565000
1776898566.835,66.835,0.37,0.38,0.62,0.63,0.01,0.01,78562.22,1776898565000
1776898567.257,67.257,0.37,0.38,0.62,0.63,0.01,0.01,78562.22,1776898565000
1776898567.649,67.649,0.37,0.38,0.62,0.63,0.01,0.01,78562.22,1776898566000
1776898568.008,68.008,0.37,0.38,0.62,0.63,0.01,0.01,78562.22,1776898566000
1776898568.615,68.615,0.37,0.38,0.62,0.63,0.01,0.01,78562.66,1776898567000
1776898568.983,68.983,0.37,0.38,0.62,0.63,0.01,0.01,78562.66,1776898567000
1776898569.316,69.316,0.37,0.38,0.62,0.63,0.01,0.01,78562.22,1776898568000
1776898569.712,69.712,0.37,0.38,0.62,0.63,0.01,0.01,78562.22,1776898568000
1776898570.47,70.47,0.37,0.38,0.62,0.63,0.01,0.01,78562.22,1776898569000
1776898571.14,71.14,0.37,0.38,0.62,0.63,0.01,0.01,78562.22,1776898570000
1776898571.594,71.594,0.37,0.38,0.62,0.63,0.01,0.01,78562.22,1776898570000
1776898572.229,72.229,0.37,0.38,0.62,0.63,0.01,0.01,78562.21,1776898571000
1776898572.895,72.895,0.37,0.38,0.62,0.63,0.01,0.01,78562.21,1776898571000
1776898573.426,73.426,0.37,0.38,0.62,0.63,0.01,0.01,78562.19,1776898572000
1776898573.847,73.847,0.37,0.38,0.62,0.63,0.01,0.01,78562.19,1776898572000
1776898574.566,74.566,0.37,0.38,0.62,0.63,0.01,0.01,78562.7,1776898573000
1776898574.964,74.964,0.37,0.38,0.62,0.63,0.01,0.01,78562.7,1776898573000
1776898575.402,75.402,0.37,0.38,0.62,0.63,0.01,0.01,78562.38,1776898574000
1776898575.772,75.772,0.37,0.38,0.62,0.63,0.01,0.01,78562.38,1776898574000
1776898576.426,76.426,0.37,0.38,0.62,0.63,0.01,0.01,78562.71,1776898575000
1776898577.075,77.075,0.37,0.38,0.62,0.63,0.01,0.01,78562.71,1776898576000
1776898577.857,77.857,0.37,0.38,0.62,0.63,0.01,0.01,78562.71,1776898576000
1776898578.228,78.228,0.37,0.38,0.62,0.63,0.01,0.01,78562.59,1776898577000
1776898578.579,78.579,0.37,0.38,0.62,0.63,0.01,0.01,78562.59,1776898577000
1776898578.924,78.924,0.37,0.38,0.62,0.63,0.01,0.01,78562.59,1776898577000
1776898579.786,79.786,0.37,0.38,0.62,0.63,0.01,0.01,78562.53,1776898578000
1776898580.133,80.133,0.37,0.38,0.62,0.63,0.01,0.01,78562.97,1776898579000
1776898580.594,80.594,0.37,0.38,0.62,0.63,0.01,0.01,78562.97,1776898579000
1776898581.222,81.222,0.37,0.38,0.62,0.63,0.01,0.01,78562.97,1776898580000
1776898581.812,81.812,0.37,0.38,0.62,0.63,0.01,0.01,78562.97,1776898580000
1776898582.219,82.219,0.37,0.38,0.62,0.63,0.01,0.01,78563.17,1776898581000
1776898582.857,82.857,0.37,0.38,0.62,0.63,0.01,0.01,78563.17,1776898581000
1776898583.272,83.272,0.37,0.38,0.62,0.63,0.01,0.01,78563.17,1776898582000
1776898583.665,83.665,0.37,0.38,0.62,0.63,0.01,0.01,78563.17,1776898582000
1776898584.308,84.308,0.37,0.38,0.62,0.63,0.01,0.01,78563.17,1776898582000
1776898584.765,84.765,0.37,0.38,0.62,0.63,0.01,0.01,78562.97,1776898583000
1776898585.26,85.26,0.37,0.38,0.62,0.63,0.01,0.01,78562.97,1776898583000
1776898585.845,85.845,0.37,0.38,0.62,0.63,0.01,0.01,78563.15,1776898584000
1776898587.028,87.028,0.37,0.38,0.62,0.63,0.01,0.01,78563.17,1776898585000
1776898587.634,87.634,0.37,0.38,0.62,0.63,0.01,0.01,78563.26,1776898586000
1776898587.994,87.994,0.37,0.38,0.62,0.63,0.01,0.01,78563.26,1776898586000
1776898588.367,88.367,0.38,0.39,0.62,0.63,0.01,0.01,78563.23,1776898587000
1776898588.831,88.831,0.38,0.39,0.61,0.62,0.01,0.01,78563.23,1776898587000
1776898589.213,89.213,0.38,0.39,0.61,0.62,0.01,0.01,78563.23,1776898587000
1776898589.708,89.708,0.38,0.39,0.61,0.62,0.01,0.01,78563.23,1776898587000
1776898590.109,90.109,0.39,0.41,0.6,0.62,0.02,0.02,78563.23,1776898587000
1776898590.448,90.448,0.4,0.42,0.58,0.6,0.02,0.02,78563.23,1776898587000
1776898590.802,90.802,0.45,0.46,0.54,0.55,0.01,0.01,78563.23,1776898587000
1776898591.179,91.179,0.47,0.48,0.52,0.54,0.01,0.02,78563.23,1776898587000
1776898591.521,91.521,0.49,0.52,0.49,0.51,0.03,0.02,78563.23,1776898587000
1776898591.944,91.944,0.51,0.52,0.48,0.49,0.01,0.01,78563.23,1776898587000
1776898592.31,92.31,0.51,0.52,0.48,0.49,0.01,0.01,78563.23,1776898587000
1776898592.678,92.678,0.51,0.52,0.48,0.49,0.01,0.01,78563.23,1776898587000
1776898593.122,93.122,0.51,0.52,0.48,0.49,0.01,0.01,78563.23,1776898587000
1776898593.473,93.473,0.51,0.52,0.48,0.49,0.01,0.01,78563.23,1776898587000
1776898593.902,93.902,0.51,0.52,0.48,0.49,0.01,0.01,78563.23,1776898587000
1776898594.262,94.262,0.57,0.6,0.41,0.43,0.03,0.02,78563.23,1776898587000
1776898594.681,94.681,0.59,0.61,0.4,0.41,0.02,0.01,78563.23,1776898587000
1776898595.113,95.113,0.59,0.6,0.4,0.41,0.01,0.01,78563.23,1776898587000
1776898595.49,95.49,0.59,0.6,0.4,0.41,0.01,0.01,78563.23,1776898587000
1776898595.851,95.851,0.59,0.6,0.4,0.41,0.01,0.01,78563.23,1776898587000
1776898596.27,96.27,0.59,0.6,0.4,0.41,0.01,0.01,78582.39,1776898595000
1776898596.74,96.74,0.59,0.6,0.4,0.41,0.01,0.01,78582.39,1776898595000
1776898597.296,97.296,0.59,0.6,0.4,0.41,0.01,0.01,78582.78,1776898596000
1776898597.876,97.876,0.59,0.6,0.4,0.41,0.01,0.01,78582.78,1776898596000
1776898598.447,98.447,0.59,0.6,0.4,0.41,0.01,0.01,78583.85,1776898597000
1776898598.854,98.854,0.59,0.6,0.4,0.41,0.01,0.01,78583.85,1776898597000
1776898599.44,99.44,0.59,0.6,0.4,0.41,0.01,0.01,78583.85,1776898598000
1776898599.848,99.848,0.59,0.6,0.4,0.41,0.01,0.01,78583.85,1776898598000
1776898600.239,100.239,0.59,0.6,0.4,0.41,0.01,0.01,78583.85,1776898598000
1776898600.639,100.639,0.58,0.59,0.41,0.42,0.01,0.01,78583.85,1776898599000
1776898601.069,101.069,0.57,0.58,0.42,0.43,0.01,0.01,78583.85,1776898599000
1776898601.588,101.588,0.57,0.58,0.42,0.43,0.01,0.01,78583.85,1776898600000
1776898601.976,101.976,0.56,0.58,0.42,0.43,0.02,0.01,78581.88,1776898601000
1776898602.317,102.317,0.48,0.52,0.48,0.52,0.04,0.04,78581.88,1776898601000
1776898602.761,102.761,0.49,0.5,0.5,0.51,0.01,0.01,78581.88,1776898601000
1776898603.432,103.432,0.49,0.5,0.5,0.51,0.01,0.01,78580.9,1776898602000
1776898603.765,103.765,0.49,0.5,0.5,0.51,0.01,0.01,78580.9,1776898602000
1776898604.105,104.105,0.49,0.5,0.5,0.51,0.01,0.01,78577.76,1776898603000
1776898604.636,104.636,0.49,0.5,0.5,0.51,0.01,0.01,78577.76,1776898603000
1776898604.975,104.975,0.49,0.5,0.5,0.51,0.01,0.01,78575.37,1776898604000
1776898606.019,106.019,0.49,0.5,0.5,0.51,0.01,0.01,78574.87,1776898605000
1776898606.432,106.432,0.49,0.5,0.5,0.51,0.01,0.01,78574.87,1776898605000
1776898607.091,107.091,0.49,0.5,0.5,0.51,0.01,0.01,78574.35,1776898606000
1776898607.462,107.462,0.49,0.5,0.5,0.51,0.01,0.01,78574.35,1776898606000
1776898608.038,108.038,0.49,0.5,0.5,0.51,0.01,0.01,78574.35,1776898606000
1776898608.706,108.706,0.49,0.5,0.5,0.51,0.01,0.01,78574.33,1776898607000
1776898609.31,109.31,0.48,0.49,0.51,0.52,0.01,0.01,78574.44,1776898608000
1776898609.793,109.793,0.48,0.49,0.51,0.52,0.01,0.01,78574.44,1776898608000
1776898610.196,110.196,0.48,0.49,0.51,0.52,0.01,0.01,78574.44,1776898609000
1776898610.541,110.541,0.47,0.48,0.52,0.53,0.01,0.01,78574.44,1776898609000
1776898610.97,110.97,0.46,0.47,0.53,0.54,0.01,0.01,78574.44,1776898609000
1776898611.647,111.647,0.46,0.47,0.53,0.54,0.01,0.01,78574.44,1776898610000
1776898612.111,112.111,0.46,0.47,0.53,0.54,0.01,0.01,78574.44,1776898610000
1776898613.315,113.315,0.46,0.47,0.53,0.54,0.01,0.01,78573.51,1776898612000
1776898613.701,113.701,0.46,0.47,0.53,0.54,0.01,0.01,78573.51,1776898612000
1776898614.34,114.34,0.46,0.47,0.53,0.54,0.01,0.01,78572.81,1776898613000
1776898614.762,114.762,0.46,0.47,0.53,0.54,0.01,0.01,78572.81,1776898613000
1776898615.457,115.457,0.46,0.47,0.53,0.54,0.01,0.01,78571.92,1776898614000
1776898615.847,115.847,0.46,0.47,0.53,0.54,0.01,0.01,78571.92,1776898614000
1776898616.688,116.688,0.46,0.47,0.53,0.54,0.01,0.01,78571.92,1776898615000
1776898617.32,117.32,0.46,0.47,0.53,0.54,0.01,0.01,78571.89,1776898616000
1776898618.204,118.204,0.46,0.47,0.53,0.54,0.01,0.01,78571.89,1776898616000
1776898618.645,118.645,0.46,0.47,0.53,0.54,0.01,0.01,78571.96,1776898617000
1776898619.26,119.26,0.46,0.47,0.53,0.54,0.01,0.01,78571.9,1776898618000
1776898619.789,119.789,0.47,0.48,0.53,0.54,0.01,0.01,78571.9,1776898618000
1776898620.146,120.146,0.47,0.48,0.52,0.53,0.01,0.01,78571.9,1776898618000
1776898620.566,120.566,0.47,0.48,0.52,0.53,0.01,0.01,78571.67,1776898619000
1776898621.19,121.19,0.47,0.48,0.52,0.53,0.01,0.01,78571.57,1776898620000
1776898621.895,121.895,0.47,0.48,0.52,0.53,0.01,0.01,78571.57,1776898620000
1776898622.486,122.486,0.47,0.48,0.52,0.53,0.01,0.01,78570.86,1776898621000
1776898623.219,123.219,0.46,0.48,0.52,0.54,0.02,0.02,78570.53,1776898622000
1776898623.925,123.925,0.46,0.47,0.52,0.54,0.01,0.02,78570.53,1776898622000
1776898624.603,124.603,0.46,0.47,0.53,0.54,0.01,0.01,78570.59,1776898623000
1776898625.071,125.071,0.46,0.47,0.53,0.54,0.01,0.01,78570.59,1776898623000
1776898625.563,125.563,0.46,0.47,0.53,0.54,0.01,0.01,78570.88,1776898624000
1776898626.062,126.062,0.46,0.47,0.53,0.54,0.01,0.01,78571.18,1776898625000
1776898626.554,126.554,0.46,0.47,0.53,0.54,0.01,0.01,78571.18,1776898625000
1776898626.899,126.899,0.46,0.47,0.53,0.54,0.01,0.01,78571.18,1776898625000
1776898627.267,127.267,0.47,0.48,0.52,0.53,0.01,0.01,78571.18,1776898625000
1776898627.761,127.761,0.47,0.48,0.52,0.53,0.01,0.01,78571.47,1776898626000
1776898628.111,128.111,0.47,0.48,0.52,0.53,0.01,0.01,78571.74,1776898627000
1776898628.695,128.695,0.47,0.48,0.52,0.53,0.01,0.01,78571.74,1776898627000
1776898629.144,129.144,0.47,0.48,0.52,0.53,0.01,0.01,78571.74,1776898627000
1776898629.494,129.494,0.47,0.48,0.52,0.53,0.01,0.01,78572.08,1776898628000
1776898629.884,129.884,0.5,0.51,0.49,0.5,0.01,0.01,78572.08,1776898628000
1776898630.327,130.327,0.52,0.53,0.47,0.48,0.01,0.01,78572.98,1776898629000
1776898630.667,130.667,0.52,0.55,0.47,0.48,0.03,0.01,78572.98,1776898629000
1776898631.068,131.068,0.63,0.68,0.32,0.37,0.05,0.05,78572.98,1776898629000
1776898631.414,131.414,0.66,0.67,0.33,0.34,0.01,0.01,78572.94,1776898630000
1776898631.751,131.751,0.66,0.67,0.33,0.34,0.01,0.01,78572.94,1776898630000
1776898632.093,132.093,0.66,0.67,0.33,0.34,0.01,0.01,78572.94,1776898630000
1776898632.482,132.482,0.66,0.67,0.33,0.34,0.01,0.01,78585.32,1776898631000
1776898632.835,132.835,0.68,0.7,0.3,0.32,0.02,0.02,78585.32,1776898631000
1776898633.246,133.246,0.69,0.7,0.3,0.31,0.01,0.01,78585.56,1776898632000
1776898633.608,133.608,0.69,0.7,0.3,0.31,0.01,0.01,78585.56,1776898632000
1776898633.979,133.979,0.69,0.7,0.3,0.31,0.01,0.01,78587.88,1776898633000
1776898634.324,134.324,0.69,0.7,0.3,0.31,0.01,0.01,78587.88,1776898633000
1776898634.72,134.72,0.69,0.7,0.3,0.31,0.01,0.01,78587.88,1776898633000
1776898635.198,135.198,0.69,0.7,0.3,0.31,0.01,0.01,78588.65,1776898634000
1776898635.684,135.684,0.68,0.69,0.3,0.32,0.01,0.02,78588.65,1776898634000
1776898636.033,136.033,0.67,0.69,0.31,0.32,0.02,0.01,78589.37,1776898635000
1776898636.409,136.409,0.67,0.68,0.32,0.33,0.01,0.01,78589.37,1776898635000
1776898636.984,136.984,0.67,0.68,0.32,0.33,0.01,0.01,78589.37,1776898635000
1776898637.441,137.441,0.67,0.68,0.32,0.33,0.01,0.01,78589.4,1776898636000
1776898637.812,137.812,0.66,0.68,0.32,0.33,0.02,0.01,78589.4,1776898636000
1776898638.249,138.249,0.66,0.67,0.33,0.34,0.01,0.01,78589.4,1776898637000
1776898638.648,138.648,0.66,0.67,0.33,0.34,0.01,0.01,78589.4,1776898637000
1776898639.05,139.05,0.66,0.67,0.33,0.34,0.01,0.01,78590.23,1776898638000
1776898639.419,139.419,0.66,0.67,0.33,0.34,0.01,0.01,78590.23,1776898638000
1776898639.858,139.858,0.66,0.67,0.33,0.34,0.01,0.01,78590.23,1776898638000
1776898640.377,140.377,0.66,0.67,0.33,0.34,0.01,0.01,78589.79,1776898639000
1776898640.814,140.814,0.66,0.67,0.33,0.34,0.01,0.01,78589.79,1776898639000
1776898641.207,141.207,0.66,0.67,0.33,0.34,0.01,0.01,78590.59,1776898640000
1776898641.668,141.668,0.66,0.67,0.33,0.34,0.01,0.01,78590.59,1776898640000
1776898642.062,142.062,0.66,0.67,0.33,0.34,0.01,0.01,78590.69,1776898641000
1776898642.616,142.616,0.65,0.66,0.34,0.35,0.01,0.01,78590.69,1776898641000
1776898643.135,143.135,0.65,0.66,0.34,0.35,0.01,0.01,78590.59,1776898642000
1776898643.657,143.657,0.65,0.66,0.34,0.35,0.01,0.01,78590.59,1776898642000
1776898644.801,144.801,0.62,0.64,0.34,0.35,0.02,0.01,78590.59,1776898642000
1776898645.175,145.175,0.58,0.59,0.41,0.42,0.01,0.01,78590.59,1776898642000
1776898645.71,145.71,0.58,0.59,0.41,0.42,0.01,0.01,78590.59,1776898642000
1776898646.333,146.333,0.58,0.59,0.41,0.42,0.01,0.01,78588.16,1776898644000
1776898646.732,146.732,0.58,0.59,0.41,0.42,0.01,0.01,78588.16,1776898645000
1776898647.477,147.477,0.58,0.59,0.41,0.42,0.01,0.01,78586.65,1776898646000
1776898647.815,147.815,0.58,0.59,0.41,0.42,0.01,0.01,78586.65,1776898646000
1776898648.211,148.211,0.58,0.59,0.41,0.42,0.01,0.01,78585.01,1776898647000
1776898648.762,148.762,0.58,0.59,0.41,0.42,0.01,0.01,78585.01,1776898647000
1776898649.099,149.099,0.58,0.59,0.41,0.42,0.01,0.01,78585.18,1776898648000
1776898649.797,149.797,0.58,0.59,0.41,0.42,0.01,0.01,78585.18,1776898648000
1776898650.342,150.342,0.58,0.59,0.41,0.42,0.01,0.01,78585.56,1776898649000
1776898650.901,150.901,0.58,0.59,0.41,0.42,0.01,0.01,78585.56,1776898650000
1776898651.239,151.239,0.58,0.59,0.41,0.42,0.01,0.01,78585.56,1776898650000
1776898651.835,151.835,0.58,0.59,0.41,0.42,0.01,0.01,78585.56,1776898650000
1776898652.418,152.418,0.58,0.59,0.41,0.42,0.01,0.01,78585.6,1776898651000
1776898652.802,152.802,0.58,0.59,0.41,0.42,0.01,0.01,78585.96,1776898652000
1776898653.294,153.294,0.58,0.59,0.41,0.42,0.01,0.01,78585.96,1776898652000
1776898654.094,154.094,0.58,0.59,0.41,0.42,0.01,0.01,78585.96,1776898652000
1776898654.744,154.744,0.58,0.59,0.41,0.42,0.01,0.01,78585.98,1776898653000
1776898655.377,155.377,0.58,0.59,0.41,0.42,0.01,0.01,78585.98,1776898654000
1776898655.739,155.739,0.58,0.59,0.41,0.42,0.01,0.01,78585.98,1776898654000
1776898656.129,156.129,0.58,0.59,0.41,0.42,0.01,0.01,78585.98,1776898654000
1776898657.351,157.351,0.58,0.59,0.41,0.42,0.01,0.01,78586.08,1776898655000
1776898657.703,157.703,0.58,0.59,0.41,0.42,0.01,0.01,78586.08,1776898656000
1776898658.163,158.163,0.58,0.59,0.41,0.43,0.01,0.02,78586.08,1776898656000
1776898658.528,158.528,0.58,0.59,0.41,0.42,0.01,0.01,78586.08,1776898656000
1776898658.945,158.945,0.59,0.6,0.4,0.42,0.01,0.02,78585.4,1776898657000
1776898659.562,159.562,0.59,0.6,0.4,0.41,0.01,0.01,78585.36,1776898658000
1776898660.159,160.159,0.59,0.6,0.4,0.41,0.01,0.01,78585.33,1776898659000
1776898660.897,160.897,0.59,0.6,0.4,0.41,0.01,0.01,78585.33,1776898659000
1776898661.449,161.449,0.59,0.6,0.4,0.41,0.01,0.01,78585.34,1776898660000
1776898662.12,162.12,0.59,0.6,0.4,0.41,0.01,0.01,78585.42,1776898661000
1776898662.498,162.498,0.59,0.6,0.4,0.41,0.01,0.01,78585.42,1776898661000
1776898662.843,162.843,0.59,0.6,0.4,0.41,0.01,0.01,78585.42,1776898661000
1776898663.583,163.583,0.59,0.6,0.4,0.41,0.01,0.01,78585.41,1776898662000
1776898663.985,163.985,0.59,0.6,0.4,0.41,0.01,0.01,78586.01,1776898663000
1776898664.336,164.336,0.59,0.6,0.4,0.41,0.01,0.01,78586.01,1776898663000
1776898664.942,164.942,0.59,0.6,0.4,0.41,0.01,0.01,78586.01,1776898664000
1776898665.495,165.495,0.59,0.6,0.39,0.41,0.01,0.02,78586.01,1776898664000
1776898665.911,165.911,0.59,0.6,0.4,0.41,0.01,0.01,78586.01,1776898664000
1776898666.446,166.446,0.59,0.6,0.4,0.41,0.01,0.01,78586.01,1776898665000
1776898666.835,166.835,0.59,0.6,0.4,0.41,0.01,0.01,78586.01,1776898665000
1776898667.256,167.256,0.59,0.6,0.4,0.41,0.01,0.01,78586.08,1776898666000
1776898667.855,167.855,0.59,0.6,0.4,0.41,0.01,0.01,78586.08,1776898666000
1776898668.716,168.716,0.6,0.61,0.4,0.41,0.01,0.01,78586.09,1776898667000
1776898669.084,169.084,0.6,0.61,0.39,0.4,0.01,0.01,78585.5,1776898668000
1776898669.89,169.89,0.6,0.61,0.39,0.4,0.01,0.01,78585.5,1776898668000
1776898670.271,170.271,0.6,0.61,0.38,0.4,0.01,0.02,78585.5,1776898668000
1776898670.678,170.678,0.6,0.61,0.39,0.4,0.01,0.01,78585.1,1776898669000
1776898671.171,171.171,0.61,0.62,0.38,0.39,0.01,0.01,78585.1,1776898669000
1776898672.075,172.075,0.61,0.62,0.38,0.39,0.01,0.01,78584.75,1776898670000
1776898672.679,172.679,0.61,0.62,0.38,0.39,0.01,0.01,78584.82,1776898671000
1776898673.235,173.235,0.61,0.62,0.38,0.39,0.01,0.01,78584.82,1776898671000
1776898673.62,173.62,0.61,0.62,0.38,0.39,0.01,0.01,78584.82,1776898672000
1776898674.626,174.626,0.61,0.62,0.38,0.39,0.01,0.01,78584.82,1776898672000
1776898675.066,175.066,0.61,0.62,0.38,0.39,0.01,0.01,78585.26,1776898673000
1776898675.415,175.415,0.61,0.62,0.38,0.39,0.01,0.01,78585.46,1776898674000
1776898676.081,176.081,0.61,0.62,0.38,0.39,0.01,0.01,78585.46,1776898674000
1776898676.567,176.567,0.61,0.62,0.38,0.39,0.01,0.01,78585.46,1776898675000
1776898676.995,176.995,0.6,0.62,0.38,0.39,0.02,0.01,78585.46,1776898675000
1776898677.369,177.369,0.6,0.62,0.38,0.4,0.02,0.02,78585.49,1776898676000
1776898677.998,177.998,0.6,0.62,0.38,0.4,0.02,0.02,78585.49,1776898677000
1776898678.38,178.38,0.61,0.62,0.38,0.39,0.01,0.01,78585.49,1776898677000
1776898678.774,178.774,0.61,0.62,0.38,0.39,0.01,0.01,78585.49,1776898677000
1776898679.187,179.187,0.61,0.62,0.38,0.39,0.01,0.01,78585.49,1776898677000
1776898679.867,179.867,0.61,0.62,0.38,0.39,0.01,0.01,78585.49,1776898678000
1776898680.409,180.409,0.61,0.62,0.38,0.39,0.01,0.01,78585.49,1776898679000
1776898680.982,180.982,0.61,0.62,0.38,0.39,0.01,0.01,78585.49,1776898679000
1776898681.49,181.49,0.61,0.62,0.38,0.39,0.01,0.01,78585.29,1776898680000
1776898681.873,181.873,0.61,0.62,0.38,0.39,0.01,0.01,78585.29,1776898680000
1776898682.241,182.241,0.61,0.62,0.38,0.39,0.01,0.01,78585.29,1776898680000
1776898682.704,182.704,0.61,0.62,0.38,0.39,0.01,0.01,78584.99,1776898681000
1776898683.232,183.232,0.61,0.62,0.38,0.39,0.01,0.01,78584.99,1776898681000
1776898684.073,184.073,0.61,0.62,0.38,0.39,0.01,0.01,78584.98,1776898682000
1776898684.469,184.469,0.61,0.62,0.38,0.39,0.01,0.01,78584.99,1776898683000
1776898684.918,184.918,0.6,0.62,0.38,0.39,0.02,0.01,78584.99,1776898683000
1776898685.27,185.27,0.6,0.61,0.39,0.4,0.01,0.01,78585.06,1776898684000
1776898686.204,186.204,0.6,0.61,0.39,0.4,0.01,0.01,78585.06,1776898684000
1776898686.58,186.58,0.62,0.63,0.37,0.38,0.01,0.01,78585.6,1776898685000
1776898687.309,187.309,0.62,0.63,0.37,0.38,0.01,0.01,78585.59,1776898686000
1776898687.719,187.719,0.62,0.63,0.37,0.38,0.01,0.01,78585.59,1776898686000
1776898688.884,188.884,0.62,0.63,0.37,0.38,0.01,0.01,78585.84,1776898687000
1776898689.56,189.56,0.63,0.64,0.37,0.38,0.01,0.01,78585.84,1776898687000
1776898690.218,190.218,0.63,0.64,0.36,0.37,0.01,0.01,78585.93,1776898689000
1776898690.579,190.579,0.63,0.64,0.36,0.37,0.01,0.01,78585.93,1776898689000
1776898691.047,191.047,0.63,0.64,0.36,0.37,0.01,0.01,78585.93,1776898689000
1776898691.679,191.679,0.63,0.64,0.36,0.37,0.01,0.01,78585.93,1776898690000
1776898692.17,192.17,0.63,0.64,0.36,0.37,0.01,0.01,78585.93,1776898690000
1776898692.543,192.543,0.63,0.64,0.36,0.37,0.01,0.01,78586.01,1776898691000
1776898692.9,192.9,0.63,0.64,0.36,0.37,0.01,0.01,78586.21,1776898692000
1776898693.234,193.234,0.63,0.64,0.36,0.37,0.01,0.01,78586.21,1776898692000
1776898693.786,193.786,0.63,0.64,0.36,0.37,0.01,0.01,78586.21,1776898692000
1776898694.335,194.335,0.63,0.64,0.36,0.37,0.01,0.01,78586.21,1776898692000
1776898694.894,194.894,0.63,0.64,0.36,0.37,0.01,0.01,78586.22,1776898693000
1776898695.287,195.287,0.63,0.64,0.36,0.37,0.01,0.01,78586.35,1776898694000
1776898695.682,195.682,0.63,0.64,0.36,0.37,0.01,0.01,78586.35,1776898694000
1776898696.041,196.041,0.63,0.65,0.36,0.37,0.02,0.01,78586.35,1776898694000
1776898696.518,196.518,0.64,0.65,0.35,0.36,0.01,0.01,78586.35,1776898694000
1776898697.148,197.148,0.64,0.65,0.35,0.36,0.01,0.01,78586.38,1776898695000
1776898697.599,197.599,0.64,0.65,0.35,0.36,0.01,0.01,78586.41,1776898696000
1776898698.287,198.287,0.64,0.65,0.35,0.36,0.01,0.01,78586.42,1776898697000
1776898698.684,198.684,0.64,0.65,0.35,0.36,0.01,0.01,78586.42,1776898697000
1776898699.407,199.407,0.64,0.65,0.35,0.36,0.01,0.01,78586.54,1776898698000
1776898699.986,199.986,0.64,0.65,0.35,0.36,0.01,0.01,78586.54,1776898698000
1776898700.56,200.56,0.64,0.65,0.35,0.36,0.01,0.01,78586.53,1776898699000
1776898701.257,201.257,0.64,0.65,0.35,0.36,0.01,0.01,78586.54,1776898700000
1776898702.101,202.101,0.64,0.65,0.35,0.36,0.01,0.01,78586.54,1776898700000
1776898702.6,202.6,0.64,0.65,0.35,0.36,0.01,0.01,78586.54,1776898701000
1776898703.045,203.045,0.64,0.65,0.35,0.36,0.01,0.01,78586.54,1776898702000
1776898703.403,203.403,0.64,0.65,0.35,0.36,0.01,0.01,78586.54,1776898702000
1776898704.339,204.339,0.64,0.65,0.35,0.36,0.01,0.01,78586.47,1776898703000
1776898704.687,204.687,0.75,0.76,0.24,0.25,0.01,0.01,78586.47,1776898703000
1776898705.035,205.035,0.75,0.76,0.24,0.25,0.01,0.01,78586.47,1776898704000
1776898705.394,205.394,0.76,0.77,0.23,0.25,0.01,0.02,78586.47,1776898704000
1776898705.876,205.876,0.76,0.77,0.23,0.24,0.01,0.01,78586.47,1776898704000
1776898706.243,206.243,0.76,0.77,0.23,0.24,0.01,0.01,78586.71,1776898705000
1776898706.596,206.596,0.75,0.77,0.23,0.24,0.02,0.01,78586.71,1776898705000
1776898706.957,206.957,0.75,0.76,0.24,0.25,0.01,0.01,78591.35,1776898706000
1776898707.32,207.32,0.75,0.76,0.24,0.25,0.01,0.01,78591.35,1776898706000
1776898707.665,207.665,0.75,0.76,0.24,0.25,0.01,0.01,78591.35,1776898706000
1776898708.089,208.089,0.75,0.76,0.24,0.25,0.01,0.01,78592.93,1776898707000
1776898708.52,208.52,0.75,0.78,0.24,0.25,0.03,0.01,78592.93,1776898707000
1776898708.861,208.861,0.85,0.87,0.14,0.16,0.02,0.02,78592.93,1776898707000
1776898709.194,209.194,0.85,0.86,0.14,0.15,0.01,0.01,78595.31,1776898708000
1776898709.538,209.538,0.85,0.86,0.14,0.15,0.01,0.01,78595.31,1776898708000
1776898709.909,209.909,0.85,0.86,0.14,0.15,0.01,0.01,78595.31,1776898708000
1776898710.297,210.297,0.85,0.86,0.14,0.15,0.01,0.01,78602.31,1776898709000
1776898710.646,210.646,0.85,0.86,0.14,0.15,0.01,0.01,78602.31,1776898709000
1776898711.076,211.076,0.85,0.86,0.14,0.15,0.01,0.01,78602.31,1776898709000
1776898711.409,211.409,0.71,0.74,0.26,0.29,0.03,0.03,78606.91,1776898710000
1776898711.757,211.757,0.79,0.82,0.19,0.22,0.03,0.03,78606.91,1776898710000
1776898712.093,212.093,0.81,0.83,0.17,0.2,0.02,0.03,78606.91,1776898710000
1776898712.434,212.434,0.82,0.83,0.17,0.18,0.01,0.01,78606.91,1776898710000
1776898712.786,212.786,0.82,0.83,0.17,0.18,0.01,0.01,78607.52,1776898711000
1776898713.181,213.181,0.82,0.83,0.17,0.18,0.01,0.01,78607.52,1776898711000
1776898713.526,213.526,0.82,0.83,0.17,0.18,0.01,0.01,78605.81,1776898712000
1776898714.034,214.034,0.82,0.83,0.17,0.18,0.01,0.01,78605.81,1776898712000
1776898714.402,214.402,0.82,0.83,0.17,0.18,0.01,0.01,78604.23,1776898713000
1776898714.755,214.755,0.82,0.83,0.17,0.18,0.01,0.01,78604.23,1776898713000
1776898715.134,215.134,0.82,0.83,0.17,0.18,0.01,0.01,78604.23,1776898713000
1776898715.489,215.489,0.83,0.86,0.16,0.17,0.03,0.01,78604.19,1776898714000
1776898715.863,215.863,0.85,0.86,0.14,0.15,0.01,0.01,78604.19,1776898714000
1776898716.197,216.197,0.87,0.9,0.1,0.13,0.03,0.03,78604.19,1776898714000
1776898716.537,216.537,0.9,0.91,0.09,0.1,0.01,0.01,78604.1,1776898715000
1776898717.154,217.154,0.9,0.91,0.09,0.1,0.01,0.01,78604.09,1776898716000
1776898717.502,217.502,0.9,0.91,0.09,0.1,0.01,0.01,78604.09,1776898716000
1776898717.85,217.85,0.9,0.91,0.09,0.1,0.01,0.01,78604.09,1776898716000
1776898718.278,218.278,0.9,0.92,0.08,0.1,0.02,0.02,78611.16,1776898717000
1776898718.63,218.63,0.91,0.92,0.08,0.09,0.01,0.01,78611.16,1776898717000
1776898718.976,218.976,0.91,0.92,0.08,0.09,0.01,0.01,78611.16,1776898717000
1776898719.365,219.365,0.91,0.92,0.08,0.09,0.01,0.01,78615.36,1776898718000
1776898719.788,219.788,0.91,0.92,0.08,0.09,0.01,0.01,78615.36,1776898718000
1776898720.298,220.298,0.92,0.93,0.07,0.08,0.01,0.01,78615.57,1776898719000
1776898720.633,220.633,0.92,0.93,0.07,0.08,0.01,0.01,78615.57,1776898719000
1776898721.358,221.358,0.92,0.93,0.07,0.08,0.01,0.01,78615.57,1776898719000
1776898721.797,221.797,0.92,0.93,0.07,0.08,0.01,0.01,78615.96,1776898720000
1776898722.388,222.388,0.92,0.93,0.07,0.08,0.01,0.01,78618.23,1776898721000
1776898723.01,223.01,0.92,0.93,0.07,0.08,0.01,0.01,78619.85,1776898722000
1776898723.963,223.963,0.92,0.94,0.06,0.08,0.02,0.02,78621.49,1776898723000
1776898724.399,224.399,0.92,0.95,0.06,0.08,0.03,0.02,78621.49,1776898723000
1776898724.746,224.746,0.92,0.94,0.05,0.08,0.02,0.03,78621.49,1776898723000
1776898725.137,225.137,0.93,0.94,0.05,0.07,0.01,0.02,78622.04,1776898724000
1776898725.595,225.595,0.93,0.94,0.06,0.07,0.01,0.01,78622.04,1776898724000
1776898725.972,225.972,0.93,0.94,0.06,0.07,0.01,0.01,78622.04,1776898724000
1776898726.45,226.45,0.93,0.94,0.06,0.07,0.01,0.01,78623.34,1776898725000
1776898726.816,226.816,0.93,0.94,0.06,0.07,0.01,0.01,78623.34,1776898725000
1776898727.182,227.182,0.93,0.94,0.06,0.07,0.01,0.01,78622.8,1776898726000
1776898727.603,227.603,0.93,0.94,0.06,0.07,0.01,0.01,78622.8,1776898726000
1776898727.976,227.976,0.93,0.94,0.06,0.07,0.01,0.01,78622.8,1776898726000
1776898728.521,228.521,0.93,0.94,0.06,0.07,0.01,0.01,78622.59,1776898727000
1776898728.913,228.913,0.93,0.94,0.06,0.07,0.01,0.01,78622.59,1776898727000
1776898729.48,229.48,0.93,0.94,0.06,0.08,0.01,0.02,78620.19,1776898728000
1776898729.83,229.83,0.93,0.94,0.06,0.07,0.01,0.01,78620.19,1776898728000
1776898730.273,230.273,0.93,0.94,0.06,0.07,0.01,0.01,78620.19,1776898728000
1776898730.828,230.828,0.93,0.94,0.06,0.07,0.01,0.01,78618.42,1776898729000
1776898731.348,231.348,0.93,0.94,0.06,0.07,0.01,0.01,78618.42,1776898729000
1776898731.861,231.861,0.93,0.94,0.06,0.07,0.01,0.01,78618.42,1776898730000
1776898732.27,232.27,0.93,0.95,0.06,0.07,0.02,0.01,78618.35,1776898731000
1776898732.658,232.658,0.94,0.95,0.05,0.06,0.01,0.01,78618.35,1776898731000
1776898733.257,233.257,0.94,0.95,0.05,0.06,0.01,0.01,78618.35,1776898731000
1776898733.631,233.631,0.94,0.95,0.05,0.06,0.01,0.01,78618.99,1776898732000
1776898734.056,234.056,0.94,0.95,0.05,0.06,0.01,0.01,78618.99,1776898733000
1776898734.725,234.725,0.94,0.95,0.05,0.06,0.01,0.01,78618.99,1776898733000
1776898735.352,235.352,0.94,0.95,0.05,0.06,0.01,0.01,78620.04,1776898734000
1776898735.715,235.715,0.94,0.95,0.05,0.06,0.01,0.01,78620.04,1776898734000
1776898736.107,236.107,0.94,0.95,0.05,0.06,0.01,0.01,78618.65,1776898735000
1776898736.469,236.469,0.94,0.95,0.05,0.06,0.01,0.01,78618.65,1776898735000
1776898736.85,236.85,0.94,0.95,0.05,0.06,0.01,0.01,78618.65,1776898735000
1776898737.228,237.228,0.94,0.95,0.05,0.07,0.01,0.02,78618.65,1776898735000
1776898738.36,238.36,0.94,0.95,0.05,0.06,0.01,0.01,78618.35,1776898736000
1776898738.796,238.796,0.94,0.95,0.05,0.06,0.01,0.01,78618.35,1776898736000
1776898739.222,239.222,0.94,0.95,0.05,0.06,0.01,0.01,78618.4,1776898738000
1776898739.599,239.599,0.94,0.95,0.05,0.06,0.01,0.01,78618.4,1776898738000
1776898740.043,240.043,0.94,0.95,0.05,0.06,0.01,0.01,78618.4,1776898738000
1776898740.387,240.387,0.94,0.95,0.05,0.06,0.01,0.01,78618.29,1776898739000
1776898740.729,240.729,0.94,0.95,0.05,0.06,0.01,0.01,78618.29,1776898739000
1776898741.515,241.515,0.94,0.95,0.05,0.06,0.01,0.01,78618.28,1776898740000
1776898741.915,241.915,0.94,0.95,0.05,0.06,0.01,0.01,78618.28,1776898740000
1776898742.284,242.284,0.94,0.95,0.05,0.06,0.01,0.01,78619.69,1776898741000
1776898742.869,242.869,0.94,0.95,0.05,0.06,0.01,0.01,78619.69,1776898741000
1776898743.214,243.214,0.94,0.95,0.05,0.06,0.01,0.01,78619.69,1776898742000
1776898743.697,243.697,0.94,0.95,0.05,0.06,0.01,0.01,78619.69,1776898742000
1776898744.113,244.113,0.94,0.95,0.05,0.06,0.01,0.01,78619.69,1776898742000
1776898744.613,244.613,0.94,0.95,0.05,0.06,0.01,0.01,78620.46,1776898743000
1776898745.18,245.18,0.94,0.95,0.05,0.06,0.01,0.01,78620.46,1776898743000
1776898745.565,245.565,0.94,0.96,0.04,0.06,0.02,0.02,78620.52,1776898744000
1776898746.094,246.094,0.95,0.96,0.04,0.05,0.01,0.01,78620.52,1776898744000
1776898746.758,246.758,0.95,0.96,0.04,0.05,0.01,0.01,78619.59,1776898745000
1776898747.306,247.306,0.95,0.96,0.04,0.05,0.01,0.01,78619.59,1776898745000
1776898747.968,247.968,0.95,0.96,0.04,0.05,0.01,0.01,78619.16,1776898746000
1776898748.389,248.389,0.95,0.96,0.04,0.05,0.01,0.01,78619.16,1776898746000
1776898748.794,248.794,0.95,0.96,0.04,0.05,0.01,0.01,78618.41,1776898747000
1776898749.403,249.403,0.95,0.96,0.04,0.05,0.01,0.01,78618.35,1776898748000
1776898750.074,250.074,0.95,0.96,0.04,0.05,0.01,0.01,78618.79,1776898749000
1776898750.522,250.522,0.95,0.96,0.04,0.05,0.01,0.01,78618.79,1776898749000
1776898751.141,251.141,0.96,0.97,0.03,0.05,0.01,0.02,78618.79,1776898749000
1776898751.491,251.491,0.96,0.97,0.03,0.04,0.01,0.01,78618.81,1776898750000
1776898751.827,251.827,0.96,0.97,0.03,0.04,0.01,0.01,78618.81,1776898750000
1776898752.183,252.183,0.96,0.97,0.03,0.04,0.01,0.01,78618.81,1776898751000
1776898752.659,252.659,0.96,0.97,0.03,0.04,0.01,0.01,78618.81,1776898751000
1776898753.034,253.034,0.96,0.97,0.03,0.04,0.01,0.01,78618.81,1776898751000
1776898753.398,253.398,0.96,0.97,0.03,0.04,0.01,0.01,78618.63,1776898752000
1776898753.751,253.751,0.96,0.97,0.03,0.04,0.01,0.01,78618.63,1776898752000
1776898754.177,254.177,0.96,0.97,0.03,0.04,0.01,0.01,78619.65,1776898753000
1776898754.8,254.8,0.96,0.97,0.03,0.04,0.01,0.01,78619.65,1776898753000
1776898755.243,255.243,0.96,0.97,0.03,0.04,0.01,0.01,78620.59,1776898754000
1776898755.628,255.628,0.96,0.97,0.03,0.04,0.01,0.01,78620.59,1776898754000
1776898756.06,256.06,0.96,0.97,0.03,0.04,0.01,0.01,78620.59,1776898754000
1776898756.416,256.416,0.96,0.97,0.03,0.04,0.01,0.01,78620.3,1776898755000
1776898756.877,256.877,0.96,0.97,0.03,0.04,0.01,0.01,78620.3,1776898755000
1776898757.261,257.261,0.96,0.97,0.03,0.04,0.01,0.01,78620.51,1776898756000
1776898757.647,257.647,0.96,0.97,0.03,0.04,0.01,0.01,78620.51,1776898756000
1776898758.093,258.093,0.96,0.97,0.03,0.04,0.01,0.01,78620.51,1776898756000
1776898758.456,258.456,0.96,0.97,0.03,0.04,0.01,0.01,78620.53,1776898757000
1776898758.863,258.863,0.96,0.97,0.03,0.04,0.01,0.01,78620.53,1776898757000
1776898759.204,259.204,0.96,0.97,0.03,0.04,0.01,0.01,78620.53,1776898757000
1776898759.702,259.702,0.96,0.97,0.03,0.04,0.01,0.01,78620.03,1776898758000
1776898760.263,260.263,0.96,0.97,0.03,0.04,0.01,0.01,78621.45,1776898759000
1776898760.597,260.597,0.96,0.97,0.03,0.04,0.01,0.01,78621.45,1776898759000
1776898761.004,261.004,0.96,0.97,0.03,0.04,0.01,0.01,78621.45,1776898759000
1776898761.384,261.384,0.96,0.97,0.03,0.04,0.01,0.01,78621.39,1776898760000
1776898762.116,262.116,0.96,0.97,0.03,0.04,0.01,0.01,78621.39,1776898760000
1776898762.483,262.483,0.96,0.97,0.03,0.04,0.01,0.01,78621.39,1776898760000
1776898762.87,262.87,0.96,0.97,0.03,0.04,0.01,0.01,78621.36,1776898761000
1776898763.336,263.336,0.96,0.97,0.03,0.04,0.01,0.01,78621.36,1776898762000
1776898763.976,263.976,0.96,0.97,0.03,0.04,0.01,0.01,78621.36,1776898762000
1776898764.398,264.398,0.96,0.97,0.03,0.04,0.01,0.01,78621.77,1776898763000
1776898764.869,264.869,0.97,0.98,0.02,0.03,0.01,0.01,78621.77,1776898763000
1776898765.553,265.553,0.97,0.98,0.02,0.03,0.01,0.01,78621.77,1776898763000
1776898765.892,265.892,0.97,0.98,0.02,0.03,0.01,0.01,78622.56,1776898764000
1776898766.365,266.365,0.97,0.98,0.02,0.03,0.01,0.01,78622.15,1776898765000
1776898766.756,266.756,0.98,0.99,0.01,0.02,0.01,0.01,78622.15,1776898765000
1776898767.098,267.098,0.98,0.99,0.01,0.02,0.01,0.01,78622.15,1776898765000
1776898767.448,267.448,0.98,0.99,0.01,0.02,0.01,0.01,78622.14,1776898766000
1776898767.782,267.782,0.98,0.99,0.01,0.02,0.01,0.01,78622.14,1776898766000
1776898768.131,268.131,0.98,0.99,0.01,0.02,0.01,0.01,78622.14,1776898766000
1776898768.467,268.467,0.99,0.99,0.01,0.01,0.0,0.0,78628.43,1776898767000
1776898768.821,268.821,0.99,0.99,0.01,0.01,0.0,0.0,78628.43,1776898767000
1776898769.172,269.172,0.99,0.99,0.01,0.01,0.0,0.0,78636.97,1776898768000
1776898770.087,270.087,0.99,0.99,0.01,0.01,0.0,0.0,78636.97,1776898768000
1776898771.223,271.223,0.99,0.99,0.01,0.01,0.0,0.0,78646.46,1776898769000
1776898771.993,271.993,0.99,0.99,0.01,0.01,0.0,0.0,78649.88,1776898770000
1776898773.209,273.209,0.99,0.99,0.01,0.01,0.0,0.0,78653.82,1776898772000
1776898773.958,273.958,0.99,0.99,0.01,0.01,0.0,0.0,78653.82,1776898772000
1776898774.436,274.436,0.99,0.99,0.01,0.01,0.0,0.0,78653.82,1776898773000
1776898774.962,274.962,0.99,0.99,0.01,0.01,0.0,0.0,78653.56,1776898774000
1776898775.356,275.356,0.99,0.99,0.01,0.01,0.0,0.0,78653.56,1776898774000
1776898775.937,275.937,0.99,0.99,0.01,0.01,0.0,0.0,78653.56,1776898774000
1776898776.679,276.679,0.99,0.99,0.01,0.01,0.0,0.0,78652.26,1776898775000
1776898777.253,277.253,0.99,0.99,0.01,0.01,0.0,0.0,78652.26,1776898776000
1776898777.823,277.823,0.99,0.99,0.01,0.01,0.0,0.0,78652.26,1776898776000
1776898778.342,278.342,0.99,0.99,0.01,0.01,0.0,0.0,78652.16,1776898777000
1776898779.008,279.008,0.99,0.99,0.01,0.01,0.0,0.0,78652.26,1776898778000
1776898779.931,279.931,0.99,0.99,0.01,0.01,0.0,0.0,78652.56,1776898779000
1776898780.352,280.352,0.99,0.99,0.01,0.01,0.0,0.0,78652.56,1776898779000
1776898781.065,281.065,0.99,0.99,0.01,0.01,0.0,0.0,78652.74,1776898780000
1776898781.422,281.422,0.99,0.99,0.01,0.01,0.0,0.0,78652.74,1776898780000
1776898782.127,282.127,0.99,0.99,0.01,0.01,0.0,0.0,78652.48,1776898781000
1776898783.182,283.182,0.99,0.99,0.01,0.01,0.0,0.0,78652.48,1776898782000
1776898784.032,284.032,0.99,0.99,0.01,0.01,0.0,0.0,78652.48,1776898782000
1776898785.416,285.416,0.99,0.99,0.01,0.01,0.0,0.0,78651.52,1776898784000
1776898785.944,285.944,0.99,0.99,0.01,0.01,0.0,0.0,78651.61,1776898785000
1776898786.595,286.595,0.99,0.99,0.01,0.01,0.0,0.0,78651.61,1776898785000
1776898786.932,286.932,0.99,0.99,0.01,0.01,0.0,0.0,78649.58,1776898786000
1776898788.01,288.01,0.99,0.99,0.01,0.01,0.0,0.0,78650.33,1776898787000
1776898788.815,288.815,0.99,0.99,0.01,0.01,0.0,0.0,78650.33,1776898787000
1776898789.559,289.559,0.99,0.99,0.01,0.01,0.0,0.0,78650.62,1776898788000
1776898792.003,292.003,0.99,0.99,0.01,0.01,0.0,0.0,78650.26,1776898790000
1776898792.645,292.645,0.99,0.99,0.01,0.01,0.0,0.0,78650.26,1776898791000
1776898793.016,293.016,0.99,0.99,0.01,0.01,0.0,0.0,78650.26,1776898792000
1776898793.64,293.64,0.99,0.99,0.01,0.01,0.0,0.0,78650.26,1776898792000
1776898794.011,294.011,0.99,0.99,0.01,0.01,0.0,0.0,78650.26,1776898793000
1776898794.644,294.644,0.99,0.99,0.01,0.01,0.0,0.0,78650.26,1776898793000
1776898795.972,295.972,0.99,0.99,0.01,0.01,0.0,0.0,78650.16,1776898795000
1776898796.648,296.648,0.99,0.99,0.01,0.01,0.0,0.0,78650.16,1776898795000
1776898797.003,297.003,0.99,0.99,0.01,0.01,0.0,0.0,78643.86,1776898796000
1776898798.045,298.045,0.99,0.99,0.01,0.01,0.0,0.0,78641.44,1776898797000
1776898799.108,299.108,0.99,0.99,0.01,0.01,0.0,0.0,78636.75,1776898798000
1776898799.64,299.64,0.99,0.99,0.01,0.01,0.0,0.0,78636.75,1776898798000
1776898800.163,300.163,0.99,0.99,0.01,0.01,0.0,0.0,78636.75,1776898798000
1776898800.751,300.751,0.99,0.99,0.01,0.01,0.0,0.0,78635.93,1776898799000

# RESULT,winner=Up,slug=btc-updown-5m-1776898500,ticks=610
