timestamp,elapsed_sec,up_bid,up_ask,down_bid,down_ask,up_spread,down_spread,btc_price,btc_oracle_ts
1777100700.623,0.623,0.57,0.58,0.42,0.43,0.01,0.01,77484.94,1777100699000
1777100701.041,1.041,0.56,0.57,0.43,0.44,0.01,0.01,77484.94,1777100699000
1777100701.443,1.443,0.56,0.57,0.43,0.44,0.01,0.01,77484.94,1777100699000
1777100702.193,2.193,0.56,0.57,0.43,0.44,0.01,0.01,77482.33,1777100700000
1777100702.85,2.85,0.56,0.57,0.43,0.44,0.01,0.01,77482.37,1777100701000
1777100703.203,3.203,0.56,0.57,0.43,0.44,0.01,0.01,77482.37,1777100701000
1777100703.57,3.57,0.56,0.57,0.43,0.44,0.01,0.01,77482.37,1777100702000
1777100703.952,3.952,0.56,0.57,0.43,0.44,0.01,0.01,77482.37,1777100702000
1777100704.302,4.302,0.54,0.56,0.44,0.45,0.02,0.01,77482.37,1777100702000
1777100704.668,4.668,0.54,0.55,0.45,0.46,0.01,0.01,77482.37,1777100702000
1777100705.025,5.025,0.54,0.55,0.45,0.46,0.01,0.01,77484.46,1777100703000
1777100705.423,5.423,0.54,0.55,0.45,0.46,0.01,0.01,77484.46,1777100703000
1777100705.789,5.789,0.53,0.54,0.46,0.47,0.01,0.01,77482.26,1777100704000
1777100706.134,6.134,0.52,0.53,0.46,0.47,0.01,0.01,77482.26,1777100704000
1777100706.475,6.475,0.52,0.53,0.47,0.48,0.01,0.01,77484.37,1777100705000
1777100706.829,6.829,0.52,0.53,0.47,0.48,0.01,0.01,77484.37,1777100705000
1777100707.167,7.167,0.52,0.53,0.47,0.48,0.01,0.01,77484.37,1777100705000
1777100707.64,7.64,0.52,0.53,0.47,0.48,0.01,0.01,77484.37,1777100705000
1777100708.142,8.142,0.52,0.53,0.47,0.48,0.01,0.01,77482.26,1777100706000
1777100708.566,8.566,0.52,0.53,0.47,0.48,0.01,0.01,77482.26,1777100706000
1777100708.989,8.989,0.52,0.53,0.47,0.48,0.01,0.01,77483.88,1777100707000
1777100709.376,9.376,0.52,0.53,0.47,0.48,0.01,0.01,77484.67,1777100708000
1777100709.923,9.923,0.52,0.53,0.47,0.48,0.01,0.01,77484.67,1777100708000
1777100710.272,10.272,0.52,0.53,0.47,0.48,0.01,0.01,77484.67,1777100708000
1777100710.631,10.631,0.52,0.53,0.47,0.48,0.01,0.01,77484.67,1777100709000
1777100710.971,10.971,0.52,0.53,0.47,0.48,0.01,0.01,77484.67,1777100709000
1777100711.347,11.347,0.52,0.53,0.47,0.48,0.01,0.01,77484.67,1777100709000
1777100711.682,11.682,0.52,0.53,0.47,0.48,0.01,0.01,77484.61,1777100710000
1777100712.071,12.071,0.52,0.53,0.47,0.48,0.01,0.01,77484.61,1777100710000
1777100712.552,12.552,0.52,0.53,0.47,0.48,0.01,0.01,77484.61,1777100710000
1777100713.087,13.087,0.52,0.53,0.47,0.48,0.01,0.01,77484.66,1777100711000
1777100713.446,13.446,0.52,0.53,0.47,0.48,0.01,0.01,77484.72,1777100712000
1777100713.786,13.786,0.64,0.67,0.33,0.36,0.03,0.03,77484.72,1777100712000
1777100714.191,14.191,0.66,0.68,0.33,0.34,0.02,0.01,77484.72,1777100712000
1777100714.545,14.545,0.67,0.68,0.32,0.33,0.01,0.01,77484.72,1777100712000
1777100714.98,14.98,0.67,0.68,0.32,0.33,0.01,0.01,77484.72,1777100713000
1777100715.763,15.763,0.67,0.68,0.32,0.33,0.01,0.01,77487.07,1777100714000
1777100716.193,16.193,0.67,0.68,0.32,0.33,0.01,0.01,77487.07,1777100714000
1777100716.631,16.631,0.67,0.68,0.32,0.33,0.01,0.01,77492.87,1777100715000
1777100716.982,16.982,0.67,0.68,0.32,0.33,0.01,0.01,77492.87,1777100715000
1777100717.419,17.419,0.67,0.68,0.32,0.33,0.01,0.01,77493.39,1777100716000
1777100717.785,17.785,0.67,0.68,0.32,0.33,0.01,0.01,77493.39,1777100716000
1777100718.343,18.343,0.68,0.69,0.31,0.32,0.01,0.01,77493.39,1777100716000
1777100718.775,18.775,0.69,0.7,0.29,0.31,0.01,0.02,77495.26,1777100717000
1777100719.112,19.112,0.69,0.7,0.3,0.31,0.01,0.01,77495.26,1777100717000
1777100719.508,19.508,0.69,0.7,0.3,0.31,0.01,0.01,77495.26,1777100718000
1777100719.846,19.846,0.7,0.71,0.29,0.3,0.01,0.01,77495.26,1777100718000
1777100720.24,20.24,0.7,0.71,0.29,0.3,0.01,0.01,77495.97,1777100719000
1777100720.58,20.58,0.7,0.71,0.29,0.3,0.01,0.01,77495.97,1777100719000
1777100720.918,20.918,0.71,0.73,0.27,0.29,0.02,0.02,77495.97,1777100719000
1777100721.261,21.261,0.72,0.73,0.27,0.28,0.01,0.01,77496.6,1777100720000
1777100721.708,21.708,0.72,0.73,0.27,0.28,0.01,0.01,77496.6,1777100720000
1777100722.345,22.345,0.73,0.74,0.26,0.28,0.01,0.02,77496.6,1777100720000
1777100723.038,23.038,0.73,0.74,0.26,0.27,0.01,0.01,77496.88,1777100721000
1777100723.384,23.384,0.73,0.74,0.26,0.27,0.01,0.01,77496.88,1777100721000
1777100724.267,24.267,0.73,0.74,0.26,0.27,0.01,0.01,77499.39,1777100722000
1777100724.611,24.611,0.73,0.74,0.26,0.27,0.01,0.01,77501.11,1777100723000
1777100724.962,24.962,0.74,0.75,0.25,0.26,0.01,0.01,77501.11,1777100723000
1777100725.47,25.47,0.74,0.75,0.25,0.26,0.01,0.01,77498.95,1777100724000
1777100725.842,25.842,0.74,0.75,0.25,0.26,0.01,0.01,77498.95,1777100724000
1777100726.541,26.541,0.74,0.75,0.25,0.26,0.01,0.01,77501.37,1777100725000
1777100726.904,26.904,0.74,0.75,0.25,0.26,0.01,0.01,77501.37,1777100725000
1777100727.276,27.276,0.74,0.75,0.25,0.26,0.01,0.01,77501.29,1777100726000
1777100727.797,27.797,0.74,0.75,0.25,0.26,0.01,0.01,77501.29,1777100726000
1777100728.26,28.26,0.74,0.75,0.25,0.26,0.01,0.01,77501.55,1777100727000
1777100728.754,28.754,0.74,0.75,0.25,0.26,0.01,0.01,77501.55,1777100727000
1777100729.232,29.232,0.74,0.75,0.25,0.26,0.01,0.01,77501.55,1777100727000
1777100729.644,29.644,0.74,0.75,0.25,0.26,0.01,0.01,77501.55,1777100727000
1777100730.285,30.285,0.74,0.75,0.25,0.26,0.01,0.01,77501.59,1777100728000
1777100730.753,30.753,0.74,0.75,0.25,0.26,0.01,0.01,77501.59,1777100728000
1777100731.574,31.574,0.74,0.75,0.25,0.26,0.01,0.01,77501.45,1777100730000
1777100731.975,31.975,0.75,0.76,0.24,0.26,0.01,0.02,77501.45,1777100730000
1777100732.592,32.592,0.74,0.75,0.24,0.26,0.01,0.02,77501.27,1777100731000
1777100733.412,33.412,0.75,0.76,0.24,0.25,0.01,0.01,77501.27,1777100731000
1777100733.756,33.756,0.75,0.76,0.24,0.25,0.01,0.01,77501.49,1777100732000
1777100734.253,34.253,0.75,0.76,0.24,0.25,0.01,0.01,77501.49,1777100733000
1777100734.675,34.675,0.74,0.75,0.25,0.26,0.01,0.01,77501.49,1777100733000
1777100735.641,35.641,0.74,0.75,0.25,0.26,0.01,0.01,77501.49,1777100733000
1777100735.997,35.997,0.74,0.75,0.25,0.26,0.01,0.01,77501.49,1777100734000
1777100736.627,36.627,0.74,0.75,0.25,0.26,0.01,0.01,77501.6,1777100735000
1777100737.188,37.188,0.74,0.75,0.25,0.26,0.01,0.01,77501.6,1777100735000
1777100737.84,37.84,0.74,0.75,0.25,0.26,0.01,0.01,77501.59,1777100736000
1777100738.379,38.379,0.73,0.74,0.26,0.27,0.01,0.01,77501.59,1777100736000
1777100738.725,38.725,0.73,0.74,0.26,0.27,0.01,0.01,77501.75,1777100737000
1777100739.41,39.41,0.73,0.74,0.26,0.27,0.01,0.01,77501.75,1777100737000
1777100740.109,40.109,0.73,0.74,0.26,0.27,0.01,0.01,77501.75,1777100739000
1777100740.504,40.504,0.73,0.74,0.26,0.27,0.01,0.01,77501.75,1777100739000
1777100741.474,41.474,0.73,0.74,0.26,0.27,0.01,0.01,77501.86,1777100740000
1777100741.976,41.976,0.73,0.74,0.26,0.27,0.01,0.01,77501.86,1777100740000
1777100742.404,42.404,0.73,0.74,0.26,0.27,0.01,0.01,77501.84,1777100741000
1777100743.501,43.501,0.73,0.74,0.26,0.27,0.01,0.01,77501.84,1777100741000
1777100744.259,44.259,0.73,0.74,0.26,0.27,0.01,0.01,77501.84,1777100742000
1777100744.836,44.836,0.74,0.75,0.25,0.27,0.01,0.02,77501.84,1777100743000
1777100745.708,45.708,0.74,0.75,0.25,0.26,0.01,0.01,77501.91,1777100744000
1777100746.062,46.062,0.74,0.75,0.25,0.26,0.01,0.01,77501.91,1777100744000
1777100746.59,46.59,0.74,0.75,0.25,0.26,0.01,0.01,77501.91,1777100745000
1777100746.951,46.951,0.74,0.75,0.25,0.26,0.01,0.01,77501.91,1777100745000
1777100747.293,47.293,0.74,0.75,0.25,0.26,0.01,0.01,77501.91,1777100746000
1777100747.882,47.882,0.74,0.75,0.25,0.26,0.01,0.01,77501.91,1777100746000
1777100748.383,48.383,0.74,0.75,0.25,0.26,0.01,0.01,77501.91,1777100746000
1777100748.978,48.978,0.74,0.75,0.25,0.26,0.01,0.01,77501.93,1777100748000
1777100749.603,49.603,0.74,0.75,0.25,0.26,0.01,0.01,77501.93,1777100748000
1777100749.952,49.952,0.64,0.65,0.33,0.36,0.01,0.03,77501.93,1777100748000
1777100750.326,50.326,0.62,0.63,0.37,0.38,0.01,0.01,77502.03,1777100749000
1777100750.805,50.805,0.62,0.63,0.37,0.38,0.01,0.01,77502.03,1777100749000
1777100751.184,51.184,0.62,0.63,0.37,0.38,0.01,0.01,77499.84,1777100750000
1777100751.534,51.534,0.62,0.63,0.37,0.38,0.01,0.01,77499.84,1777100750000
1777100752.076,52.076,0.62,0.63,0.37,0.38,0.01,0.01,77499.84,1777100750000
1777100752.732,52.732,0.62,0.63,0.37,0.38,0.01,0.01,77498.13,1777100751000
1777100753.123,53.123,0.62,0.63,0.37,0.38,0.01,0.01,77498.13,1777100751000
1777100753.603,53.603,0.62,0.63,0.37,0.38,0.01,0.01,77497.12,1777100752000
1777100754.228,54.228,0.62,0.63,0.37,0.38,0.01,0.01,77497.12,1777100752000
1777100755.45,55.45,0.62,0.63,0.37,0.38,0.01,0.01,77495.99,1777100753000
1777100755.96,55.96,0.62,0.63,0.37,0.38,0.01,0.01,77495.93,1777100754000
1777100756.34,56.34,0.62,0.63,0.37,0.38,0.01,0.01,77495.93,1777100755000
1777100756.91,56.91,0.62,0.63,0.37,0.38,0.01,0.01,77495.93,1777100755000
1777100757.313,57.313,0.62,0.63,0.37,0.38,0.01,0.01,77495.1,1777100756000
1777100758.395,58.395,0.62,0.63,0.37,0.38,0.01,0.01,77494.39,1777100757000
1777100759.404,59.404,0.62,0.63,0.37,0.38,0.01,0.01,77494.3,1777100758000
1777100759.779,59.779,0.62,0.63,0.37,0.38,0.01,0.01,77494.3,1777100758000
1777100760.123,60.123,0.62,0.63,0.37,0.38,0.01,0.01,77494.3,1777100759000
1777100760.575,60.575,0.62,0.63,0.37,0.38,0.01,0.01,77494.3,1777100759000
1777100760.969,60.969,0.62,0.63,0.37,0.38,0.01,0.01,77494.4,1777100760000
1777100761.449,61.449,0.62,0.63,0.37,0.38,0.01,0.01,77494.4,1777100760000
1777100762.443,62.443,0.62,0.65,0.35,0.38,0.03,0.03,77494.28,1777100761000
1777100762.822,62.822,0.64,0.65,0.35,0.36,0.01,0.01,77494.28,1777100761000
1777100763.953,63.953,0.64,0.65,0.35,0.36,0.01,0.01,77494.28,1777100762000
1777100764.483,64.483,0.63,0.64,0.36,0.37,0.01,0.01,77493.31,1777100763000
1777100765.263,65.263,0.63,0.64,0.36,0.37,0.01,0.01,77493.32,1777100764000
1777100765.609,65.609,0.63,0.64,0.36,0.37,0.01,0.01,77493.32,1777100764000
1777100766.302,66.302,0.63,0.64,0.36,0.37,0.01,0.01,77493.32,1777100764000
1777100766.643,66.643,0.63,0.65,0.35,0.37,0.02,0.02,77493.32,1777100764000
1777100767.104,67.104,0.66,0.67,0.33,0.34,0.01,0.01,77492.49,1777100766000
1777100768.064,68.064,0.66,0.67,0.33,0.34,0.01,0.01,77492.49,1777100766000
1777100768.552,68.552,0.65,0.66,0.33,0.35,0.01,0.02,77492.49,1777100767000
1777100768.961,68.961,0.65,0.66,0.34,0.35,0.01,0.01,77492.49,1777100767000
1777100769.371,69.371,0.65,0.66,0.34,0.35,0.01,0.01,77492.49,1777100767000
1777100769.757,69.757,0.65,0.66,0.34,0.35,0.01,0.01,77493.06,1777100768000
1777100770.437,70.437,0.65,0.66,0.34,0.35,0.01,0.01,77494.53,1777100769000
1777100770.98,70.98,0.65,0.66,0.34,0.35,0.01,0.01,77494.53,1777100770000
1777100771.495,71.495,0.66,0.67,0.33,0.34,0.01,0.01,77494.53,1777100770000
1777100772.091,72.091,0.66,0.67,0.33,0.34,0.01,0.01,77494.57,1777100771000
1777100773.165,73.165,0.66,0.67,0.33,0.34,0.01,0.01,77495.1,1777100772000
1777100773.657,73.657,0.66,0.67,0.33,0.34,0.01,0.01,77495.1,1777100772000
1777100774.003,74.003,0.66,0.67,0.33,0.34,0.01,0.01,77495.1,1777100772000
1777100774.471,74.471,0.66,0.67,0.33,0.34,0.01,0.01,77494.22,1777100773000
1777100775.293,75.293,0.66,0.67,0.33,0.34,0.01,0.01,77493.89,1777100774000
1777100775.839,75.839,0.66,0.67,0.33,0.34,0.01,0.01,77493.89,1777100774000
1777100776.612,76.612,0.66,0.67,0.33,0.34,0.01,0.01,77493.89,1777100774000
1777100777.12,77.12,0.66,0.67,0.33,0.34,0.01,0.01,77493.89,1777100774000
1777100777.609,77.609,0.66,0.67,0.33,0.34,0.01,0.01,77494.16,1777100776000
1777100777.972,77.972,0.66,0.67,0.33,0.34,0.01,0.01,77493.96,1777100777000
1777100778.316,78.316,0.66,0.67,0.33,0.34,0.01,0.01,77493.96,1777100777000
1777100778.84,78.84,0.66,0.67,0.33,0.34,0.01,0.01,77493.96,1777100777000
1777100779.201,79.201,0.65,0.66,0.34,0.35,0.01,0.01,77493.96,1777100777000
1777100779.746,79.746,0.65,0.66,0.34,0.35,0.01,0.01,77494.01,1777100778000
1777100780.167,80.167,0.65,0.66,0.34,0.35,0.01,0.01,77494.01,1777100778000
1777100780.623,80.623,0.66,0.67,0.34,0.35,0.01,0.01,77494.23,1777100779000
1777100781.028,81.028,0.66,0.67,0.33,0.34,0.01,0.01,77494.22,1777100780000
1777100781.73,81.73,0.66,0.67,0.33,0.34,0.01,0.01,77494.22,1777100780000
1777100782.619,82.619,0.66,0.67,0.33,0.34,0.01,0.01,77493.99,1777100781000
1777100783.106,83.106,0.66,0.67,0.33,0.34,0.01,0.01,77493.97,1777100782000
1777100783.547,83.547,0.66,0.67,0.33,0.34,0.01,0.01,77493.97,1777100782000
1777100783.952,83.952,0.66,0.68,0.32,0.34,0.02,0.02,77493.97,1777100782000
1777100784.529,84.529,0.67,0.68,0.32,0.33,0.01,0.01,77493.98,1777100783000
1777100784.94,84.94,0.67,0.68,0.32,0.33,0.01,0.01,77493.98,1777100783000
1777100785.447,85.447,0.67,0.68,0.32,0.33,0.01,0.01,77494.33,1777100784000
1777100785.86,85.86,0.67,0.68,0.32,0.33,0.01,0.01,77494.33,1777100784000
1777100786.501,86.501,0.67,0.68,0.32,0.33,0.01,0.01,77494.31,1777100785000
1777100786.935,86.935,0.67,0.68,0.32,0.33,0.01,0.01,77494.31,1777100785000
1777100787.729,87.729,0.67,0.68,0.32,0.33,0.01,0.01,77494.35,1777100786000
1777100788.218,88.218,0.67,0.68,0.32,0.33,0.01,0.01,77494.35,1777100786000
1777100788.642,88.642,0.68,0.69,0.32,0.33,0.01,0.01,77493.88,1777100787000
1777100789.265,89.265,0.68,0.69,0.31,0.32,0.01,0.01,77493.88,1777100787000
1777100789.721,89.721,0.69,0.7,0.3,0.32,0.01,0.02,77494.35,1777100788000
1777100790.186,90.186,0.69,0.7,0.3,0.31,0.01,0.01,77494.55,1777100789000
1777100792.015,92.015,0.69,0.7,0.3,0.31,0.01,0.01,77494.55,1777100789000
1777100792.379,92.379,0.69,0.7,0.3,0.31,0.01,0.01,77496.19,1777100790000
1777100794.18,94.18,0.69,0.7,0.3,0.31,0.01,0.01,77496.19,1777100790000
1777100794.989,94.989,0.69,0.7,0.3,0.31,0.01,0.01,77496.19,1777100790000
1777100795.418,95.418,0.69,0.7,0.3,0.31,0.01,0.01,77496.09,1777100794000
1777100796.116,96.116,0.69,0.7,0.3,0.31,0.01,0.01,77496.09,1777100794000
1777100796.747,96.747,0.69,0.7,0.3,0.31,0.01,0.01,77496.25,1777100795000
1777100797.328,97.328,0.69,0.7,0.3,0.31,0.01,0.01,77496.25,1777100796000
1777100797.737,97.737,0.69,0.7,0.3,0.31,0.01,0.01,77496.25,1777100796000
1777100798.971,98.971,0.69,0.7,0.3,0.31,0.01,0.01,77496.39,1777100797000
1777100799.834,99.834,0.69,0.7,0.3,0.31,0.01,0.01,77496.19,1777100798000
1777100800.743,100.743,0.69,0.7,0.3,0.31,0.01,0.01,77496.14,1777100799000
1777100801.335,101.335,0.69,0.7,0.3,0.31,0.01,0.01,77496.6,1777100800000
1777100801.833,101.833,0.69,0.72,0.28,0.31,0.03,0.03,77496.6,1777100800000
1777100802.198,102.198,0.72,0.73,0.27,0.29,0.01,0.02,77496.6,1777100800000
1777100802.736,102.736,0.72,0.73,0.27,0.28,0.01,0.01,77496.6,1777100800000
1777100803.077,103.077,0.77,0.78,0.22,0.23,0.01,0.01,77496.73,1777100801000
1777100803.547,103.547,0.77,0.78,0.22,0.23,0.01,0.01,77496.73,1777100801000
1777100803.939,103.939,0.77,0.78,0.22,0.23,0.01,0.01,77496.73,1777100802000
1777100804.416,104.416,0.76,0.77,0.22,0.23,0.01,0.01,77497.42,1777100803000
1777100804.931,104.931,0.76,0.77,0.23,0.24,0.01,0.01,77497.42,1777100803000
1777100805.416,105.416,0.76,0.77,0.23,0.24,0.01,0.01,77497.42,1777100803000
1777100805.951,105.951,0.76,0.77,0.23,0.24,0.01,0.01,77497.86,1777100804000
1777100806.387,106.387,0.76,0.77,0.23,0.24,0.01,0.01,77497.71,1777100805000
1777100807.669,107.669,0.76,0.77,0.23,0.24,0.01,0.01,77498.34,1777100806000
1777100808.276,108.276,0.76,0.77,0.23,0.24,0.01,0.01,77498.34,1777100806000
1777100808.786,108.786,0.76,0.77,0.23,0.24,0.01,0.01,77498.34,1777100807000
1777100809.123,109.123,0.76,0.77,0.23,0.24,0.01,0.01,77498.34,1777100807000
1777100809.522,109.522,0.76,0.77,0.23,0.24,0.01,0.01,77498.34,1777100807000
1777100809.978,109.978,0.76,0.77,0.23,0.24,0.01,0.01,77498.31,1777100808000
1777100810.533,110.533,0.76,0.77,0.23,0.24,0.01,0.01,77498.75,1777100809000
1777100811.309,111.309,0.76,0.78,0.22,0.24,0.02,0.02,77498.75,1777100810000
1777100811.772,111.772,0.77,0.78,0.22,0.23,0.01,0.01,77498.75,1777100810000
1777100812.849,112.849,0.77,0.78,0.22,0.23,0.01,0.01,77498.76,1777100811000
1777100813.264,113.264,0.77,0.79,0.22,0.23,0.02,0.01,77498.76,1777100811000
1777100813.686,113.686,0.79,0.8,0.2,0.22,0.01,0.02,77498.76,1777100811000
1777100814.097,114.097,0.79,0.8,0.2,0.21,0.01,0.01,77498.87,1777100812000
1777100814.487,114.487,0.79,0.8,0.2,0.21,0.01,0.01,77498.87,1777100813000
1777100815.069,115.069,0.79,0.8,0.2,0.21,0.01,0.01,77498.87,1777100813000
1777100815.637,115.637,0.79,0.8,0.2,0.21,0.01,0.01,77498.87,1777100814000
1777100816.26,116.26,0.79,0.8,0.2,0.21,0.01,0.01,77498.87,1777100814000
1777100816.655,116.655,0.79,0.8,0.2,0.21,0.01,0.01,77498.82,1777100815000
1777100817.44,117.44,0.79,0.8,0.2,0.21,0.01,0.01,77498.82,1777100816000
1777100817.959,117.959,0.79,0.8,0.2,0.21,0.01,0.01,77498.83,1777100817000
1777100818.384,118.384,0.8,0.81,0.19,0.21,0.01,0.02,77498.83,1777100817000
1777100818.757,118.757,0.8,0.81,0.19,0.2,0.01,0.01,77498.83,1777100817000
1777100819.396,119.396,0.79,0.81,0.19,0.2,0.02,0.01,77499.19,1777100818000
1777100819.919,119.919,0.78,0.79,0.21,0.22,0.01,0.01,77499.19,1777100818000
1777100820.265,120.265,0.78,0.79,0.21,0.22,0.01,0.01,77499.19,1777100818000
1777100820.884,120.884,0.78,0.79,0.21,0.22,0.01,0.01,77499.25,1777100819000
1777100821.379,121.379,0.78,0.79,0.21,0.22,0.01,0.01,77499.06,1777100820000
1777100821.795,121.795,0.78,0.79,0.21,0.22,0.01,0.01,77499.06,1777100820000
1777100822.24,122.24,0.78,0.79,0.21,0.22,0.01,0.01,77499.06,1777100820000
1777100822.586,122.586,0.78,0.79,0.21,0.22,0.01,0.01,77499.83,1777100821000
1777100822.981,122.981,0.78,0.79,0.21,0.22,0.01,0.01,77499.82,1777100822000
1777100823.506,123.506,0.78,0.8,0.21,0.22,0.02,0.01,77499.82,1777100822000
1777100823.941,123.941,0.78,0.8,0.2,0.22,0.02,0.02,77499.82,1777100822000
1777100824.348,124.348,0.78,0.79,0.21,0.22,0.01,0.01,77499.83,1777100823000
1777100824.786,124.786,0.78,0.79,0.21,0.22,0.01,0.01,77499.83,1777100823000
1777100825.377,125.377,0.78,0.79,0.21,0.22,0.01,0.01,77499.83,1777100824000
1777100826.059,126.059,0.78,0.79,0.21,0.22,0.01,0.01,77499.83,1777100824000
1777100826.504,126.504,0.78,0.79,0.21,0.22,0.01,0.01,77499.84,1777100825000
1777100827.004,127.004,0.77,0.79,0.21,0.22,0.02,0.01,77499.84,1777100825000
1777100827.442,127.442,0.77,0.79,0.21,0.23,0.02,0.02,77499.87,1777100826000
1777100828.07,128.07,0.77,0.78,0.21,0.23,0.01,0.02,77499.87,1777100826000
1777100828.499,128.499,0.77,0.78,0.22,0.23,0.01,0.01,77499.87,1777100827000
1777100828.841,128.841,0.77,0.78,0.22,0.23,0.01,0.01,77499.87,1777100827000
1777100829.736,129.736,0.77,0.78,0.22,0.23,0.01,0.01,77499.87,1777100828000
1777100830.147,130.147,0.77,0.78,0.22,0.23,0.01,0.01,77499.85,1777100829000
1777100830.485,130.485,0.76,0.78,0.22,0.23,0.02,0.01,77499.85,1777100829000
1777100831.079,131.079,0.76,0.78,0.22,0.24,0.02,0.02,77499.85,1777100830000
1777100831.494,131.494,0.77,0.78,0.22,0.23,0.01,0.01,77499.85,1777100830000
1777100832.063,132.063,0.77,0.78,0.22,0.23,0.01,0.01,77499.86,1777100831000
1777100832.477,132.477,0.76,0.78,0.22,0.23,0.02,0.01,77499.86,1777100831000
1777100833.182,133.182,0.76,0.77,0.23,0.24,0.01,0.01,77499.81,1777100832000
1777100834.151,134.151,0.76,0.77,0.23,0.24,0.01,0.01,77499.6,1777100833000
1777100835.255,135.255,0.76,0.77,0.23,0.24,0.01,0.01,77499.6,1777100834000
1777100835.646,135.646,0.75,0.77,0.23,0.25,0.02,0.02,77499.6,1777100834000
1777100836.275,136.275,0.75,0.77,0.23,0.25,0.02,0.02,77499.63,1777100835000
1777100836.7,136.7,0.76,0.77,0.23,0.24,0.01,0.01,77499.63,1777100835000
1777100837.354,137.354,0.76,0.77,0.23,0.24,0.01,0.01,77499.63,1777100836000
1777100838.321,138.321,0.76,0.77,0.23,0.24,0.01,0.01,77499.64,1777100837000
1777100838.656,138.656,0.76,0.77,0.23,0.24,0.01,0.01,77499.64,1777100837000
1777100839.128,139.128,0.76,0.77,0.23,0.24,0.01,0.01,77499.64,1777100837000
1777100839.488,139.488,0.76,0.77,0.23,0.24,0.01,0.01,77499.62,1777100838000
1777100839.836,139.836,0.76,0.77,0.23,0.24,0.01,0.01,77499.62,1777100838000
1777100840.241,140.241,0.76,0.77,0.23,0.24,0.01,0.01,77499.64,1777100839000
1777100840.817,140.817,0.76,0.77,0.23,0.24,0.01,0.01,77499.64,1777100839000
1777100841.412,141.412,0.76,0.77,0.23,0.24,0.01,0.01,77499.64,1777100839000
1777100841.849,141.849,0.76,0.77,0.23,0.24,0.01,0.01,77499.64,1777100839000
1777100842.334,142.334,0.76,0.77,0.23,0.24,0.01,0.01,77499.64,1777100840000
1777100842.683,142.683,0.76,0.77,0.23,0.24,0.01,0.01,77499.64,1777100841000
1777100843.171,143.171,0.76,0.77,0.23,0.24,0.01,0.01,77499.64,1777100841000
1777100844.214,144.214,0.76,0.77,0.23,0.24,0.01,0.01,77499.64,1777100843000
1777100845.396,145.396,0.76,0.77,0.23,0.24,0.01,0.01,77499.63,1777100844000
1777100846.021,146.021,0.76,0.77,0.23,0.24,0.01,0.01,77499.59,1777100845000
1777100847.133,147.133,0.76,0.77,0.23,0.24,0.01,0.01,77499.59,1777100846000
1777100848.299,148.299,0.76,0.77,0.23,0.24,0.01,0.01,77499.59,1777100847000
1777100849.482,149.482,0.76,0.77,0.23,0.24,0.01,0.01,77499.64,1777100848000
1777100849.981,149.981,0.76,0.77,0.23,0.24,0.01,0.01,77499.64,1777100848000
1777100850.667,150.667,0.76,0.77,0.23,0.24,0.01,0.01,77499.63,1777100849000
1777100851.137,151.137,0.76,0.77,0.23,0.24,0.01,0.01,77499.63,1777100850000
1777100851.482,151.482,0.76,0.77,0.23,0.24,0.01,0.01,77499.63,1777100850000
1777100852.259,152.259,0.76,0.77,0.23,0.24,0.01,0.01,77499.63,1777100851000
1777100853.323,153.323,0.76,0.77,0.23,0.24,0.01,0.01,77499.63,1777100851000
1777100854.145,154.145,0.76,0.77,0.23,0.24,0.01,0.01,77499.62,1777100853000
1777100854.576,154.576,0.76,0.77,0.23,0.24,0.01,0.01,77499.62,1777100853000
1777100855.04,155.04,0.76,0.77,0.23,0.24,0.01,0.01,77499.63,1777100854000
1777100856.222,156.222,0.76,0.77,0.23,0.24,0.01,0.01,77499.63,1777100854000
1777100856.591,156.591,0.76,0.77,0.23,0.24,0.01,0.01,77499.63,1777100854000
1777100857.419,157.419,0.76,0.77,0.23,0.24,0.01,0.01,77499.61,1777100856000
1777100858.392,158.392,0.76,0.77,0.23,0.24,0.01,0.01,77499.61,1777100857000
1777100859.408,159.408,0.76,0.77,0.23,0.24,0.01,0.01,77499.61,1777100857000
1777100859.813,159.813,0.76,0.79,0.23,0.24,0.03,0.01,77499.62,1777100858000
1777100860.198,160.198,0.78,0.79,0.21,0.22,0.01,0.01,77499.62,1777100858000
1777100860.629,160.629,0.81,0.82,0.18,0.19,0.01,0.01,77499.62,1777100859000
1777100861.389,161.389,0.8,0.81,0.19,0.2,0.01,0.01,77499.63,1777100860000
1777100861.795,161.795,0.8,0.81,0.19,0.2,0.01,0.01,77499.63,1777100860000
1777100862.219,162.219,0.75,0.81,0.19,0.2,0.06,0.01,77499.63,1777100860000
1777100862.553,162.553,0.74,0.81,0.19,0.2,0.07,0.01,77500.42,1777100861000
1777100862.971,162.971,0.73,0.81,0.19,0.27,0.08,0.08,77500.42,1777100861000
1777100863.413,163.413,0.73,0.8,0.19,0.21,0.07,0.02,77500.42,1777100862000
1777100863.84,163.84,0.73,0.79,0.21,0.27,0.06,0.06,77500.42,1777100862000
1777100864.492,164.492,0.72,0.74,0.25,0.27,0.02,0.02,77500.57,1777100863000
1777100864.867,164.867,0.71,0.72,0.28,0.29,0.01,0.01,77500.57,1777100863000
1777100865.227,165.227,0.69,0.7,0.29,0.32,0.01,0.03,77500.57,1777100863000
1777100865.613,165.613,0.68,0.69,0.3,0.32,0.01,0.02,77500.57,1777100864000
1777100866.056,166.056,0.66,0.67,0.33,0.34,0.01,0.01,77500.57,1777100864000
1777100866.454,166.454,0.66,0.67,0.33,0.34,0.01,0.01,77500.55,1777100865000
1777100866.828,166.828,0.66,0.67,0.33,0.34,0.01,0.01,77500.55,1777100865000
1777100867.259,167.259,0.66,0.67,0.33,0.34,0.01,0.01,77500.55,1777100865000
1777100867.759,167.759,0.66,0.67,0.33,0.34,0.01,0.01,77500.58,1777100866000
1777100868.442,168.442,0.65,0.66,0.33,0.34,0.01,0.01,77500.58,1777100867000
1777100868.97,168.97,0.65,0.66,0.34,0.35,0.01,0.01,77500.5,1777100868000
1777100869.648,169.648,0.65,0.66,0.34,0.35,0.01,0.01,77500.5,1777100868000
1777100870.025,170.025,0.65,0.66,0.34,0.35,0.01,0.01,77500.5,1777100869000
1777100870.514,170.514,0.65,0.66,0.34,0.35,0.01,0.01,77500.5,1777100869000
1777100870.881,170.881,0.65,0.66,0.34,0.35,0.01,0.01,77500.5,1777100869000
1777100871.23,171.23,0.65,0.66,0.34,0.35,0.01,0.01,77500.55,1777100870000
1777100872.188,172.188,0.65,0.66,0.34,0.35,0.01,0.01,77500.55,1777100870000
1777100872.864,172.864,0.65,0.66,0.34,0.35,0.01,0.01,77500.56,1777100871000
1777100873.29,173.29,0.65,0.66,0.34,0.35,0.01,0.01,77500.57,1777100872000
1777100873.981,173.981,0.65,0.66,0.34,0.35,0.01,0.01,77500.57,1777100872000
1777100874.351,174.351,0.65,0.66,0.34,0.35,0.01,0.01,77500.56,1777100873000
1777100874.795,174.795,0.65,0.66,0.34,0.35,0.01,0.01,77500.56,1777100873000
1777100875.23,175.23,0.65,0.66,0.34,0.35,0.01,0.01,77500.56,1777100873000
1777100875.612,175.612,0.65,0.66,0.34,0.35,0.01,0.01,77500.57,1777100874000
1777100875.966,175.966,0.65,0.66,0.34,0.35,0.01,0.01,77500.57,1777100874000
1777100876.362,176.362,0.65,0.66,0.34,0.35,0.01,0.01,77500.57,1777100874000
1777100876.856,176.856,0.65,0.66,0.34,0.35,0.01,0.01,77500.57,1777100875000
1777100877.316,177.316,0.65,0.66,0.34,0.35,0.01,0.01,77500.57,1777100875000
1777100877.666,177.666,0.65,0.66,0.34,0.35,0.01,0.01,77500.55,1777100876000
1777100878.15,178.15,0.65,0.66,0.34,0.35,0.01,0.01,77500.55,1777100876000
1777100878.559,178.559,0.66,0.67,0.33,0.34,0.01,0.01,77500.55,1777100877000
1777100879.25,179.25,0.66,0.67,0.33,0.34,0.01,0.01,77500.55,1777100877000
1777100880.095,180.095,0.67,0.68,0.32,0.33,0.01,0.01,77500.58,1777100879000
1777100880.546,180.546,0.67,0.68,0.32,0.33,0.01,0.01,77500.58,1777100879000
1777100881.227,181.227,0.67,0.69,0.31,0.33,0.02,0.02,77500.69,1777100880000
1777100881.574,181.574,0.69,0.7,0.3,0.31,0.01,0.01,77500.69,1777100880000
1777100882.321,182.321,0.69,0.7,0.3,0.31,0.01,0.01,77500.69,1777100880000
1777100882.739,182.739,0.69,0.7,0.3,0.31,0.01,0.01,77500.7,1777100881000
1777100883.126,183.126,0.69,0.7,0.3,0.31,0.01,0.01,77500.7,1777100882000
1777100883.643,183.643,0.69,0.7,0.3,0.31,0.01,0.01,77500.7,1777100882000
1777100884.165,184.165,0.69,0.7,0.3,0.31,0.01,0.01,77500.71,1777100883000
1777100884.634,184.634,0.69,0.7,0.3,0.31,0.01,0.01,77500.71,1777100883000
1777100885.047,185.047,0.69,0.7,0.3,0.31,0.01,0.01,77500.71,1777100883000
1777100885.443,185.443,0.69,0.7,0.3,0.31,0.01,0.01,77500.74,1777100884000
1777100886.118,186.118,0.69,0.7,0.3,0.31,0.01,0.01,77500.74,1777100884000
1777100886.961,186.961,0.69,0.7,0.3,0.31,0.01,0.01,77500.75,1777100885000
1777100887.384,187.384,0.71,0.72,0.28,0.29,0.01,0.01,77500.74,1777100886000
1777100887.723,187.723,0.71,0.73,0.28,0.29,0.02,0.01,77500.74,1777100886000
1777100888.365,188.365,0.72,0.73,0.27,0.28,0.01,0.01,77500.74,1777100886000
1777100888.817,188.817,0.72,0.73,0.27,0.28,0.01,0.01,77500.75,1777100887000
1777100889.35,189.35,0.72,0.73,0.27,0.28,0.01,0.01,77500.7,1777100888000
1777100890.223,190.223,0.72,0.73,0.27,0.28,0.01,0.01,77500.7,1777100888000
1777100890.717,190.717,0.72,0.73,0.27,0.28,0.01,0.01,77497.59,1777100889000
1777100891.339,191.339,0.72,0.73,0.27,0.28,0.01,0.01,77497.59,1777100889000
1777100892.122,192.122,0.72,0.73,0.27,0.28,0.01,0.01,77500.56,1777100891000
1777100892.798,192.798,0.71,0.73,0.27,0.28,0.02,0.01,77500.56,1777100891000
1777100893.153,193.153,0.71,0.72,0.27,0.29,0.01,0.02,77500.56,1777100891000
1777100893.604,193.604,0.71,0.73,0.28,0.29,0.02,0.01,77500.43,1777100892000
1777100894.297,194.297,0.71,0.73,0.27,0.29,0.02,0.02,77500.21,1777100893000
1777100894.861,194.861,0.71,0.73,0.27,0.29,0.02,0.02,77500.21,1777100893000
1777100895.362,195.362,0.71,0.73,0.27,0.29,0.02,0.02,77500.55,1777100894000
1777100895.754,195.754,0.72,0.73,0.27,0.29,0.01,0.02,77500.55,1777100894000
1777100897.125,197.125,0.72,0.73,0.27,0.28,0.01,0.01,77499.51,1777100896000
1777100897.596,197.596,0.72,0.73,0.27,0.28,0.01,0.01,77499.51,1777100896000
1777100897.946,197.946,0.72,0.73,0.27,0.28,0.01,0.01,77499.51,1777100896000
1777100898.492,198.492,0.69,0.73,0.27,0.33,0.04,0.06,77500.39,1777100897000
1777100898.97,198.97,0.71,0.72,0.28,0.29,0.01,0.01,77500.39,1777100897000
1777100899.361,199.361,0.71,0.72,0.28,0.29,0.01,0.01,77499.53,1777100898000
1777100899.766,199.766,0.71,0.72,0.28,0.29,0.01,0.01,77499.53,1777100898000
1777100900.205,200.205,0.71,0.72,0.28,0.29,0.01,0.01,77500.2,1777100899000
1777100901.081,201.081,0.71,0.72,0.28,0.29,0.01,0.01,77500.2,1777100899000
1777100901.686,201.686,0.71,0.72,0.28,0.29,0.01,0.01,77500.2,1777100899000
1777100902.207,202.207,0.71,0.72,0.28,0.29,0.01,0.01,77499.47,1777100900000
1777100902.875,202.875,0.71,0.72,0.28,0.29,0.01,0.01,77499.43,1777100901000
1777100903.989,203.989,0.71,0.72,0.28,0.29,0.01,0.01,77499.46,1777100902000
1777100905.059,205.059,0.71,0.72,0.28,0.29,0.01,0.01,77500.63,1777100904000
1777100906.05,206.05,0.71,0.72,0.28,0.29,0.01,0.01,77500.2,1777100905000
1777100906.433,206.433,0.71,0.72,0.28,0.29,0.01,0.01,77500.2,1777100905000
1777100906.919,206.919,0.71,0.72,0.28,0.29,0.01,0.01,77500.2,1777100905000
1777100907.352,207.352,0.71,0.72,0.28,0.29,0.01,0.01,77500.65,1777100906000
1777100907.709,207.709,0.71,0.74,0.28,0.29,0.03,0.01,77500.65,1777100906000
1777100908.097,208.097,0.73,0.74,0.26,0.27,0.01,0.01,77499.3,1777100907000
1777100908.682,208.682,0.73,0.74,0.26,0.28,0.01,0.02,77499.3,1777100907000
1777100909.097,209.097,0.73,0.74,0.26,0.27,0.01,0.01,77500.32,1777100908000
1777100909.468,209.468,0.73,0.74,0.26,0.27,0.01,0.01,77500.32,1777100908000
1777100909.918,209.918,0.73,0.74,0.26,0.27,0.01,0.01,77500.32,1777100908000
1777100910.673,210.673,0.73,0.74,0.26,0.27,0.01,0.01,77500.36,1777100909000
1777100911.044,211.044,0.73,0.74,0.26,0.27,0.01,0.01,77500.36,1777100909000
1777100911.437,211.437,0.74,0.75,0.25,0.27,0.01,0.02,77500.36,1777100910000
1777100911.933,211.933,0.73,0.75,0.25,0.26,0.02,0.01,77500.36,1777100910000
1777100912.325,212.325,0.73,0.74,0.26,0.27,0.01,0.01,77500.19,1777100911000
1777100912.692,212.692,0.73,0.74,0.26,0.27,0.01,0.01,77500.19,1777100911000
1777100913.111,213.111,0.73,0.74,0.26,0.27,0.01,0.01,77500.19,1777100911000
1777100913.513,213.513,0.73,0.74,0.26,0.27,0.01,0.01,77500.19,1777100912000
1777100913.874,213.874,0.7,0.73,0.27,0.28,0.03,0.01,77500.19,1777100912000
1777100914.29,214.29,0.68,0.69,0.28,0.32,0.01,0.04,77500.19,1777100912000
1777100914.698,214.698,0.68,0.69,0.31,0.32,0.01,0.01,77500.19,1777100912000
1777100915.064,215.064,0.67,0.68,0.31,0.33,0.01,0.02,77500.44,1777100913000
1777100915.472,215.472,0.67,0.68,0.32,0.33,0.01,0.01,77500.46,1777100914000
1777100915.957,215.957,0.67,0.68,0.32,0.33,0.01,0.01,77500.46,1777100914000
1777100916.558,216.558,0.67,0.68,0.32,0.33,0.01,0.01,77500.48,1777100915000
1777100916.946,216.946,0.67,0.68,0.32,0.33,0.01,0.01,77500.48,1777100915000
1777100917.521,217.521,0.67,0.68,0.32,0.33,0.01,0.01,77500.48,1777100916000
1777100918.12,218.12,0.68,0.69,0.31,0.32,0.01,0.01,77500.49,1777100917000
1777100918.683,218.683,0.69,0.7,0.3,0.31,0.01,0.01,77500.49,1777100917000
1777100919.123,219.123,0.68,0.7,0.3,0.32,0.02,0.02,77498.9,1777100918000
1777100919.594,219.594,0.68,0.69,0.31,0.32,0.01,0.01,77498.9,1777100918000
1777100920.114,220.114,0.7,0.71,0.3,0.31,0.01,0.01,77498.9,1777100918000
1777100920.54,220.54,0.7,0.71,0.29,0.3,0.01,0.01,77498.91,1777100919000
1777100920.963,220.963,0.7,0.71,0.3,0.31,0.01,0.01,77498.91,1777100919000
1777100921.447,221.447,0.7,0.71,0.29,0.3,0.01,0.01,77498.91,1777100919000
1777100921.88,221.88,0.7,0.71,0.29,0.3,0.01,0.01,77500.5,1777100920000
1777100922.278,222.278,0.7,0.71,0.29,0.3,0.01,0.01,77500.5,1777100920000
1777100922.84,222.84,0.7,0.71,0.29,0.3,0.01,0.01,77500.5,1777100920000
1777100923.209,223.209,0.7,0.71,0.29,0.3,0.01,0.01,77499.02,1777100921000
1777100923.55,223.55,0.7,0.72,0.28,0.3,0.02,0.02,77499.95,1777100922000
1777100923.92,223.92,0.7,0.71,0.29,0.3,0.01,0.01,77499.95,1777100922000
1777100924.261,224.261,0.7,0.71,0.29,0.3,0.01,0.01,77499.03,1777100923000
1777100924.647,224.647,0.7,0.71,0.29,0.3,0.01,0.01,77499.03,1777100923000
1777100925.001,225.001,0.69,0.7,0.3,0.31,0.01,0.01,77499.03,1777100923000
1777100925.395,225.395,0.69,0.7,0.3,0.31,0.01,0.01,77500.75,1777100924000
1777100925.732,225.732,0.69,0.7,0.3,0.31,0.01,0.01,77500.75,1777100924000
1777100926.164,226.164,0.69,0.7,0.3,0.31,0.01,0.01,77500.75,1777100924000
1777100927.054,227.054,0.69,0.7,0.3,0.31,0.01,0.01,77498.73,1777100926000
1777100927.732,227.732,0.69,0.7,0.3,0.31,0.01,0.01,77498.73,1777100926000
1777100928.69,228.69,0.72,0.73,0.27,0.28,0.01,0.01,77499.81,1777100927000
1777100929.073,229.073,0.72,0.73,0.27,0.28,0.01,0.01,77499.81,1777100927000
1777100929.644,229.644,0.72,0.73,0.27,0.28,0.01,0.01,77500.52,1777100928000
1777100930.003,230.003,0.71,0.72,0.28,0.29,0.01,0.01,77500.52,1777100928000
1777100930.423,230.423,0.71,0.72,0.28,0.29,0.01,0.01,77500.52,1777100928000
1777100930.81,230.81,0.71,0.72,0.28,0.29,0.01,0.01,77500.72,1777100929000
1777100931.253,231.253,0.7,0.71,0.29,0.3,0.01,0.01,77500.72,1777100929000
1777100931.607,231.607,0.7,0.71,0.29,0.3,0.01,0.01,77500.72,1777100929000
1777100932.611,232.611,0.7,0.71,0.29,0.3,0.01,0.01,77500.47,1777100931000
1777100933.289,233.289,0.7,0.71,0.29,0.3,0.01,0.01,77500.47,1777100931000
1777100934.254,234.254,0.7,0.71,0.29,0.3,0.01,0.01,77499.86,1777100932000
1777100934.7,234.7,0.7,0.71,0.29,0.3,0.01,0.01,77498.64,1777100933000
1777100935.228,235.228,0.7,0.71,0.29,0.3,0.01,0.01,77498.64,1777100933000
1777100936.003,236.003,0.7,0.72,0.29,0.3,0.02,0.01,77498.94,1777100934000
1777100936.476,236.476,0.69,0.7,0.3,0.31,0.01,0.01,77498.88,1777100935000
1777100936.89,236.89,0.69,0.7,0.3,0.31,0.01,0.01,77498.88,1777100935000
1777100937.232,237.232,0.69,0.7,0.3,0.31,0.01,0.01,77498.88,1777100935000
1777100937.566,237.566,0.69,0.7,0.3,0.31,0.01,0.01,77498.88,1777100935000
1777100938.024,238.024,0.69,0.7,0.3,0.31,0.01,0.01,77498.89,1777100936000
1777100938.488,238.488,0.69,0.7,0.3,0.31,0.01,0.01,77498.88,1777100937000
1777100939.358,239.358,0.7,0.71,0.29,0.3,0.01,0.01,77498.88,1777100937000
1777100939.729,239.729,0.7,0.71,0.29,0.3,0.01,0.01,77498.88,1777100937000
1777100940.406,240.406,0.7,0.71,0.28,0.29,0.01,0.01,77497.79,1777100938000
1777100940.762,240.762,0.7,0.71,0.28,0.3,0.01,0.02,77496.5,1777100939000
1777100941.268,241.268,0.69,0.7,0.3,0.31,0.01,0.01,77496.5,1777100939000
1777100941.635,241.635,0.68,0.7,0.3,0.32,0.02,0.02,77495.64,1777100940000
1777100942.189,242.189,0.69,0.7,0.32,0.33,0.01,0.01,77495.64,1777100940000
1777100942.559,242.559,0.69,0.7,0.3,0.31,0.01,0.01,77495.64,1777100940000
1777100943.05,243.05,0.67,0.68,0.32,0.33,0.01,0.01,77498.89,1777100941000
1777100943.425,243.425,0.67,0.68,0.31,0.34,0.01,0.03,77498.02,1777100942000
1777100944.177,244.177,0.67,0.68,0.32,0.34,0.01,0.02,77498.02,1777100942000
1777100944.595,244.595,0.68,0.69,0.33,0.34,0.01,0.01,77498.02,1777100942000
1777100945.164,245.164,0.67,0.68,0.31,0.34,0.01,0.03,77498.88,1777100943000
1777100945.922,245.922,0.71,0.72,0.27,0.29,0.01,0.02,77500.79,1777100944000
1777100946.485,246.485,0.71,0.72,0.28,0.29,0.01,0.01,77500.79,1777100945000
1777100946.833,246.833,0.71,0.72,0.28,0.29,0.01,0.01,77500.79,1777100945000
1777100947.567,247.567,0.69,0.7,0.3,0.31,0.01,0.01,77499.09,1777100946000
1777100948.02,248.02,0.67,0.68,0.32,0.33,0.01,0.01,77499.09,1777100946000
1777100948.358,248.358,0.67,0.68,0.32,0.33,0.01,0.01,77499.09,1777100947000
1777100948.746,248.746,0.66,0.67,0.32,0.33,0.01,0.01,77499.09,1777100947000
1777100949.119,249.119,0.66,0.67,0.33,0.34,0.01,0.01,77499.09,1777100947000
1777100949.475,249.475,0.66,0.67,0.33,0.34,0.01,0.01,77499.09,1777100947000
1777100949.951,249.951,0.66,0.67,0.33,0.34,0.01,0.01,77499.17,1777100948000
1777100950.391,250.391,0.66,0.67,0.33,0.34,0.01,0.01,77498.93,1777100949000
1777100950.959,250.959,0.66,0.7,0.3,0.34,0.04,0.04,77498.95,1777100950000
1777100951.415,251.415,0.66,0.68,0.31,0.34,0.02,0.03,77498.95,1777100950000
1777100951.831,251.831,0.66,0.68,0.32,0.34,0.02,0.02,77500.57,1777100951000
1777100952.452,252.452,0.66,0.67,0.33,0.34,0.01,0.01,77500.57,1777100951000
1777100952.957,252.957,0.66,0.67,0.33,0.34,0.01,0.01,77500.57,1777100951000
1777100953.499,253.499,0.68,0.69,0.3,0.33,0.01,0.03,77500.57,1777100952000
1777100953.847,253.847,0.67,0.7,0.32,0.35,0.03,0.03,77500.57,1777100952000
1777100954.19,254.19,0.69,0.7,0.3,0.33,0.01,0.03,77500.57,1777100952000
1777100954.707,254.707,0.69,0.7,0.3,0.31,0.01,0.01,77500.57,1777100953000
1777100955.237,255.237,0.69,0.7,0.3,0.31,0.01,0.01,77497.69,1777100954000
1777100955.88,255.88,0.69,0.7,0.3,0.31,0.01,0.01,77497.69,1777100954000
1777100956.227,256.227,0.69,0.7,0.3,0.31,0.01,0.01,77498.92,1777100955000
1777100956.595,256.595,0.65,0.66,0.34,0.36,0.01,0.02,77498.92,1777100955000
1777100956.964,256.964,0.65,0.66,0.34,0.35,0.01,0.01,77498.92,1777100955000
1777100957.323,257.323,0.68,0.7,0.31,0.32,0.02,0.01,77498.93,1777100956000
1777100957.804,257.804,0.68,0.7,0.3,0.31,0.02,0.01,77498.93,1777100956000
1777100958.149,258.149,0.68,0.7,0.3,0.32,0.02,0.02,77499.16,1777100957000
1777100958.509,258.509,0.61,0.62,0.37,0.39,0.01,0.02,77499.16,1777100957000
1777100958.881,258.881,0.61,0.62,0.38,0.39,0.01,0.01,77499.16,1777100957000
1777100959.217,259.217,0.61,0.62,0.38,0.39,0.01,0.01,77500.04,1777100958000
1777100959.573,259.573,0.59,0.62,0.38,0.39,0.03,0.01,77500.04,1777100958000
1777100960.004,260.004,0.59,0.6,0.4,0.41,0.01,0.01,77500.9,1777100959000
1777100960.338,260.338,0.59,0.63,0.4,0.41,0.04,0.01,77500.9,1777100959000
1777100960.726,260.726,0.59,0.6,0.4,0.41,0.01,0.01,77500.9,1777100959000
1777100961.338,261.338,0.59,0.6,0.4,0.41,0.01,0.01,77500.94,1777100960000
1777100961.854,261.854,0.59,0.61,0.39,0.41,0.02,0.02,77500.91,1777100961000
1777100962.247,262.247,0.61,0.63,0.38,0.39,0.02,0.01,77500.91,1777100961000
1777100962.598,262.598,0.61,0.62,0.38,0.39,0.01,0.01,77500.91,1777100961000
1777100963.263,263.263,0.62,0.63,0.37,0.38,0.01,0.01,77500.99,1777100962000
1777100964.313,264.313,0.62,0.63,0.37,0.38,0.01,0.01,77500.97,1777100963000
1777100964.851,264.851,0.64,0.65,0.35,0.36,0.01,0.01,77500.97,1777100963000
1777100965.196,265.196,0.65,0.66,0.34,0.36,0.01,0.02,77500.97,1777100963000
1777100965.533,265.533,0.66,0.67,0.33,0.34,0.01,0.01,77500.97,1777100964000
1777100965.877,265.877,0.66,0.67,0.33,0.34,0.01,0.01,77500.97,1777100964000
1777100966.221,266.221,0.59,0.6,0.4,0.41,0.01,0.01,77500.97,1777100964000
1777100966.603,266.603,0.58,0.59,0.41,0.42,0.01,0.01,77500.96,1777100965000
1777100966.949,266.949,0.58,0.59,0.42,0.43,0.01,0.01,77500.96,1777100965000
1777100967.366,267.366,0.58,0.59,0.42,0.43,0.01,0.01,77500.96,1777100966000
1777100967.745,267.745,0.58,0.59,0.41,0.42,0.01,0.01,77500.96,1777100966000
1777100968.315,268.315,0.58,0.59,0.41,0.42,0.01,0.01,77500.93,1777100967000
1777100968.779,268.779,0.58,0.59,0.41,0.42,0.01,0.01,77500.93,1777100967000
1777100969.124,269.124,0.55,0.59,0.41,0.42,0.04,0.01,77500.93,1777100967000
1777100969.486,269.486,0.54,0.6,0.45,0.46,0.06,0.01,77500.93,1777100968000
1777100969.82,269.82,0.57,0.59,0.41,0.43,0.02,0.02,77500.93,1777100968000
1777100970.377,270.377,0.57,0.58,0.42,0.43,0.01,0.01,77500.92,1777100969000
1777100970.71,270.71,0.56,0.57,0.43,0.44,0.01,0.01,77500.92,1777100969000
1777100971.077,271.077,0.55,0.56,0.44,0.47,0.01,0.03,77500.92,1777100970000
1777100971.548,271.548,0.54,0.56,0.44,0.46,0.02,0.02,77500.92,1777100970000
1777100971.886,271.886,0.54,0.56,0.44,0.46,0.02,0.02,77500.93,1777100971000
1777100972.249,272.249,0.53,0.55,0.44,0.47,0.02,0.03,77500.93,1777100971000
1777100972.797,272.797,0.5,0.51,0.46,0.5,0.01,0.04,77500.93,1777100971000
1777100973.307,273.307,0.52,0.53,0.48,0.49,0.01,0.01,77500.92,1777100972000
1777100973.667,273.667,0.53,0.54,0.47,0.49,0.01,0.02,77500.92,1777100972000
1777100974.016,274.016,0.56,0.57,0.43,0.44,0.01,0.01,77500.92,1777100973000
1777100974.51,274.51,0.53,0.54,0.42,0.43,0.01,0.01,77500.92,1777100973000
1777100974.848,274.848,0.54,0.55,0.45,0.46,0.01,0.01,77500.92,1777100973000
1777100975.212,275.212,0.55,0.56,0.45,0.46,0.01,0.01,77500.9,1777100974000
1777100975.679,275.679,0.5,0.51,0.49,0.5,0.01,0.01,77500.9,1777100974000
1777100976.096,276.096,0.5,0.66,0.49,0.5,0.16,0.01,77500.9,1777100974000
1777100976.462,276.462,0.63,0.64,0.42,0.43,0.01,0.01,77500.87,1777100975000
1777100976.934,276.934,0.61,0.63,0.37,0.38,0.02,0.01,77500.87,1777100975000
1777100977.327,277.327,0.66,0.67,0.33,0.34,0.01,0.01,77500.87,1777100976000
1777100977.689,277.689,0.66,0.67,0.33,0.34,0.01,0.01,77500.87,1777100976000
1777100978.09,278.09,0.66,0.67,0.33,0.34,0.01,0.01,77500.87,1777100976000
1777100978.468,278.468,0.66,0.67,0.33,0.34,0.01,0.01,77500.84,1777100977000
1777100978.86,278.86,0.66,0.67,0.33,0.34,0.01,0.01,77500.84,1777100978000
1777100979.438,279.438,0.66,0.67,0.33,0.34,0.01,0.01,77500.84,1777100978000
1777100979.835,279.835,0.66,0.67,0.33,0.34,0.01,0.01,77500.84,1777100978000
1777100980.223,280.223,0.5,0.51,0.47,0.5,0.01,0.03,77500.84,1777100979000
1777100980.561,280.561,0.5,0.51,0.49,0.5,0.01,0.01,77500.84,1777100979000
1777100981.207,281.207,0.5,0.51,0.49,0.5,0.01,0.01,77500.84,1777100980000
1777100981.738,281.738,0.5,0.51,0.49,0.5,0.01,0.01,77500.84,1777100980000
1777100982.095,282.095,0.5,0.54,0.49,0.5,0.04,0.01,77500.84,1777100980000
1777100982.482,282.482,0.5,0.51,0.49,0.5,0.01,0.01,77500.46,1777100981000
1777100982.92,282.92,0.38,0.39,0.61,0.62,0.01,0.01,77500.46,1777100981000
1777100983.263,283.263,0.38,0.39,0.61,0.62,0.01,0.01,77500.46,1777100981000
1777100983.604,283.604,0.27,0.28,0.72,0.73,0.01,0.01,77500.46,1777100982000
1777100984.054,284.054,0.27,0.28,0.72,0.73,0.01,0.01,77500.46,1777100982000
1777100984.413,284.413,0.27,0.28,0.72,0.73,0.01,0.01,77500.06,1777100983000
1777100984.783,284.783,0.25,0.26,0.74,0.75,0.01,0.01,77500.06,1777100983000
1777100985.227,285.227,0.25,0.26,0.74,0.75,0.01,0.01,77498.52,1777100984000
1777100985.665,285.665,0.25,0.26,0.74,0.75,0.01,0.01,77498.52,1777100984000
1777100986.007,286.007,0.26,0.32,0.68,0.74,0.06,0.06,77498.52,1777100985000
1777100986.375,286.375,0.28,0.29,0.71,0.72,0.01,0.01,77498.52,1777100985000
1777100986.931,286.931,0.2,0.27,0.69,0.7,0.07,0.01,77498.52,1777100985000
1777100987.299,287.299,0.2,0.21,0.79,0.8,0.01,0.01,77498.23,1777100986000
1777100987.695,287.695,0.2,0.21,0.79,0.8,0.01,0.01,77498.23,1777100986000
1777100988.046,288.046,0.15,0.16,0.84,0.85,0.01,0.01,77498.23,1777100986000
1777100988.398,288.398,0.15,0.21,0.74,0.75,0.06,0.01,77497.79,1777100987000
1777100988.864,288.864,0.22,0.26,0.81,0.84,0.04,0.03,77497.79,1777100987000
1777100989.248,289.248,0.21,0.26,0.74,0.79,0.05,0.05,77494.5,1777100988000
1777100989.744,289.744,0.39,0.41,0.46,0.74,0.02,0.28,77494.5,1777100988000
1777100990.331,290.331,0.49,0.5,0.49,0.56,0.01,0.07,77494.5,1777100988000
1777100990.681,290.681,0.46,0.47,0.53,0.54,0.01,0.01,77491.65,1777100989000
1777100991.022,291.022,0.44,0.45,0.55,0.56,0.01,0.01,77491.65,1777100989000
1777100991.449,291.449,0.43,0.44,0.56,0.57,0.01,0.01,77493.09,1777100990000
1777100991.845,291.845,0.43,0.44,0.56,0.57,0.01,0.01,77493.09,1777100990000
1777100992.242,292.242,0.43,0.55,0.56,0.57,0.12,0.01,77493.09,1777100990000
1777100992.635,292.635,0.31,0.36,0.62,0.72,0.05,0.1,77493.09,1777100991000
1777100993.029,293.029,0.13,0.28,0.72,0.73,0.15,0.01,77493.09,1777100991000
1777100993.382,293.382,0.3,0.31,0.72,0.73,0.01,0.01,77493.09,1777100991000
1777100993.885,293.885,0.35,0.55,0.45,0.65,0.2,0.2,77492.92,1777100992000
1777100994.27,294.27,0.32,0.62,0.67,0.68,0.3,0.01,77492.92,1777100992000
1777100994.676,294.676,0.57,0.59,0.39,0.48,0.02,0.09,77492.92,1777100993000
1777100995.189,295.189,0.53,0.54,0.44,0.45,0.01,0.01,77492.92,1777100993000
1777100995.58,295.58,0.53,0.54,0.46,0.47,0.01,0.01,77492.92,1777100994000
1777100995.932,295.932,0.53,0.54,0.46,0.47,0.01,0.01,77492.92,1777100994000
1777100996.267,296.267,0.03,0.2,0.8,0.97,0.17,0.17,77492.92,1777100994000
1777100996.614,296.614,0.02,0.03,0.97,0.98,0.01,0.01,77493.13,1777100995000
1777100996.951,296.951,0.04,0.05,0.95,0.96,0.01,0.01,77493.13,1777100995000
1777100997.285,297.285,0.04,0.05,0.95,0.96,0.01,0.01,77493.13,1777100995000
1777100997.638,297.638,0.04,0.11,0.89,0.92,0.07,0.03,77493.13,1777100996000
1777100997.988,297.988,0.02,0.06,0.93,0.96,0.04,0.03,77493.13,1777100996000
1777100998.379,298.379,0.04,0.07,0.92,0.96,0.03,0.04,77493.13,1777100996000
1777100998.72,298.72,0.05,0.06,0.89,0.95,0.01,0.06,77477.72,1777100997000
1777100999.071,299.071,0.02,0.03,0.97,0.98,0.01,0.01,77477.72,1777100997000
1777100999.416,299.416,0.01,0.02,0.98,0.99,0.01,0.01,77477.72,1777100998000
1777100999.868,299.868,0.01,0.01,0.99,0.99,0.0,0.0,77477.72,1777100998000
1777101000.414,300.414,0.01,0.01,0.99,0.99,0.0,0.0,77477.72,1777100999000
1777101000.805,300.805,0.01,0.01,0.99,0.99,0.0,0.0,77477.72,1777100999000

# RESULT,winner=Down,slug=btc-updown-5m-1777100700,ticks=588
