timestamp,elapsed_sec,up_bid,up_ask,down_bid,down_ask,up_spread,down_spread,btc_price,btc_oracle_ts
1776322800.604,0.604,0.52,0.53,0.47,0.48,0.01,0.01,75044.24,1776322799000
1776322800.941,0.941,0.5,0.52,0.48,0.5,0.02,0.02,75044.24,1776322799000
1776322801.374,1.374,0.5,0.52,0.48,0.5,0.02,0.02,75044.24,1776322800000
1776322801.762,1.762,0.48,0.49,0.48,0.52,0.01,0.04,75044.24,1776322800000
1776322802.138,2.138,0.4,0.47,0.51,0.55,0.07,0.04,75044.22,1776322801000
1776322802.484,2.484,0.37,0.4,0.6,0.63,0.03,0.03,75044.22,1776322801000
1776322802.821,2.821,0.36,0.39,0.61,0.64,0.03,0.03,75039.52,1776322802000
1776322803.177,3.177,0.36,0.39,0.61,0.62,0.03,0.01,75039.52,1776322802000
1776322803.518,3.518,0.36,0.37,0.63,0.64,0.01,0.01,75039.52,1776322802000
1776322803.913,3.913,0.36,0.37,0.63,0.64,0.01,0.01,75021.17,1776322803000
1776322804.253,4.253,0.36,0.37,0.63,0.64,0.01,0.01,75021.17,1776322803000
1776322805.001,5.001,0.36,0.37,0.63,0.64,0.01,0.01,75021.17,1776322803000
1776322805.532,5.532,0.35,0.36,0.64,0.65,0.01,0.01,75018.65,1776322804000
1776322805.881,5.881,0.35,0.36,0.64,0.65,0.01,0.01,75018.65,1776322804000
1776322806.725,6.725,0.34,0.35,0.64,0.65,0.01,0.01,75018.62,1776322805000
1776322807.08,7.08,0.34,0.35,0.65,0.66,0.01,0.01,75018.62,1776322805000
1776322807.617,7.617,0.34,0.35,0.65,0.66,0.01,0.01,75018.48,1776322806000
1776322808.082,8.082,0.34,0.35,0.65,0.66,0.01,0.01,75018.24,1776322807000
1776322808.457,8.457,0.34,0.35,0.65,0.66,0.01,0.01,75018.24,1776322807000
1776322808.812,8.812,0.34,0.35,0.65,0.66,0.01,0.01,75018.24,1776322807000
1776322809.387,9.387,0.34,0.35,0.65,0.66,0.01,0.01,75018.24,1776322807000
1776322809.8,9.8,0.34,0.35,0.65,0.66,0.01,0.01,75017.91,1776322808000
1776322810.181,10.181,0.28,0.3,0.69,0.72,0.02,0.03,75017.91,1776322809000
1776322810.518,10.518,0.29,0.3,0.7,0.71,0.01,0.01,75017.91,1776322809000
1776322810.924,10.924,0.28,0.29,0.7,0.72,0.01,0.02,75017.91,1776322809000
1776322811.28,11.28,0.28,0.29,0.71,0.72,0.01,0.01,75017.54,1776322810000
1776322811.734,11.734,0.28,0.29,0.71,0.72,0.01,0.01,75017.54,1776322810000
1776322812.082,12.082,0.27,0.28,0.72,0.73,0.01,0.01,75017.54,1776322810000
1776322812.491,12.491,0.27,0.28,0.72,0.73,0.01,0.01,75010.08,1776322811000
1776322812.898,12.898,0.27,0.28,0.72,0.73,0.01,0.01,75010.08,1776322811000
1776322813.562,13.562,0.27,0.28,0.72,0.73,0.01,0.01,75007.38,1776322812000
1776322813.921,13.921,0.27,0.28,0.72,0.74,0.01,0.02,75007.38,1776322812000
1776322814.266,14.266,0.27,0.28,0.72,0.73,0.01,0.01,75005.55,1776322813000
1776322814.675,14.675,0.26,0.27,0.73,0.74,0.01,0.01,75005.55,1776322813000
1776322815.182,15.182,0.26,0.27,0.73,0.74,0.01,0.01,75005.55,1776322813000
1776322815.545,15.545,0.26,0.27,0.73,0.74,0.01,0.01,75004.7,1776322814000
1776322815.907,15.907,0.26,0.27,0.73,0.74,0.01,0.01,75004.7,1776322814000
1776322816.312,16.312,0.26,0.27,0.73,0.74,0.01,0.01,75004.17,1776322815000
1776322816.711,16.711,0.26,0.27,0.73,0.74,0.01,0.01,75004.17,1776322815000
1776322817.112,17.112,0.26,0.27,0.73,0.74,0.01,0.01,75003.99,1776322816000
1776322817.491,17.491,0.25,0.26,0.73,0.75,0.01,0.02,75003.99,1776322816000
1776322817.872,17.872,0.25,0.26,0.74,0.75,0.01,0.01,75003.99,1776322816000
1776322818.238,18.238,0.25,0.26,0.74,0.75,0.01,0.01,75003.67,1776322817000
1776322818.639,18.639,0.25,0.26,0.74,0.75,0.01,0.01,75003.67,1776322817000
1776322819.028,19.028,0.25,0.26,0.74,0.75,0.01,0.01,75002.72,1776322818000
1776322819.688,19.688,0.25,0.26,0.74,0.75,0.01,0.01,75002.72,1776322818000
1776322820.094,20.094,0.25,0.26,0.74,0.75,0.01,0.01,75002.72,1776322819000
1776322820.468,20.468,0.25,0.26,0.74,0.75,0.01,0.01,75002.72,1776322819000
1776322820.926,20.926,0.25,0.26,0.74,0.75,0.01,0.01,75003.11,1776322820000
1776322821.347,21.347,0.25,0.26,0.74,0.75,0.01,0.01,75003.11,1776322820000
1776322822.004,22.004,0.25,0.26,0.74,0.75,0.01,0.01,75002.82,1776322821000
1776322822.4,22.4,0.25,0.26,0.74,0.75,0.01,0.01,75002.82,1776322821000
1776322823.046,23.046,0.25,0.26,0.74,0.75,0.01,0.01,75002.79,1776322822000
1776322823.501,23.501,0.25,0.26,0.74,0.75,0.01,0.01,75002.79,1776322822000
1776322823.96,23.96,0.25,0.26,0.74,0.75,0.01,0.01,75002.79,1776322822000
1776322824.355,24.355,0.25,0.26,0.74,0.75,0.01,0.01,75002.47,1776322823000
1776322825.016,25.016,0.25,0.26,0.74,0.75,0.01,0.01,75002.47,1776322823000
1776322825.536,25.536,0.25,0.26,0.74,0.75,0.01,0.01,75002.25,1776322824000
1776322826.031,26.031,0.25,0.26,0.74,0.75,0.01,0.01,75002.24,1776322825000
1776322826.395,26.395,0.25,0.26,0.74,0.75,0.01,0.01,75002.24,1776322825000
1776322826.772,26.772,0.25,0.26,0.74,0.75,0.01,0.01,75002.24,1776322825000
1776322828.213,28.213,0.25,0.26,0.74,0.75,0.01,0.01,75002.37,1776322826000
1776322828.706,28.706,0.25,0.26,0.74,0.75,0.01,0.01,75002.37,1776322826000
1776322829.155,29.155,0.25,0.26,0.74,0.75,0.01,0.01,75002.92,1776322828000
1776322829.653,29.653,0.25,0.26,0.74,0.75,0.01,0.01,75002.92,1776322828000
1776322830.068,30.068,0.25,0.26,0.74,0.75,0.01,0.01,75002.92,1776322828000
1776322830.43,30.43,0.2,0.22,0.78,0.79,0.02,0.01,75002.93,1776322829000
1776322830.85,30.85,0.19,0.2,0.79,0.81,0.01,0.02,75002.93,1776322829000
1776322831.222,31.222,0.18,0.19,0.8,0.82,0.01,0.02,75002.93,1776322829000
1776322831.562,31.562,0.18,0.19,0.81,0.82,0.01,0.01,75002.97,1776322830000
1776322831.983,31.983,0.18,0.19,0.81,0.82,0.01,0.01,75002.97,1776322830000
1776322832.334,32.334,0.18,0.19,0.81,0.82,0.01,0.01,74997.15,1776322831000
1776322832.711,32.711,0.18,0.19,0.81,0.82,0.01,0.01,74997.15,1776322831000
1776322833.069,33.069,0.18,0.19,0.81,0.82,0.01,0.01,74997.15,1776322831000
1776322833.455,33.455,0.17,0.18,0.81,0.82,0.01,0.01,74992.18,1776322832000
1776322833.811,33.811,0.17,0.18,0.82,0.83,0.01,0.01,74992.18,1776322832000
1776322834.155,34.155,0.17,0.18,0.82,0.83,0.01,0.01,74990.92,1776322833000
1776322834.589,34.589,0.17,0.18,0.82,0.83,0.01,0.01,74990.92,1776322833000
1776322834.954,34.954,0.17,0.18,0.82,0.83,0.01,0.01,74990.92,1776322833000
1776322835.294,35.294,0.17,0.18,0.82,0.83,0.01,0.01,74989.84,1776322834000
1776322835.953,35.953,0.17,0.18,0.82,0.83,0.01,0.01,74989.84,1776322834000
1776322836.347,36.347,0.17,0.18,0.82,0.83,0.01,0.01,74988.06,1776322835000
1776322836.796,36.796,0.17,0.18,0.82,0.83,0.01,0.01,74988.06,1776322835000
1776322837.161,37.161,0.17,0.18,0.82,0.83,0.01,0.01,74988.06,1776322835000
1776322837.514,37.514,0.17,0.18,0.82,0.83,0.01,0.01,74987.4,1776322836000
1776322838.147,38.147,0.17,0.18,0.82,0.83,0.01,0.01,74987.4,1776322836000
1776322838.49,38.49,0.17,0.18,0.82,0.83,0.01,0.01,74987.42,1776322837000
1776322839.002,39.002,0.17,0.18,0.82,0.83,0.01,0.01,74987.42,1776322837000
1776322839.391,39.391,0.17,0.18,0.82,0.83,0.01,0.01,74987.42,1776322837000
1776322839.729,39.729,0.17,0.18,0.82,0.83,0.01,0.01,74987.26,1776322838000
1776322840.224,40.224,0.17,0.18,0.82,0.83,0.01,0.01,74987.26,1776322838000
1776322840.658,40.658,0.17,0.18,0.82,0.83,0.01,0.01,74987.11,1776322839000
1776322841.221,41.221,0.17,0.18,0.82,0.83,0.01,0.01,74987.11,1776322839000
1776322841.631,41.631,0.17,0.18,0.82,0.83,0.01,0.01,74987.11,1776322839000
1776322842.201,42.201,0.17,0.18,0.82,0.83,0.01,0.01,74987.9,1776322841000
1776322842.543,42.543,0.18,0.19,0.81,0.82,0.01,0.01,74987.9,1776322841000
1776322843.194,43.194,0.18,0.19,0.81,0.82,0.01,0.01,74987.9,1776322841000
1776322843.582,43.582,0.24,0.25,0.75,0.76,0.01,0.01,74987.17,1776322842000
1776322843.943,43.943,0.26,0.28,0.72,0.75,0.02,0.03,74987.06,1776322843000
1776322844.287,44.287,0.29,0.32,0.68,0.71,0.03,0.03,74987.06,1776322843000
1776322844.672,44.672,0.31,0.34,0.68,0.7,0.03,0.02,74987.06,1776322843000
1776322845.01,45.01,0.31,0.33,0.67,0.69,0.02,0.02,74987.06,1776322843000
1776322845.344,45.344,0.32,0.33,0.67,0.68,0.01,0.01,74993.36,1776322844000
1776322845.689,45.689,0.32,0.34,0.67,0.68,0.02,0.01,74993.36,1776322844000
1776322846.078,46.078,0.32,0.33,0.67,0.68,0.01,0.01,74993.36,1776322844000
1776322846.421,46.421,0.32,0.33,0.67,0.68,0.01,0.01,75011.54,1776322845000
1776322846.756,46.756,0.31,0.33,0.67,0.68,0.02,0.01,75011.54,1776322845000
1776322847.272,47.272,0.31,0.33,0.67,0.69,0.02,0.02,75013.07,1776322846000
1776322847.717,47.717,0.31,0.32,0.68,0.69,0.01,0.01,75013.07,1776322846000
1776322848.271,48.271,0.31,0.32,0.68,0.69,0.01,0.01,75013.07,1776322846000
1776322848.986,48.986,0.31,0.32,0.68,0.69,0.01,0.01,75012.36,1776322848000
1776322849.448,49.448,0.31,0.32,0.68,0.69,0.01,0.01,75012.36,1776322848000
1776322850.031,50.031,0.31,0.32,0.68,0.69,0.01,0.01,75012.36,1776322848000
1776322850.43,50.43,0.3,0.31,0.68,0.7,0.01,0.02,75012.36,1776322849000
1776322850.868,50.868,0.3,0.31,0.69,0.7,0.01,0.01,75012.36,1776322849000
1776322851.297,51.297,0.3,0.31,0.69,0.7,0.01,0.01,75012.36,1776322849000
1776322851.64,51.64,0.3,0.31,0.69,0.7,0.01,0.01,75013.86,1776322850000
1776322852.086,52.086,0.3,0.31,0.69,0.7,0.01,0.01,75013.86,1776322850000
1776322852.477,52.477,0.3,0.31,0.69,0.7,0.01,0.01,75011.01,1776322851000
1776322852.827,52.827,0.3,0.31,0.69,0.7,0.01,0.01,75011.01,1776322851000
1776322853.229,53.229,0.3,0.31,0.69,0.7,0.01,0.01,75012.16,1776322852000
1776322853.9,53.9,0.3,0.31,0.69,0.7,0.01,0.01,75012.16,1776322852000
1776322854.445,54.445,0.25,0.26,0.74,0.75,0.01,0.01,75012.16,1776322852000
1776322854.781,54.781,0.24,0.25,0.75,0.76,0.01,0.01,75012.16,1776322852000
1776322855.159,55.159,0.24,0.25,0.75,0.76,0.01,0.01,75012.07,1776322853000
1776322855.513,55.513,0.24,0.25,0.75,0.76,0.01,0.01,75012.07,1776322853000
1776322855.861,55.861,0.24,0.25,0.75,0.76,0.01,0.01,75012.06,1776322854000
1776322856.206,56.206,0.24,0.25,0.75,0.76,0.01,0.01,75012.06,1776322854000
1776322856.619,56.619,0.24,0.25,0.75,0.76,0.01,0.01,75010.91,1776322855000
1776322857.044,57.044,0.24,0.25,0.75,0.76,0.01,0.01,75010.91,1776322855000
1776322857.953,57.953,0.24,0.25,0.75,0.76,0.01,0.01,75008.72,1776322856000
1776322858.346,58.346,0.24,0.25,0.75,0.76,0.01,0.01,75008.72,1776322856000
1776322858.772,58.772,0.24,0.25,0.75,0.76,0.01,0.01,75006.85,1776322857000
1776322859.115,59.115,0.24,0.25,0.75,0.76,0.01,0.01,75006.85,1776322857000
1776322859.448,59.448,0.24,0.25,0.75,0.76,0.01,0.01,75006.85,1776322857000
1776322860.039,60.039,0.24,0.25,0.75,0.76,0.01,0.01,75004.58,1776322858000
1776322860.424,60.424,0.24,0.25,0.75,0.76,0.01,0.01,75004.47,1776322859000
1776322860.795,60.795,0.24,0.25,0.75,0.76,0.01,0.01,75004.47,1776322859000
1776322861.492,61.492,0.24,0.25,0.75,0.76,0.01,0.01,75004.47,1776322859000
1776322861.892,61.892,0.23,0.24,0.75,0.77,0.01,0.02,75004.46,1776322860000
1776322862.238,62.238,0.21,0.22,0.78,0.79,0.01,0.01,75004.46,1776322861000
1776322862.61,62.61,0.19,0.2,0.8,0.81,0.01,0.01,75004.46,1776322861000
1776322863.133,63.133,0.19,0.2,0.8,0.81,0.01,0.01,75004.46,1776322861000
1776322863.613,63.613,0.19,0.2,0.8,0.81,0.01,0.01,75004.46,1776322861000
1776322864.443,64.443,0.19,0.2,0.8,0.81,0.01,0.01,75001.24,1776322863000
1776322864.78,64.78,0.21,0.23,0.78,0.8,0.02,0.02,75001.24,1776322863000
1776322865.132,65.132,0.22,0.23,0.77,0.78,0.01,0.01,75001.24,1776322863000
1776322865.517,65.517,0.22,0.23,0.77,0.78,0.01,0.01,74999.75,1776322864000
1776322865.931,65.931,0.22,0.23,0.77,0.78,0.01,0.01,74999.75,1776322864000
1776322866.265,66.265,0.23,0.24,0.76,0.78,0.01,0.02,74999.75,1776322864000
1776322866.603,66.603,0.26,0.28,0.72,0.74,0.02,0.02,74999.75,1776322864000
1776322866.995,66.995,0.3,0.32,0.68,0.7,0.02,0.02,75001.39,1776322865000
1776322867.342,67.342,0.31,0.32,0.68,0.69,0.01,0.01,75001.39,1776322865000
1776322867.709,67.709,0.31,0.32,0.68,0.69,0.01,0.01,75001.86,1776322866000
1776322868.485,68.485,0.31,0.32,0.68,0.69,0.01,0.01,75007.3,1776322867000
1776322869.217,69.217,0.31,0.32,0.68,0.69,0.01,0.01,75014.99,1776322868000
1776322869.642,69.642,0.31,0.32,0.68,0.69,0.01,0.01,75014.99,1776322868000
1776322870.047,70.047,0.31,0.32,0.68,0.69,0.01,0.01,75014.99,1776322868000
1776322870.625,70.625,0.31,0.32,0.68,0.69,0.01,0.01,75014.99,1776322868000
1776322871.175,71.175,0.31,0.32,0.68,0.69,0.01,0.01,75012.86,1776322869000
1776322871.529,71.529,0.31,0.32,0.68,0.69,0.01,0.01,75012.86,1776322869000
1776322872.04,72.04,0.31,0.32,0.68,0.69,0.01,0.01,75013.0,1776322870000
1776322872.501,72.501,0.31,0.32,0.68,0.69,0.01,0.01,75013.0,1776322870000
1776322872.862,72.862,0.31,0.32,0.68,0.69,0.01,0.01,75013.03,1776322871000
1776322873.208,73.208,0.31,0.32,0.68,0.69,0.01,0.01,75013.03,1776322871000
1776322873.648,73.648,0.31,0.32,0.68,0.69,0.01,0.01,75013.03,1776322872000
1776322874.079,74.079,0.31,0.32,0.68,0.69,0.01,0.01,75013.03,1776322872000
1776322874.558,74.558,0.31,0.32,0.68,0.69,0.01,0.01,75013.03,1776322872000
1776322874.955,74.955,0.31,0.32,0.68,0.69,0.01,0.01,75013.59,1776322873000
1776322875.347,75.347,0.31,0.32,0.68,0.69,0.01,0.01,75013.49,1776322874000
1776322875.957,75.957,0.31,0.32,0.68,0.69,0.01,0.01,75013.49,1776322874000
1776322876.311,76.311,0.31,0.32,0.68,0.69,0.01,0.01,75013.48,1776322875000
1776322876.837,76.837,0.3,0.32,0.68,0.69,0.02,0.01,75013.48,1776322875000
1776322877.441,77.441,0.3,0.31,0.68,0.7,0.01,0.02,75013.48,1776322875000
1776322877.881,77.881,0.3,0.31,0.69,0.7,0.01,0.01,75013.86,1776322876000
1776322878.266,78.266,0.3,0.31,0.69,0.7,0.01,0.01,75013.48,1776322877000
1776322878.893,78.893,0.3,0.31,0.69,0.7,0.01,0.01,75013.48,1776322877000
1776322879.371,79.371,0.3,0.31,0.69,0.7,0.01,0.01,75013.48,1776322877000
1776322879.791,79.791,0.3,0.31,0.69,0.7,0.01,0.01,75013.41,1776322878000
1776322880.197,80.197,0.3,0.31,0.69,0.7,0.01,0.01,75013.41,1776322879000
1776322880.53,80.53,0.3,0.31,0.69,0.7,0.01,0.01,75013.41,1776322879000
1776322881.164,81.164,0.3,0.31,0.69,0.7,0.01,0.01,75013.41,1776322879000
1776322881.985,81.985,0.3,0.31,0.69,0.7,0.01,0.01,75013.41,1776322880000
1776322882.414,82.414,0.3,0.31,0.69,0.7,0.01,0.01,75013.26,1776322881000
1776322882.81,82.81,0.3,0.31,0.69,0.7,0.01,0.01,75013.26,1776322881000
1776322883.218,83.218,0.3,0.31,0.69,0.7,0.01,0.01,75013.25,1776322882000
1776322883.551,83.551,0.28,0.29,0.71,0.72,0.01,0.01,75013.25,1776322882000
1776322883.919,83.919,0.28,0.29,0.71,0.72,0.01,0.01,75013.25,1776322882000
1776322884.459,84.459,0.27,0.29,0.71,0.72,0.02,0.01,75013.25,1776322883000
1776322884.972,84.972,0.29,0.31,0.7,0.72,0.02,0.02,75013.25,1776322883000
1776322885.311,85.311,0.3,0.31,0.69,0.7,0.01,0.01,75013.75,1776322884000
1776322885.677,85.677,0.3,0.31,0.69,0.7,0.01,0.01,75013.75,1776322884000
1776322886.267,86.267,0.3,0.31,0.69,0.7,0.01,0.01,75013.75,1776322884000
1776322886.602,86.602,0.32,0.33,0.67,0.68,0.01,0.01,75012.36,1776322885000
1776322887.0,87.0,0.32,0.33,0.67,0.68,0.01,0.01,75012.36,1776322885000
1776322887.476,87.476,0.32,0.33,0.67,0.68,0.01,0.01,75012.36,1776322885000
1776322887.819,87.819,0.32,0.33,0.67,0.68,0.01,0.01,75012.36,1776322885000
1776322888.362,88.362,0.32,0.33,0.67,0.68,0.01,0.01,75012.65,1776322886000
1776322888.717,88.717,0.32,0.33,0.67,0.68,0.01,0.01,75012.65,1776322886000
1776322889.431,89.431,0.32,0.33,0.67,0.68,0.01,0.01,75015.12,1776322888000
1776322889.765,89.765,0.25,0.26,0.72,0.75,0.01,0.03,75015.12,1776322888000
1776322890.217,90.217,0.2,0.24,0.74,0.76,0.04,0.02,75015.2,1776322889000
1776322890.559,90.559,0.21,0.22,0.78,0.8,0.01,0.02,75015.2,1776322889000
1776322890.904,90.904,0.19,0.21,0.79,0.8,0.02,0.01,75015.2,1776322889000
1776322891.34,91.34,0.19,0.2,0.79,0.8,0.01,0.01,75015.2,1776322889000
1776322891.819,91.819,0.19,0.2,0.8,0.81,0.01,0.01,75012.33,1776322890000
1776322892.23,92.23,0.19,0.2,0.8,0.81,0.01,0.01,75007.92,1776322891000
1776322892.601,92.601,0.2,0.21,0.79,0.8,0.01,0.01,75007.92,1776322891000
1776322892.938,92.938,0.2,0.21,0.79,0.8,0.01,0.01,75007.92,1776322891000
1776322893.322,93.322,0.2,0.21,0.79,0.8,0.01,0.01,75004.89,1776322892000
1776322893.726,93.726,0.2,0.21,0.79,0.8,0.01,0.01,75004.89,1776322892000
1776322894.251,94.251,0.21,0.22,0.78,0.79,0.01,0.01,75004.89,1776322892000
1776322894.607,94.607,0.21,0.22,0.78,0.79,0.01,0.01,75003.02,1776322893000
1776322895.0,95.0,0.21,0.22,0.78,0.79,0.01,0.01,75003.02,1776322893000
1776322895.372,95.372,0.22,0.23,0.77,0.79,0.01,0.02,75003.02,1776322894000
1776322895.823,95.823,0.22,0.23,0.77,0.78,0.01,0.01,75003.02,1776322894000
1776322896.341,96.341,0.22,0.23,0.77,0.78,0.01,0.01,75003.02,1776322894000
1776322896.747,96.747,0.22,0.23,0.77,0.78,0.01,0.01,75003.32,1776322895000
1776322897.105,97.105,0.22,0.23,0.77,0.78,0.01,0.01,75003.37,1776322896000
1776322897.908,97.908,0.22,0.23,0.77,0.78,0.01,0.01,75003.37,1776322896000
1776322898.335,98.335,0.22,0.23,0.77,0.78,0.01,0.01,75003.37,1776322896000
1776322898.684,98.684,0.22,0.23,0.77,0.78,0.01,0.01,75003.37,1776322896000
1776322899.322,99.322,0.22,0.23,0.77,0.78,0.01,0.01,75003.32,1776322897000
1776322899.696,99.696,0.22,0.23,0.77,0.78,0.01,0.01,75003.32,1776322897000
1776322900.107,100.107,0.22,0.23,0.77,0.78,0.01,0.01,75003.32,1776322898000
1776322900.571,100.571,0.22,0.23,0.77,0.78,0.01,0.01,75003.32,1776322899000
1776322901.021,101.021,0.22,0.23,0.77,0.78,0.01,0.01,75003.32,1776322899000
1776322901.725,101.725,0.22,0.23,0.77,0.78,0.01,0.01,75003.32,1776322900000
1776322902.124,102.124,0.22,0.23,0.77,0.78,0.01,0.01,75003.32,1776322900000
1776322902.524,102.524,0.22,0.23,0.77,0.78,0.01,0.01,75003.32,1776322900000
1776322903.585,103.585,0.22,0.23,0.77,0.78,0.01,0.01,75002.32,1776322902000
1776322904.093,104.093,0.22,0.23,0.77,0.78,0.01,0.01,75002.32,1776322902000
1776322905.08,105.08,0.22,0.23,0.77,0.78,0.01,0.01,75002.32,1776322903000
1776322905.5,105.5,0.22,0.23,0.77,0.78,0.01,0.01,75002.32,1776322903000
1776322905.869,105.869,0.22,0.23,0.77,0.78,0.01,0.01,75002.36,1776322904000
1776322906.314,106.314,0.22,0.23,0.77,0.78,0.01,0.01,75002.36,1776322904000
1776322906.678,106.678,0.22,0.23,0.77,0.78,0.01,0.01,75002.35,1776322905000
1776322907.076,107.076,0.22,0.23,0.77,0.78,0.01,0.01,75002.91,1776322906000
1776322907.518,107.518,0.22,0.23,0.77,0.78,0.01,0.01,75002.91,1776322906000
1776322907.991,107.991,0.22,0.23,0.77,0.78,0.01,0.01,75002.91,1776322906000
1776322908.547,108.547,0.22,0.23,0.77,0.78,0.01,0.01,75003.43,1776322907000
1776322908.98,108.98,0.21,0.22,0.77,0.78,0.01,0.01,75003.43,1776322907000
1776322909.459,109.459,0.21,0.22,0.78,0.79,0.01,0.01,75004.71,1776322908000
1776322910.465,110.465,0.21,0.22,0.78,0.79,0.01,0.01,75004.7,1776322909000
1776322910.826,110.826,0.21,0.22,0.78,0.79,0.01,0.01,75004.7,1776322909000
1776322911.721,111.721,0.21,0.22,0.78,0.79,0.01,0.01,75004.54,1776322910000
1776322912.09,112.09,0.21,0.22,0.78,0.79,0.01,0.01,75004.54,1776322911000
1776322912.488,112.488,0.21,0.22,0.78,0.79,0.01,0.01,75004.54,1776322911000
1776322912.902,112.902,0.21,0.22,0.78,0.79,0.01,0.01,75004.54,1776322911000
1776322913.267,113.267,0.21,0.22,0.78,0.79,0.01,0.01,75004.51,1776322912000
1776322914.428,114.428,0.21,0.22,0.78,0.79,0.01,0.01,75004.51,1776322913000
1776322915.062,115.062,0.21,0.22,0.78,0.79,0.01,0.01,75004.53,1776322914000
1776322915.434,115.434,0.21,0.22,0.78,0.79,0.01,0.01,75004.53,1776322914000
1776322915.842,115.842,0.21,0.22,0.78,0.79,0.01,0.01,75004.53,1776322914000
1776322916.198,116.198,0.21,0.22,0.78,0.79,0.01,0.01,75004.53,1776322915000
1776322917.043,117.043,0.21,0.22,0.78,0.79,0.01,0.01,75004.53,1776322915000
1776322917.536,117.536,0.21,0.22,0.78,0.79,0.01,0.01,75004.51,1776322916000
1776322918.139,118.139,0.21,0.22,0.78,0.79,0.01,0.01,75004.51,1776322916000
1776322918.843,118.843,0.21,0.22,0.78,0.79,0.01,0.01,75004.3,1776322917000
1776322919.365,119.365,0.21,0.22,0.78,0.79,0.01,0.01,75004.42,1776322918000
1776322919.73,119.73,0.21,0.22,0.78,0.79,0.01,0.01,75004.42,1776322918000
1776322920.347,120.347,0.21,0.22,0.78,0.79,0.01,0.01,75004.42,1776322918000
1776322920.691,120.691,0.21,0.22,0.78,0.79,0.01,0.01,75004.42,1776322918000
1776322921.044,121.044,0.21,0.22,0.78,0.79,0.01,0.01,75004.42,1776322918000
1776322921.455,121.455,0.21,0.22,0.78,0.79,0.01,0.01,75004.42,1776322918000
1776322921.834,121.834,0.21,0.22,0.78,0.79,0.01,0.01,75004.25,1776322920000
1776322922.268,122.268,0.21,0.22,0.78,0.79,0.01,0.01,75004.25,1776322920000
1776322922.672,122.672,0.21,0.22,0.78,0.79,0.01,0.01,75004.46,1776322921000
1776322923.193,123.193,0.21,0.22,0.78,0.79,0.01,0.01,75004.46,1776322921000
1776322923.653,123.653,0.21,0.22,0.78,0.79,0.01,0.01,75004.63,1776322922000
1776322924.145,124.145,0.21,0.22,0.78,0.79,0.01,0.01,75004.32,1776322923000
1776322924.748,124.748,0.21,0.22,0.78,0.79,0.01,0.01,75004.32,1776322923000
1776322925.139,125.139,0.21,0.22,0.78,0.79,0.01,0.01,75004.3,1776322924000
1776322925.654,125.654,0.21,0.22,0.78,0.79,0.01,0.01,75004.3,1776322924000
1776322926.036,126.036,0.21,0.22,0.78,0.79,0.01,0.01,75004.3,1776322924000
1776322926.392,126.392,0.21,0.22,0.78,0.79,0.01,0.01,75004.39,1776322925000
1776322927.002,127.002,0.21,0.22,0.78,0.79,0.01,0.01,75004.39,1776322925000
1776322927.362,127.362,0.21,0.22,0.78,0.79,0.01,0.01,75004.39,1776322925000
1776322927.741,127.741,0.24,0.27,0.75,0.76,0.03,0.01,75004.5,1776322926000
1776322928.084,128.084,0.24,0.25,0.75,0.76,0.01,0.01,75004.57,1776322927000
1776322928.725,128.725,0.25,0.26,0.74,0.75,0.01,0.01,75004.57,1776322927000
1776322929.083,129.083,0.25,0.26,0.74,0.75,0.01,0.01,75004.57,1776322927000
1776322929.494,129.494,0.25,0.26,0.74,0.75,0.01,0.01,75010.33,1776322928000
1776322929.95,129.95,0.25,0.26,0.74,0.75,0.01,0.01,75010.33,1776322928000
1776322930.316,130.316,0.25,0.26,0.74,0.75,0.01,0.01,75011.05,1776322929000
1776322930.726,130.726,0.26,0.27,0.73,0.74,0.01,0.01,75011.05,1776322929000
1776322931.085,131.085,0.28,0.29,0.71,0.72,0.01,0.01,75011.05,1776322929000
1776322931.428,131.428,0.28,0.29,0.71,0.72,0.01,0.01,75011.05,1776322929000
1776322931.815,131.815,0.33,0.35,0.66,0.71,0.02,0.05,75011.11,1776322930000
1776322932.228,132.228,0.35,0.36,0.64,0.66,0.01,0.02,75012.19,1776322931000
1776322932.562,132.562,0.36,0.39,0.63,0.64,0.03,0.01,75012.19,1776322931000
1776322932.996,132.996,0.4,0.41,0.6,0.62,0.01,0.02,75012.19,1776322931000
1776322933.335,133.335,0.41,0.42,0.58,0.59,0.01,0.01,75019.76,1776322932000
1776322933.712,133.712,0.41,0.42,0.58,0.59,0.01,0.01,75019.76,1776322932000
1776322934.194,134.194,0.42,0.43,0.57,0.58,0.01,0.01,75029.18,1776322933000
1776322934.707,134.707,0.43,0.44,0.56,0.57,0.01,0.01,75029.18,1776322933000
1776322935.11,135.11,0.43,0.44,0.56,0.57,0.01,0.01,75029.18,1776322933000
1776322935.466,135.466,0.42,0.43,0.57,0.58,0.01,0.01,75030.65,1776322934000
1776322936.014,136.014,0.42,0.43,0.57,0.58,0.01,0.01,75030.65,1776322934000
1776322936.44,136.44,0.42,0.43,0.57,0.58,0.01,0.01,75030.77,1776322935000
1776322936.778,136.778,0.42,0.43,0.57,0.58,0.01,0.01,75030.77,1776322935000
1776322937.297,137.297,0.43,0.44,0.56,0.57,0.01,0.01,75030.88,1776322936000
1776322937.648,137.648,0.43,0.44,0.56,0.57,0.01,0.01,75030.88,1776322936000
1776322938.001,138.001,0.43,0.44,0.56,0.57,0.01,0.01,75033.4,1776322937000
1776322938.395,138.395,0.43,0.44,0.56,0.57,0.01,0.01,75033.4,1776322937000
1776322938.864,138.864,0.43,0.44,0.56,0.57,0.01,0.01,75033.4,1776322937000
1776322939.347,139.347,0.43,0.44,0.56,0.57,0.01,0.01,75033.9,1776322938000
1776322939.907,139.907,0.43,0.44,0.56,0.57,0.01,0.01,75033.9,1776322938000
1776322940.302,140.302,0.43,0.44,0.56,0.57,0.01,0.01,75034.07,1776322939000
1776322940.852,140.852,0.43,0.44,0.56,0.57,0.01,0.01,75034.07,1776322939000
1776322941.303,141.303,0.43,0.44,0.56,0.57,0.01,0.01,75034.34,1776322940000
1776322941.658,141.658,0.43,0.44,0.56,0.57,0.01,0.01,75034.34,1776322940000
1776322942.092,142.092,0.43,0.44,0.56,0.57,0.01,0.01,75034.34,1776322940000
1776322942.551,142.551,0.43,0.44,0.56,0.57,0.01,0.01,75034.38,1776322941000
1776322942.886,142.886,0.42,0.43,0.57,0.58,0.01,0.01,75034.38,1776322941000
1776322943.268,143.268,0.41,0.43,0.57,0.58,0.02,0.01,75034.38,1776322941000
1776322943.612,143.612,0.36,0.38,0.62,0.63,0.02,0.01,75034.73,1776322942000
1776322943.951,143.951,0.35,0.36,0.63,0.65,0.01,0.02,75034.73,1776322942000
1776322944.307,144.307,0.3,0.33,0.67,0.69,0.03,0.02,75034.73,1776322942000
1776322944.779,144.779,0.3,0.31,0.69,0.7,0.01,0.01,75034.92,1776322943000
1776322945.119,145.119,0.26,0.31,0.69,0.73,0.05,0.04,75034.45,1776322944000
1776322945.533,145.533,0.25,0.27,0.72,0.76,0.02,0.04,75034.45,1776322944000
1776322945.933,145.933,0.23,0.24,0.76,0.77,0.01,0.01,75034.45,1776322944000
1776322946.324,146.324,0.23,0.24,0.76,0.77,0.01,0.01,75026.97,1776322945000
1776322946.782,146.782,0.23,0.24,0.76,0.77,0.01,0.01,75026.97,1776322945000
1776322947.129,147.129,0.23,0.24,0.76,0.77,0.01,0.01,75017.8,1776322946000
1776322947.485,147.485,0.23,0.24,0.76,0.77,0.01,0.01,75017.8,1776322946000
1776322947.923,147.923,0.23,0.24,0.76,0.77,0.01,0.01,75017.8,1776322946000
1776322948.316,148.316,0.23,0.24,0.76,0.77,0.01,0.01,75017.17,1776322947000
1776322948.666,148.666,0.23,0.24,0.76,0.77,0.01,0.01,75017.17,1776322947000
1776322949.197,149.197,0.23,0.24,0.76,0.77,0.01,0.01,75017.17,1776322947000
1776322949.753,149.753,0.23,0.24,0.76,0.77,0.01,0.01,75016.52,1776322948000
1776322950.239,150.239,0.23,0.24,0.76,0.77,0.01,0.01,75015.93,1776322949000
1776322950.92,150.92,0.23,0.24,0.76,0.77,0.01,0.01,75015.93,1776322949000
1776322951.298,151.298,0.23,0.24,0.76,0.77,0.01,0.01,75015.93,1776322949000
1776322951.642,151.642,0.23,0.24,0.76,0.77,0.01,0.01,75015.93,1776322949000
1776322952.018,152.018,0.23,0.24,0.76,0.77,0.01,0.01,75015.39,1776322950000
1776322952.406,152.406,0.23,0.24,0.76,0.77,0.01,0.01,75015.39,1776322950000
1776322953.076,153.076,0.23,0.24,0.76,0.77,0.01,0.01,75015.57,1776322951000
1776322953.452,153.452,0.22,0.23,0.76,0.78,0.01,0.02,75015.57,1776322952000
1776322953.866,153.866,0.22,0.23,0.77,0.78,0.01,0.01,75015.57,1776322952000
1776322954.654,154.654,0.22,0.23,0.77,0.78,0.01,0.01,75015.57,1776322952000
1776322955.036,155.036,0.22,0.23,0.77,0.78,0.01,0.01,75015.8,1776322953000
1776322955.611,155.611,0.22,0.23,0.77,0.78,0.01,0.01,75015.79,1776322954000
1776322955.958,155.958,0.29,0.3,0.7,0.71,0.01,0.01,75015.79,1776322954000
1776322956.293,156.293,0.3,0.32,0.69,0.71,0.02,0.02,75015.77,1776322955000
1776322956.626,156.626,0.31,0.32,0.68,0.69,0.01,0.01,75015.77,1776322955000
1776322957.043,157.043,0.32,0.33,0.67,0.68,0.01,0.01,75015.77,1776322955000
1776322957.581,157.581,0.32,0.33,0.67,0.68,0.01,0.01,75015.77,1776322955000
1776322958.073,158.073,0.35,0.36,0.65,0.66,0.01,0.01,75019.4,1776322956000
1776322958.491,158.491,0.36,0.37,0.64,0.65,0.01,0.01,75022.79,1776322957000
1776322958.942,158.942,0.37,0.38,0.62,0.64,0.01,0.02,75022.79,1776322957000
1776322959.396,159.396,0.37,0.38,0.62,0.63,0.01,0.01,75022.79,1776322957000
1776322959.734,159.734,0.37,0.38,0.62,0.63,0.01,0.01,75028.64,1776322958000
1776322960.071,160.071,0.35,0.38,0.62,0.63,0.03,0.01,75028.64,1776322958000
1776322960.422,160.422,0.34,0.36,0.64,0.66,0.02,0.02,75028.64,1776322958000
1776322960.904,160.904,0.33,0.34,0.65,0.67,0.01,0.02,75029.56,1776322959000
1776322961.239,161.239,0.28,0.3,0.7,0.72,0.02,0.02,75030.9,1776322960000
1776322961.577,161.577,0.28,0.29,0.71,0.72,0.01,0.01,75030.9,1776322960000
1776322961.917,161.917,0.28,0.29,0.71,0.72,0.01,0.01,75030.9,1776322960000
1776322962.259,162.259,0.28,0.29,0.71,0.72,0.01,0.01,75030.9,1776322960000
1776322962.688,162.688,0.28,0.29,0.71,0.72,0.01,0.01,75030.9,1776322960000
1776322963.022,163.022,0.28,0.29,0.71,0.72,0.01,0.01,75026.94,1776322961000
1776322963.381,163.381,0.28,0.29,0.71,0.72,0.01,0.01,75022.82,1776322962000
1776322963.716,163.716,0.28,0.29,0.71,0.72,0.01,0.01,75022.82,1776322962000
1776322964.071,164.071,0.28,0.29,0.71,0.72,0.01,0.01,75022.82,1776322962000
1776322964.421,164.421,0.28,0.29,0.71,0.72,0.01,0.01,75021.47,1776322963000
1776322964.758,164.758,0.28,0.3,0.71,0.72,0.02,0.01,75021.47,1776322963000
1776322965.131,165.131,0.29,0.3,0.7,0.71,0.01,0.01,75021.47,1776322963000
1776322965.589,165.589,0.29,0.3,0.7,0.71,0.01,0.01,75021.84,1776322964000
1776322966.003,166.003,0.3,0.31,0.69,0.7,0.01,0.01,75021.84,1776322964000
1776322966.336,166.336,0.3,0.31,0.69,0.7,0.01,0.01,75022.57,1776322965000
1776322966.688,166.688,0.3,0.31,0.69,0.7,0.01,0.01,75022.57,1776322965000
1776322967.081,167.081,0.3,0.31,0.69,0.7,0.01,0.01,75022.57,1776322965000
1776322967.46,167.46,0.29,0.31,0.69,0.71,0.02,0.02,75023.31,1776322966000
1776322967.867,167.867,0.29,0.3,0.7,0.71,0.01,0.01,75023.31,1776322966000
1776322968.455,168.455,0.29,0.3,0.7,0.71,0.01,0.01,75023.31,1776322966000
1776322968.819,168.819,0.29,0.3,0.7,0.71,0.01,0.01,75023.31,1776322966000
1776322969.493,169.493,0.29,0.3,0.7,0.71,0.01,0.01,75023.13,1776322967000
1776322969.858,169.858,0.32,0.33,0.67,0.68,0.01,0.01,75023.13,1776322967000
1776322970.208,170.208,0.32,0.33,0.67,0.68,0.01,0.01,75023.13,1776322968000
1776322970.549,170.549,0.28,0.33,0.67,0.72,0.05,0.05,75023.13,1776322968000
1776322970.887,170.887,0.28,0.29,0.71,0.72,0.01,0.01,75024.82,1776322969000
1776322971.266,171.266,0.27,0.28,0.71,0.73,0.01,0.02,75024.82,1776322969000
1776322971.613,171.613,0.24,0.25,0.73,0.74,0.01,0.01,75024.85,1776322970000
1776322971.961,171.961,0.23,0.25,0.75,0.76,0.02,0.01,75024.85,1776322970000
1776322972.316,172.316,0.23,0.24,0.76,0.77,0.01,0.01,75024.85,1776322970000
1776322972.697,172.697,0.2,0.21,0.77,0.78,0.01,0.01,75024.85,1776322970000
1776322973.097,173.097,0.2,0.21,0.79,0.8,0.01,0.01,75023.49,1776322971000
1776322973.549,173.549,0.2,0.21,0.79,0.8,0.01,0.01,75019.25,1776322972000
1776322973.906,173.906,0.2,0.21,0.79,0.8,0.01,0.01,75019.25,1776322972000
1776322974.337,174.337,0.2,0.21,0.79,0.8,0.01,0.01,75019.25,1776322972000
1776322974.696,174.696,0.2,0.21,0.79,0.8,0.01,0.01,75014.93,1776322973000
1776322975.271,175.271,0.2,0.21,0.79,0.8,0.01,0.01,75014.46,1776322974000
1776322975.65,175.65,0.2,0.21,0.79,0.8,0.01,0.01,75014.46,1776322974000
1776322976.212,176.212,0.2,0.21,0.79,0.8,0.01,0.01,75014.46,1776322974000
1776322976.622,176.622,0.2,0.21,0.79,0.8,0.01,0.01,75013.69,1776322975000
1776322976.989,176.989,0.21,0.22,0.78,0.79,0.01,0.01,75013.69,1776322975000
1776322977.361,177.361,0.21,0.22,0.78,0.79,0.01,0.01,75013.68,1776322976000
1776322978.276,178.276,0.21,0.22,0.78,0.79,0.01,0.01,75013.68,1776322977000
1776322978.813,178.813,0.21,0.23,0.77,0.79,0.02,0.02,75013.68,1776322977000
1776322979.426,179.426,0.21,0.22,0.78,0.79,0.01,0.01,75013.68,1776322977000
1776322980.122,180.122,0.21,0.22,0.78,0.79,0.01,0.01,75013.57,1776322979000
1776322980.475,180.475,0.21,0.22,0.78,0.79,0.01,0.01,75013.57,1776322979000
1776322981.073,181.073,0.21,0.22,0.78,0.79,0.01,0.01,75013.57,1776322979000
1776322981.441,181.441,0.21,0.22,0.78,0.79,0.01,0.01,75013.5,1776322980000
1776322981.775,181.775,0.21,0.23,0.77,0.79,0.02,0.02,75013.5,1776322980000
1776322982.233,182.233,0.22,0.23,0.77,0.78,0.01,0.01,75013.5,1776322981000
1776322982.572,182.572,0.24,0.25,0.75,0.76,0.01,0.01,75013.5,1776322981000
1776322982.92,182.92,0.24,0.25,0.75,0.76,0.01,0.01,75013.5,1776322981000
1776322983.475,183.475,0.24,0.25,0.75,0.76,0.01,0.01,75014.08,1776322982000
1776322984.021,184.021,0.24,0.25,0.75,0.76,0.01,0.01,75014.08,1776322982000
1776322984.455,184.455,0.24,0.25,0.75,0.76,0.01,0.01,75017.58,1776322983000
1776322985.078,185.078,0.24,0.25,0.75,0.76,0.01,0.01,75017.58,1776322983000
1776322986.312,186.312,0.24,0.25,0.75,0.76,0.01,0.01,75017.58,1776322983000
1776322986.895,186.895,0.24,0.25,0.75,0.76,0.01,0.01,75016.95,1776322985000
1776322987.494,187.494,0.22,0.25,0.75,0.78,0.03,0.03,75016.95,1776322986000
1776322988.079,188.079,0.22,0.25,0.75,0.78,0.03,0.03,75018.36,1776322987000
1776322988.527,188.527,0.22,0.23,0.77,0.78,0.01,0.01,75018.36,1776322987000
1776322988.87,188.87,0.22,0.23,0.77,0.78,0.01,0.01,75018.36,1776322987000
1776322989.211,189.211,0.22,0.23,0.77,0.78,0.01,0.01,75017.9,1776322988000
1776322989.889,189.889,0.22,0.23,0.77,0.78,0.01,0.01,75017.9,1776322988000
1776322990.328,190.328,0.21,0.23,0.77,0.79,0.02,0.02,75017.82,1776322989000
1776322990.686,190.686,0.21,0.22,0.78,0.79,0.01,0.01,75017.82,1776322989000
1776322991.246,191.246,0.21,0.22,0.78,0.79,0.01,0.01,75017.82,1776322989000
1776322991.965,191.965,0.21,0.22,0.78,0.79,0.01,0.01,75018.12,1776322991000
1776322992.342,192.342,0.21,0.22,0.78,0.79,0.01,0.01,75018.12,1776322991000
1776322993.037,193.037,0.21,0.22,0.78,0.79,0.01,0.01,75018.12,1776322991000
1776322993.39,193.39,0.21,0.22,0.78,0.79,0.01,0.01,75018.14,1776322992000
1776322994.131,194.131,0.21,0.22,0.78,0.79,0.01,0.01,75018.14,1776322992000
1776322994.625,194.625,0.21,0.22,0.78,0.79,0.01,0.01,75018.68,1776322993000
1776322995.215,195.215,0.21,0.22,0.78,0.79,0.01,0.01,75019.38,1776322994000
1776322995.67,195.67,0.21,0.22,0.78,0.79,0.01,0.01,75019.38,1776322994000
1776322996.108,196.108,0.2,0.21,0.78,0.79,0.01,0.01,75019.38,1776322994000
1776322996.496,196.496,0.19,0.2,0.8,0.81,0.01,0.01,75019.11,1776322995000
1776322996.845,196.845,0.2,0.21,0.8,0.81,0.01,0.01,75019.11,1776322995000
1776322997.187,197.187,0.22,0.23,0.77,0.78,0.01,0.01,75019.11,1776322995000
1776322997.754,197.754,0.26,0.27,0.74,0.75,0.01,0.01,75019.11,1776322996000
1776322998.278,198.278,0.26,0.28,0.72,0.74,0.02,0.02,75019.0,1776322997000
1776322998.626,198.626,0.27,0.28,0.72,0.74,0.01,0.02,75019.0,1776322997000
1776322999.276,199.276,0.27,0.28,0.72,0.73,0.01,0.01,75023.75,1776322998000
1776322999.994,199.994,0.27,0.28,0.72,0.73,0.01,0.01,75023.75,1776322998000
1776323000.62,200.62,0.27,0.28,0.72,0.73,0.01,0.01,75023.75,1776322998000
1776323000.955,200.955,0.27,0.28,0.72,0.73,0.01,0.01,75024.7,1776322999000
1776323001.411,201.411,0.27,0.28,0.72,0.73,0.01,0.01,75024.7,1776322999000
1776323001.756,201.756,0.27,0.28,0.72,0.73,0.01,0.01,75024.7,1776323000000
1776323002.217,202.217,0.27,0.28,0.72,0.73,0.01,0.01,75025.43,1776323001000
1776323002.801,202.801,0.27,0.28,0.72,0.73,0.01,0.01,75025.43,1776323001000
1776323003.545,203.545,0.27,0.28,0.72,0.73,0.01,0.01,75025.46,1776323002000
1776323004.186,204.186,0.27,0.28,0.72,0.73,0.01,0.01,75024.38,1776323003000
1776323004.549,204.549,0.27,0.28,0.72,0.73,0.01,0.01,75024.38,1776323003000
1776323004.931,204.931,0.19,0.24,0.76,0.81,0.05,0.05,75024.38,1776323003000
1776323005.358,205.358,0.2,0.22,0.77,0.81,0.02,0.04,75024.38,1776323003000
1776323006.19,206.19,0.2,0.22,0.78,0.8,0.02,0.02,75018.37,1776323005000
1776323006.795,206.795,0.21,0.22,0.78,0.8,0.01,0.02,75018.37,1776323005000
1776323007.178,207.178,0.21,0.22,0.78,0.79,0.01,0.01,75018.37,1776323005000
1776323007.528,207.528,0.21,0.22,0.78,0.79,0.01,0.01,75018.52,1776323006000
1776323007.885,207.885,0.21,0.22,0.78,0.79,0.01,0.01,75018.52,1776323006000
1776323008.248,208.248,0.21,0.22,0.78,0.79,0.01,0.01,75018.51,1776323007000
1776323008.7,208.7,0.2,0.21,0.78,0.8,0.01,0.02,75018.51,1776323007000
1776323009.073,209.073,0.2,0.21,0.79,0.8,0.01,0.01,75018.51,1776323007000
1776323009.411,209.411,0.21,0.22,0.78,0.79,0.01,0.01,75018.51,1776323007000
1776323009.849,209.849,0.21,0.22,0.78,0.79,0.01,0.01,75017.82,1776323008000
1776323010.237,210.237,0.21,0.22,0.78,0.79,0.01,0.01,75017.82,1776323008000
1776323010.572,210.572,0.21,0.22,0.78,0.79,0.01,0.01,75017.46,1776323009000
1776323010.914,210.914,0.2,0.21,0.79,0.8,0.01,0.01,75017.46,1776323009000
1776323011.253,211.253,0.22,0.23,0.77,0.78,0.01,0.01,75018.07,1776323010000
1776323011.669,211.669,0.24,0.25,0.75,0.76,0.01,0.01,75018.07,1776323010000
1776323012.007,212.007,0.24,0.25,0.75,0.76,0.01,0.01,75018.07,1776323010000
1776323012.365,212.365,0.22,0.23,0.76,0.78,0.01,0.02,75018.07,1776323010000
1776323012.743,212.743,0.22,0.23,0.77,0.78,0.01,0.01,75018.65,1776323011000
1776323013.078,213.078,0.22,0.23,0.77,0.78,0.01,0.01,75018.65,1776323011000
1776323013.48,213.48,0.22,0.23,0.77,0.78,0.01,0.01,75019.75,1776323012000
1776323014.136,214.136,0.25,0.27,0.74,0.77,0.02,0.03,75019.75,1776323012000
1776323014.491,214.491,0.27,0.28,0.72,0.73,0.01,0.01,75019.75,1776323012000
1776323014.926,214.926,0.27,0.28,0.72,0.73,0.01,0.01,75020.86,1776323013000
1776323015.261,215.261,0.27,0.29,0.71,0.73,0.02,0.02,75021.48,1776323014000
1776323015.595,215.595,0.28,0.29,0.71,0.72,0.01,0.01,75021.48,1776323014000
1776323016.093,216.093,0.31,0.32,0.68,0.69,0.01,0.01,75021.48,1776323014000
1776323016.486,216.486,0.32,0.33,0.68,0.69,0.01,0.01,75021.48,1776323014000
1776323017.062,217.062,0.32,0.33,0.67,0.69,0.01,0.02,75027.23,1776323015000
1776323017.412,217.412,0.32,0.33,0.67,0.68,0.01,0.01,75027.54,1776323016000
1776323017.755,217.755,0.34,0.36,0.65,0.66,0.02,0.01,75027.54,1776323016000
1776323018.102,218.102,0.35,0.36,0.64,0.65,0.01,0.01,75027.54,1776323016000
1776323018.44,218.44,0.36,0.37,0.63,0.64,0.01,0.01,75027.54,1776323016000
1776323018.786,218.786,0.37,0.38,0.62,0.63,0.01,0.01,75032.35,1776323017000
1776323019.16,219.16,0.37,0.38,0.62,0.63,0.01,0.01,75032.35,1776323017000
1776323019.513,219.513,0.37,0.38,0.62,0.63,0.01,0.01,75032.35,1776323018000
1776323019.952,219.952,0.37,0.38,0.62,0.63,0.01,0.01,75032.35,1776323018000
1776323020.343,220.343,0.37,0.38,0.61,0.63,0.01,0.02,75032.35,1776323018000
1776323020.693,220.693,0.37,0.38,0.62,0.63,0.01,0.01,75032.35,1776323018000
1776323021.032,221.032,0.36,0.37,0.63,0.64,0.01,0.01,75032.35,1776323018000
1776323021.365,221.365,0.36,0.37,0.63,0.64,0.01,0.01,75032.35,1776323018000
1776323021.713,221.713,0.3,0.32,0.68,0.7,0.02,0.02,75032.35,1776323018000
1776323022.071,222.071,0.3,0.31,0.69,0.7,0.01,0.01,75038.45,1776323020000
1776323022.406,222.406,0.28,0.31,0.69,0.7,0.03,0.01,75038.45,1776323020000
1776323022.739,222.739,0.28,0.29,0.71,0.72,0.01,0.01,75039.33,1776323021000
1776323023.119,223.119,0.28,0.29,0.71,0.72,0.01,0.01,75039.33,1776323021000
1776323023.454,223.454,0.27,0.29,0.71,0.73,0.02,0.02,75036.01,1776323022000
1776323023.844,223.844,0.28,0.29,0.71,0.72,0.01,0.01,75036.01,1776323022000
1776323024.219,224.219,0.28,0.29,0.71,0.72,0.01,0.01,75036.01,1776323023000
1776323024.595,224.595,0.28,0.29,0.71,0.72,0.01,0.01,75036.01,1776323023000
1776323024.931,224.931,0.28,0.29,0.71,0.72,0.01,0.01,75036.01,1776323023000
1776323025.328,225.328,0.28,0.29,0.71,0.72,0.01,0.01,75036.01,1776323023000
1776323025.681,225.681,0.28,0.29,0.71,0.72,0.01,0.01,75036.01,1776323023000
1776323026.146,226.146,0.28,0.29,0.71,0.72,0.01,0.01,75035.98,1776323024000
1776323026.488,226.488,0.27,0.28,0.72,0.73,0.01,0.01,75035.98,1776323025000
1776323026.916,226.916,0.27,0.28,0.72,0.73,0.01,0.01,75035.98,1776323025000
1776323027.288,227.288,0.26,0.27,0.73,0.74,0.01,0.01,75035.98,1776323026000
1776323027.681,227.681,0.26,0.27,0.73,0.74,0.01,0.01,75035.98,1776323026000
1776323028.014,228.014,0.25,0.26,0.74,0.75,0.01,0.01,75035.98,1776323026000
1776323028.548,228.548,0.25,0.26,0.74,0.75,0.01,0.01,75035.98,1776323026000
1776323029.098,229.098,0.25,0.26,0.74,0.75,0.01,0.01,75034.34,1776323027000
1776323029.44,229.44,0.26,0.27,0.73,0.74,0.01,0.01,75034.34,1776323028000
1776323029.784,229.784,0.31,0.32,0.68,0.69,0.01,0.01,75034.34,1776323028000
1776323030.292,230.292,0.31,0.32,0.68,0.69,0.01,0.01,75034.34,1776323028000
1776323030.814,230.814,0.31,0.32,0.68,0.69,0.01,0.01,75034.34,1776323028000
1776323031.162,231.162,0.31,0.32,0.68,0.69,0.01,0.01,75033.44,1776323029000
1776323031.509,231.509,0.31,0.32,0.68,0.69,0.01,0.01,75033.44,1776323029000
1776323031.927,231.927,0.31,0.32,0.68,0.69,0.01,0.01,75034.2,1776323030000
1776323032.293,232.293,0.31,0.32,0.68,0.69,0.01,0.01,75034.2,1776323030000
1776323032.984,232.984,0.31,0.32,0.68,0.69,0.01,0.01,75034.2,1776323031000
1776323033.443,233.443,0.32,0.33,0.67,0.68,0.01,0.01,75034.07,1776323032000
1776323033.965,233.965,0.32,0.33,0.67,0.68,0.01,0.01,75034.07,1776323032000
1776323034.418,234.418,0.32,0.33,0.67,0.68,0.01,0.01,75034.07,1776323032000
1776323034.841,234.841,0.32,0.33,0.67,0.68,0.01,0.01,75034.59,1776323033000
1776323035.326,235.326,0.33,0.35,0.66,0.67,0.02,0.01,75034.59,1776323033000
1776323035.912,235.912,0.35,0.36,0.65,0.66,0.01,0.01,75034.59,1776323034000
1776323036.292,236.292,0.37,0.38,0.63,0.64,0.01,0.01,75034.59,1776323034000
1776323036.633,236.633,0.37,0.38,0.62,0.63,0.01,0.01,75034.98,1776323035000
1776323036.969,236.969,0.37,0.38,0.62,0.63,0.01,0.01,75034.98,1776323035000
1776323037.591,237.591,0.37,0.38,0.62,0.63,0.01,0.01,75038.09,1776323036000
1776323037.95,237.95,0.37,0.38,0.62,0.63,0.01,0.01,75038.09,1776323036000
1776323038.814,238.814,0.37,0.38,0.62,0.63,0.01,0.01,75038.09,1776323036000
1776323039.178,239.178,0.37,0.38,0.62,0.63,0.01,0.01,75038.09,1776323037000
1776323039.544,239.544,0.37,0.38,0.62,0.63,0.01,0.01,75038.09,1776323038000
1776323039.936,239.936,0.36,0.37,0.63,0.64,0.01,0.01,75038.09,1776323039000
1776323040.321,240.321,0.36,0.37,0.63,0.64,0.01,0.01,75038.09,1776323039000
1776323040.674,240.674,0.29,0.33,0.67,0.71,0.04,0.04,75038.09,1776323039000
1776323041.09,241.09,0.29,0.3,0.7,0.71,0.01,0.01,75038.09,1776323040000
1776323041.501,241.501,0.29,0.3,0.7,0.71,0.01,0.01,75038.09,1776323040000
1776323041.911,241.911,0.29,0.3,0.7,0.71,0.01,0.01,75038.09,1776323040000
1776323042.253,242.253,0.26,0.28,0.72,0.74,0.02,0.02,75037.68,1776323041000
1776323042.914,242.914,0.25,0.26,0.73,0.74,0.01,0.01,75037.68,1776323041000
1776323043.287,243.287,0.25,0.26,0.74,0.75,0.01,0.01,75037.74,1776323042000
1776323043.69,243.69,0.25,0.26,0.74,0.75,0.01,0.01,75037.74,1776323042000
1776323044.037,244.037,0.25,0.26,0.74,0.75,0.01,0.01,75035.84,1776323043000
1776323044.508,244.508,0.25,0.26,0.74,0.75,0.01,0.01,75035.84,1776323043000
1776323044.843,244.843,0.25,0.26,0.74,0.75,0.01,0.01,75035.84,1776323043000
1776323045.211,245.211,0.25,0.26,0.74,0.75,0.01,0.01,75035.2,1776323044000
1776323045.578,245.578,0.24,0.25,0.74,0.75,0.01,0.01,75035.2,1776323044000
1776323045.923,245.923,0.24,0.25,0.75,0.76,0.01,0.01,75035.2,1776323044000
1776323046.35,246.35,0.24,0.25,0.75,0.76,0.01,0.01,75035.2,1776323045000
1776323046.701,246.701,0.24,0.25,0.75,0.76,0.01,0.01,75035.2,1776323045000
1776323047.087,247.087,0.24,0.25,0.75,0.76,0.01,0.01,75035.11,1776323046000
1776323047.698,247.698,0.18,0.19,0.81,0.82,0.01,0.01,75035.11,1776323046000
1776323048.105,248.105,0.17,0.18,0.82,0.83,0.01,0.01,75035.11,1776323046000
1776323048.451,248.451,0.16,0.17,0.83,0.84,0.01,0.01,75035.02,1776323047000
1776323048.856,248.856,0.15,0.17,0.83,0.84,0.02,0.01,75035.02,1776323047000
1776323049.197,249.197,0.17,0.18,0.82,0.83,0.01,0.01,75032.99,1776323048000
1776323049.638,249.638,0.18,0.19,0.81,0.82,0.01,0.01,75032.99,1776323048000
1776323050.019,250.019,0.18,0.19,0.81,0.82,0.01,0.01,75027.15,1776323049000
1776323050.363,250.363,0.18,0.19,0.81,0.82,0.01,0.01,75027.15,1776323049000
1776323050.959,250.959,0.19,0.2,0.8,0.81,0.01,0.01,75027.15,1776323049000
1776323051.337,251.337,0.19,0.2,0.8,0.81,0.01,0.01,75027.16,1776323050000
1776323051.691,251.691,0.15,0.16,0.84,0.85,0.01,0.01,75027.16,1776323050000
1776323052.129,252.129,0.15,0.16,0.84,0.85,0.01,0.01,75027.16,1776323050000
1776323052.491,252.491,0.15,0.16,0.84,0.85,0.01,0.01,75027.11,1776323051000
1776323053.011,253.011,0.15,0.22,0.84,0.85,0.07,0.01,75027.11,1776323051000
1776323053.463,253.463,0.19,0.22,0.78,0.79,0.03,0.01,75027.11,1776323051000
1776323054.074,254.074,0.19,0.2,0.79,0.81,0.01,0.02,75026.03,1776323052000
1776323054.472,254.472,0.21,0.22,0.8,0.81,0.01,0.01,75025.08,1776323053000
1776323054.945,254.945,0.19,0.23,0.77,0.78,0.04,0.01,75025.08,1776323053000
1776323055.286,255.286,0.21,0.23,0.78,0.79,0.02,0.01,75025.08,1776323053000
1776323055.683,255.683,0.22,0.23,0.78,0.79,0.01,0.01,75027.0,1776323054000
1776323056.057,256.057,0.22,0.23,0.77,0.78,0.01,0.01,75027.05,1776323055000
1776323056.395,256.395,0.22,0.23,0.77,0.78,0.01,0.01,75027.05,1776323055000
1776323056.76,256.76,0.24,0.25,0.75,0.76,0.01,0.01,75027.05,1776323055000
1776323057.116,257.116,0.24,0.25,0.75,0.76,0.01,0.01,75027.05,1776323055000
1776323057.455,257.455,0.23,0.24,0.76,0.77,0.01,0.01,75027.05,1776323055000
1776323057.945,257.945,0.23,0.24,0.76,0.77,0.01,0.01,75029.97,1776323056000
1776323058.45,258.45,0.22,0.23,0.76,0.78,0.01,0.02,75030.92,1776323057000
1776323058.795,258.795,0.23,0.27,0.76,0.77,0.04,0.01,75030.92,1776323057000
1776323059.136,259.136,0.3,0.36,0.69,0.7,0.06,0.01,75030.92,1776323057000
1776323059.605,259.605,0.36,0.37,0.63,0.64,0.01,0.01,75033.48,1776323058000
1776323059.982,259.982,0.37,0.41,0.59,0.62,0.04,0.03,75033.48,1776323058000
1776323060.333,260.333,0.45,0.46,0.54,0.55,0.01,0.01,75033.48,1776323058000
1776323060.67,260.67,0.51,0.66,0.47,0.49,0.15,0.02,75033.48,1776323059000
1776323061.01,261.01,0.57,0.59,0.41,0.43,0.02,0.02,75039.74,1776323060000
1776323061.353,261.353,0.6,0.61,0.39,0.41,0.01,0.02,75039.74,1776323060000
1776323061.688,261.688,0.6,0.61,0.39,0.4,0.01,0.01,75039.74,1776323060000
1776323062.031,262.031,0.65,0.66,0.34,0.35,0.01,0.01,75039.74,1776323060000
1776323062.375,262.375,0.61,0.63,0.35,0.46,0.02,0.11,75051.34,1776323061000
1776323062.71,262.71,0.62,0.63,0.37,0.38,0.01,0.01,75051.34,1776323061000
1776323063.11,263.11,0.63,0.64,0.36,0.37,0.01,0.01,75051.34,1776323061000
1776323063.588,263.588,0.65,0.66,0.34,0.35,0.01,0.01,75057.13,1776323062000
1776323063.947,263.947,0.65,0.66,0.34,0.35,0.01,0.01,75057.13,1776323062000
1776323064.282,264.282,0.63,0.66,0.34,0.36,0.03,0.02,75057.13,1776323062000
1776323064.69,264.69,0.62,0.63,0.37,0.38,0.01,0.01,75056.64,1776323063000
1776323065.111,265.111,0.62,0.63,0.37,0.38,0.01,0.01,75056.61,1776323064000
1776323065.455,265.455,0.62,0.63,0.37,0.38,0.01,0.01,75056.61,1776323064000
1776323065.817,265.817,0.69,0.7,0.31,0.32,0.01,0.01,75056.61,1776323064000
1776323066.167,266.167,0.69,0.7,0.3,0.31,0.01,0.01,75056.61,1776323064000
1776323066.506,266.506,0.71,0.72,0.28,0.29,0.01,0.01,75056.49,1776323065000
1776323066.898,266.898,0.71,0.72,0.28,0.29,0.01,0.01,75056.49,1776323065000
1776323067.253,267.253,0.7,0.71,0.29,0.3,0.01,0.01,75056.49,1776323065000
1776323067.592,267.592,0.7,0.71,0.29,0.3,0.01,0.01,75056.49,1776323065000
1776323067.937,267.937,0.7,0.71,0.29,0.3,0.01,0.01,75056.49,1776323065000
1776323068.272,268.272,0.67,0.7,0.3,0.31,0.03,0.01,75063.42,1776323066000
1776323068.626,268.626,0.67,0.68,0.32,0.33,0.01,0.01,75063.42,1776323066000
1776323068.97,268.97,0.69,0.7,0.3,0.33,0.01,0.03,75063.42,1776323067000
1776323069.32,269.32,0.66,0.67,0.33,0.34,0.01,0.01,75062.89,1776323068000
1776323069.697,269.697,0.65,0.66,0.34,0.35,0.01,0.01,75062.89,1776323068000
1776323070.039,270.039,0.62,0.64,0.35,0.37,0.02,0.02,75062.89,1776323068000
1776323070.373,270.373,0.65,0.67,0.32,0.34,0.02,0.02,75062.89,1776323068000
1776323070.747,270.747,0.67,0.68,0.32,0.33,0.01,0.01,75063.54,1776323069000
1776323071.131,271.131,0.69,0.7,0.3,0.31,0.01,0.01,75063.6,1776323070000
1776323071.543,271.543,0.73,0.74,0.26,0.31,0.01,0.05,75063.6,1776323070000
1776323071.886,271.886,0.82,0.83,0.17,0.18,0.01,0.01,75063.6,1776323070000
1776323072.242,272.242,0.79,0.8,0.19,0.21,0.01,0.02,75063.67,1776323071000
1776323072.596,272.596,0.79,0.81,0.19,0.2,0.02,0.01,75063.67,1776323071000
1776323073.002,273.002,0.82,0.83,0.17,0.2,0.01,0.03,75063.67,1776323071000
1776323073.344,273.344,0.84,0.85,0.15,0.18,0.01,0.03,75071.84,1776323072000
1776323073.77,273.77,0.83,0.89,0.11,0.12,0.06,0.01,75071.84,1776323072000
1776323074.117,274.117,0.84,0.85,0.15,0.16,0.01,0.01,75076.82,1776323073000
1776323074.45,274.45,0.88,0.9,0.1,0.12,0.02,0.02,75076.82,1776323073000
1776323074.838,274.838,0.88,0.89,0.11,0.12,0.01,0.01,75076.82,1776323073000
1776323075.195,275.195,0.89,0.9,0.1,0.11,0.01,0.01,75079.98,1776323074000
1776323075.585,275.585,0.91,0.92,0.1,0.11,0.01,0.01,75079.98,1776323074000
1776323075.918,275.918,0.9,0.91,0.09,0.1,0.01,0.01,75079.98,1776323074000
1776323076.258,276.258,0.83,0.88,0.12,0.17,0.05,0.05,75079.98,1776323074000
1776323076.698,276.698,0.88,0.89,0.13,0.32,0.01,0.19,75086.65,1776323075000
1776323077.035,277.035,0.84,0.85,0.15,0.16,0.01,0.01,75086.65,1776323075000
1776323077.369,277.369,0.86,0.88,0.11,0.14,0.02,0.03,75086.65,1776323075000
1776323077.78,277.78,0.86,0.87,0.13,0.14,0.01,0.01,75088.41,1776323076000
1776323078.117,278.117,0.86,0.87,0.13,0.14,0.01,0.01,75088.41,1776323076000
1776323078.502,278.502,0.87,0.88,0.12,0.13,0.01,0.01,75088.73,1776323077000
1776323078.982,278.982,0.86,0.87,0.13,0.14,0.01,0.01,75088.73,1776323077000
1776323079.351,279.351,0.78,0.79,0.14,0.22,0.01,0.08,75088.73,1776323077000
1776323079.707,279.707,0.85,0.87,0.12,0.16,0.02,0.04,75088.76,1776323078000
1776323080.085,280.085,0.88,0.89,0.11,0.12,0.01,0.01,75088.76,1776323078000
1776323080.434,280.434,0.86,0.87,0.13,0.14,0.01,0.01,75088.76,1776323078000
1776323080.77,280.77,0.9,0.92,0.1,0.14,0.02,0.04,75088.76,1776323079000
1776323081.104,281.104,0.81,0.82,0.17,0.19,0.01,0.02,75088.76,1776323080000
1776323081.493,281.493,0.83,0.91,0.16,0.18,0.08,0.02,75088.76,1776323080000
1776323081.849,281.849,0.89,0.9,0.1,0.11,0.01,0.01,75088.76,1776323080000
1776323082.226,282.226,0.85,0.86,0.14,0.15,0.01,0.01,75088.76,1776323081000
1776323082.597,282.597,0.88,0.9,0.18,0.19,0.02,0.01,75088.76,1776323081000
1776323082.998,282.998,0.88,0.89,0.11,0.12,0.01,0.01,75088.76,1776323081000
1776323083.364,283.364,0.88,0.89,0.11,0.12,0.01,0.01,75088.76,1776323082000
1776323083.751,283.751,0.91,0.93,0.08,0.09,0.02,0.01,75088.76,1776323082000
1776323084.09,284.09,0.89,0.9,0.1,0.11,0.01,0.01,75088.76,1776323082000
1776323084.548,284.548,0.85,0.9,0.1,0.11,0.05,0.01,75088.76,1776323083000
1776323084.897,284.897,0.76,0.77,0.23,0.24,0.01,0.01,75088.76,1776323083000
1776323085.281,285.281,0.74,0.76,0.24,0.26,0.02,0.02,75087.92,1776323084000
1776323085.618,285.618,0.74,0.75,0.25,0.26,0.01,0.01,75087.92,1776323084000
1776323086.086,286.086,0.81,0.82,0.18,0.2,0.01,0.02,75087.92,1776323084000
1776323086.421,286.421,0.77,0.81,0.17,0.23,0.04,0.06,75086.6,1776323085000
1776323086.757,286.757,0.7,0.71,0.22,0.31,0.01,0.09,75086.6,1776323085000
1776323087.117,287.117,0.7,0.71,0.29,0.3,0.01,0.01,75086.6,1776323085000
1776323087.486,287.486,0.6,0.61,0.39,0.4,0.01,0.01,75082.7,1776323086000
1776323087.852,287.852,0.66,0.67,0.33,0.34,0.01,0.01,75082.7,1776323086000
1776323088.261,288.261,0.71,0.72,0.21,0.34,0.01,0.13,75082.7,1776323086000
1776323088.634,288.634,0.76,0.77,0.21,0.26,0.01,0.05,75082.7,1776323086000
1776323089.19,289.19,0.76,0.77,0.23,0.26,0.01,0.03,75080.02,1776323087000
1776323089.644,289.644,0.81,0.82,0.18,0.19,0.01,0.01,75078.73,1776323088000
1776323089.995,289.995,0.82,0.84,0.16,0.19,0.02,0.03,75077.66,1776323089000
1776323090.338,290.338,0.81,0.83,0.16,0.18,0.02,0.02,75077.66,1776323089000
1776323090.751,290.751,0.79,0.8,0.2,0.21,0.01,0.01,75077.66,1776323089000
1776323091.095,291.095,0.79,0.8,0.19,0.21,0.01,0.02,75077.66,1776323089000
1776323091.553,291.553,0.88,0.89,0.13,0.15,0.01,0.02,75077.09,1776323090000
1776323091.941,291.941,0.79,0.86,0.13,0.14,0.07,0.01,75077.09,1776323090000
1776323092.331,292.331,0.74,0.81,0.18,0.26,0.07,0.08,75077.09,1776323090000
1776323092.666,292.666,0.77,0.78,0.22,0.23,0.01,0.01,75077.09,1776323091000
1776323093.083,293.083,0.87,0.88,0.11,0.15,0.01,0.04,75077.09,1776323091000
1776323093.46,293.46,0.91,0.92,0.08,0.09,0.01,0.01,75076.85,1776323092000
1776323093.982,293.982,0.93,0.94,0.07,0.08,0.01,0.01,75076.85,1776323092000
1776323094.371,294.371,0.93,0.94,0.06,0.07,0.01,0.01,75076.43,1776323093000
1776323094.714,294.714,0.86,0.93,0.07,0.08,0.07,0.01,75076.43,1776323093000
1776323095.075,295.075,0.81,0.82,0.18,0.19,0.01,0.01,75076.43,1776323093000
1776323095.448,295.448,0.81,0.82,0.18,0.19,0.01,0.01,75075.52,1776323094000
1776323095.823,295.823,0.81,0.82,0.18,0.19,0.01,0.01,75075.52,1776323094000
1776323096.178,296.178,0.74,0.75,0.24,0.26,0.01,0.02,75075.31,1776323095000
1776323096.569,296.569,0.9,0.92,0.05,0.12,0.02,0.07,75075.31,1776323095000
1776323096.931,296.931,0.91,0.92,0.08,0.09,0.01,0.01,75075.31,1776323095000
1776323097.317,297.317,0.93,0.94,0.06,0.07,0.01,0.01,75073.64,1776323096000
1776323097.677,297.677,0.97,0.98,0.02,0.03,0.01,0.01,75073.64,1776323096000
1776323098.062,298.062,0.97,0.98,0.02,0.03,0.01,0.01,75073.64,1776323096000
1776323098.456,298.456,0.98,0.99,0.01,0.02,0.01,0.01,75071.68,1776323097000
1776323098.885,298.885,0.99,0.99,0.01,0.01,0.0,0.0,75071.68,1776323097000
1776323099.279,299.279,0.99,0.99,0.01,0.01,0.0,0.0,75069.01,1776323098000
1776323099.67,299.67,0.99,0.99,0.01,0.01,0.0,0.0,75069.01,1776323098000
1776323100.05,300.05,0.99,0.99,0.01,0.01,0.0,0.0,75069.01,1776323098000
1776323100.387,300.387,0.99,0.99,0.01,0.01,0.0,0.0,75068.93,1776323099000
1776323100.795,300.795,0.99,0.99,0.01,0.01,0.0,0.0,75068.93,1776323099000
1776323102.053,302.053,0.99,0.99,0.01,0.01,0.0,0.0,75068.17,1776323101000

# RESULT,winner=Up,slug=btc-updown-5m-1776322800,ticks=696
