timestamp,elapsed_sec,up_bid,up_ask,down_bid,down_ask,up_spread,down_spread,btc_price,btc_oracle_ts
1776975900.52,0.52,0.48,0.49,0.51,0.52,0.01,0.01,77790.17,1776975899000
1776975901.075,1.075,0.48,0.49,0.51,0.52,0.01,0.01,77789.72,1776975900000
1776975901.428,1.428,0.48,0.49,0.51,0.52,0.01,0.01,77789.72,1776975900000
1776975901.875,1.875,0.48,0.49,0.51,0.52,0.01,0.01,77789.72,1776975900000
1776975902.548,2.548,0.49,0.5,0.5,0.51,0.01,0.01,77788.25,1776975901000
1776975902.951,2.951,0.49,0.5,0.5,0.51,0.01,0.01,77788.25,1776975901000
1776975903.404,3.404,0.5,0.51,0.49,0.5,0.01,0.01,77788.32,1776975902000
1776975903.758,3.758,0.5,0.51,0.49,0.5,0.01,0.01,77788.32,1776975902000
1776975904.093,4.093,0.5,0.51,0.49,0.5,0.01,0.01,77788.32,1776975902000
1776975904.523,4.523,0.5,0.51,0.49,0.5,0.01,0.01,77788.5,1776975903000
1776975904.885,4.885,0.5,0.51,0.49,0.5,0.01,0.01,77788.5,1776975903000
1776975905.276,5.276,0.5,0.51,0.49,0.5,0.01,0.01,77790.02,1776975904000
1776975905.648,5.648,0.5,0.51,0.49,0.5,0.01,0.01,77790.02,1776975904000
1776975906.023,6.023,0.5,0.51,0.49,0.5,0.01,0.01,77790.02,1776975904000
1776975906.446,6.446,0.5,0.51,0.49,0.5,0.01,0.01,77790.32,1776975905000
1776975906.989,6.989,0.5,0.51,0.46,0.5,0.01,0.04,77790.32,1776975905000
1776975907.408,7.408,0.5,0.51,0.49,0.5,0.01,0.01,77790.86,1776975906000
1776975907.822,7.822,0.5,0.51,0.49,0.5,0.01,0.01,77790.86,1776975906000
1776975908.331,8.331,0.5,0.51,0.49,0.5,0.01,0.01,77790.82,1776975907000
1776975909.102,9.102,0.5,0.51,0.49,0.5,0.01,0.01,77790.82,1776975907000
1776975909.501,9.501,0.5,0.51,0.49,0.5,0.01,0.01,77790.82,1776975907000
1776975910.099,10.099,0.5,0.51,0.49,0.5,0.01,0.01,77789.08,1776975908000
1776975911.447,11.447,0.49,0.51,0.49,0.51,0.02,0.02,77789.07,1776975910000
1776975912.124,12.124,0.49,0.51,0.49,0.51,0.02,0.02,77789.07,1776975911000
1776975912.828,12.828,0.49,0.5,0.5,0.51,0.01,0.01,77789.07,1776975911000
1776975913.408,13.408,0.49,0.5,0.5,0.51,0.01,0.01,77789.07,1776975912000
1776975913.78,13.78,0.49,0.5,0.5,0.51,0.01,0.01,77789.07,1776975912000
1776975914.923,14.923,0.49,0.5,0.5,0.51,0.01,0.01,77789.0,1776975913000
1776975915.261,15.261,0.49,0.5,0.5,0.51,0.01,0.01,77789.02,1776975914000
1776975915.696,15.696,0.49,0.5,0.5,0.51,0.01,0.01,77789.02,1776975914000
1776975916.198,16.198,0.49,0.5,0.5,0.51,0.01,0.01,77789.02,1776975914000
1776975917.098,17.098,0.49,0.5,0.5,0.51,0.01,0.01,77789.02,1776975916000
1776975918.247,18.247,0.49,0.5,0.5,0.51,0.01,0.01,77788.98,1776975917000
1776975919.149,19.149,0.5,0.51,0.5,0.51,0.01,0.01,77788.98,1776975917000
1776975919.482,19.482,0.5,0.51,0.49,0.5,0.01,0.01,77788.94,1776975918000
1776975919.868,19.868,0.5,0.51,0.49,0.5,0.01,0.01,77788.94,1776975918000
1776975920.246,20.246,0.51,0.52,0.48,0.5,0.01,0.02,77788.94,1776975919000
1776975920.605,20.605,0.51,0.52,0.48,0.49,0.01,0.01,77788.94,1776975919000
1776975921.11,21.11,0.51,0.52,0.48,0.49,0.01,0.01,77788.56,1776975920000
1776975921.524,21.524,0.51,0.52,0.48,0.49,0.01,0.01,77788.56,1776975920000
1776975922.091,22.091,0.51,0.52,0.48,0.49,0.01,0.01,77788.56,1776975920000
1776975922.474,22.474,0.51,0.52,0.48,0.49,0.01,0.01,77788.56,1776975920000
1776975922.878,22.878,0.51,0.52,0.48,0.49,0.01,0.01,77788.56,1776975920000
1776975923.347,23.347,0.51,0.52,0.48,0.49,0.01,0.01,77789.68,1776975921000
1776975923.943,23.943,0.51,0.52,0.48,0.49,0.01,0.01,77789.68,1776975921000
1776975924.676,24.676,0.51,0.52,0.48,0.49,0.01,0.01,77789.77,1776975922000
1776975925.03,25.03,0.51,0.52,0.48,0.49,0.01,0.01,77791.25,1776975923000
1776975925.503,25.503,0.51,0.52,0.48,0.49,0.01,0.01,77791.25,1776975924000
1776975926.079,26.079,0.51,0.52,0.48,0.49,0.01,0.01,77791.25,1776975924000
1776975926.473,26.473,0.51,0.52,0.48,0.49,0.01,0.01,77791.25,1776975924000
1776975927.078,27.078,0.51,0.52,0.48,0.49,0.01,0.01,77790.24,1776975926000
1776975927.42,27.42,0.5,0.52,0.48,0.49,0.02,0.01,77790.24,1776975926000
1776975928.045,28.045,0.5,0.51,0.49,0.5,0.01,0.01,77789.94,1776975927000
1776975928.514,28.514,0.5,0.51,0.49,0.5,0.01,0.01,77789.94,1776975927000
1776975929.093,29.093,0.5,0.51,0.49,0.5,0.01,0.01,77788.91,1776975928000
1776975929.481,29.481,0.51,0.52,0.48,0.49,0.01,0.01,77788.91,1776975928000
1776975930.133,30.133,0.51,0.52,0.48,0.49,0.01,0.01,77788.91,1776975928000
1776975930.473,30.473,0.41,0.48,0.52,0.59,0.07,0.07,77788.92,1776975929000
1776975930.814,30.814,0.4,0.42,0.57,0.6,0.02,0.03,77788.92,1776975929000
1776975931.219,31.219,0.4,0.41,0.59,0.6,0.01,0.01,77788.92,1776975929000
1776975931.555,31.555,0.36,0.39,0.61,0.64,0.03,0.03,77788.52,1776975930000
1776975931.917,31.917,0.36,0.38,0.62,0.63,0.02,0.01,77788.52,1776975930000
1776975932.264,32.264,0.37,0.38,0.62,0.63,0.01,0.01,77783.05,1776975931000
1776975933.031,33.031,0.37,0.38,0.62,0.63,0.01,0.01,77772.29,1776975932000
1776975933.382,33.382,0.37,0.38,0.62,0.63,0.01,0.01,77772.29,1776975932000
1776975934.056,34.056,0.37,0.38,0.62,0.63,0.01,0.01,77770.95,1776975933000
1776975934.494,34.494,0.36,0.38,0.62,0.64,0.02,0.02,77770.95,1776975933000
1776975934.957,34.957,0.36,0.37,0.62,0.64,0.01,0.02,77770.95,1776975933000
1776975935.361,35.361,0.37,0.38,0.62,0.63,0.01,0.01,77770.87,1776975934000
1776975935.711,35.711,0.37,0.38,0.62,0.63,0.01,0.01,77770.87,1776975934000
1776975936.058,36.058,0.37,0.38,0.62,0.63,0.01,0.01,77770.87,1776975934000
1776975936.411,36.411,0.37,0.38,0.62,0.63,0.01,0.01,77770.86,1776975935000
1776975936.768,36.768,0.37,0.38,0.62,0.63,0.01,0.01,77770.86,1776975935000
1776975937.267,37.267,0.37,0.38,0.62,0.63,0.01,0.01,77770.86,1776975935000
1776975937.669,37.669,0.37,0.38,0.62,0.63,0.01,0.01,77770.84,1776975936000
1776975938.137,38.137,0.37,0.38,0.62,0.63,0.01,0.01,77770.84,1776975936000
1776975938.618,38.618,0.44,0.45,0.55,0.56,0.01,0.01,77770.47,1776975937000
1776975938.966,38.966,0.42,0.44,0.56,0.58,0.02,0.02,77770.47,1776975937000
1776975939.314,39.314,0.39,0.41,0.59,0.6,0.02,0.01,77771.61,1776975938000
1776975939.71,39.71,0.38,0.4,0.6,0.62,0.02,0.02,77771.61,1776975938000
1776975940.074,40.074,0.38,0.39,0.61,0.62,0.01,0.01,77771.61,1776975938000
1776975940.423,40.423,0.37,0.38,0.61,0.63,0.01,0.02,77771.61,1776975938000
1776975940.779,40.779,0.37,0.38,0.62,0.63,0.01,0.01,77772.79,1776975939000
1776975941.119,41.119,0.37,0.38,0.62,0.63,0.01,0.01,77769.59,1776975940000
1776975941.506,41.506,0.37,0.38,0.62,0.63,0.01,0.01,77769.59,1776975940000
1776975941.854,41.854,0.37,0.38,0.62,0.63,0.01,0.01,77769.59,1776975940000
1776975942.247,42.247,0.37,0.38,0.62,0.63,0.01,0.01,77766.35,1776975941000
1776975942.896,42.896,0.37,0.38,0.62,0.63,0.01,0.01,77766.35,1776975941000
1776975943.315,43.315,0.37,0.38,0.62,0.63,0.01,0.01,77765.94,1776975942000
1776975943.82,43.82,0.37,0.38,0.62,0.63,0.01,0.01,77765.94,1776975942000
1776975944.222,44.222,0.37,0.38,0.62,0.63,0.01,0.01,77765.94,1776975943000
1776975944.613,44.613,0.35,0.36,0.64,0.65,0.01,0.01,77765.94,1776975943000
1776975944.996,44.996,0.35,0.37,0.63,0.65,0.02,0.02,77765.94,1776975943000
1776975945.344,45.344,0.34,0.35,0.65,0.66,0.01,0.01,77764.41,1776975944000
1776975945.888,45.888,0.34,0.35,0.65,0.66,0.01,0.01,77764.41,1776975944000
1776975946.244,46.244,0.34,0.35,0.65,0.66,0.01,0.01,77764.41,1776975944000
1776975946.6,46.6,0.34,0.35,0.65,0.66,0.01,0.01,77759.79,1776975945000
1776975946.936,46.936,0.34,0.35,0.65,0.66,0.01,0.01,77758.47,1776975946000
1776975947.355,47.355,0.34,0.35,0.65,0.66,0.01,0.01,77758.47,1776975946000
1776975947.712,47.712,0.35,0.36,0.64,0.65,0.01,0.01,77758.47,1776975946000
1776975948.085,48.085,0.35,0.36,0.64,0.65,0.01,0.01,77758.47,1776975946000
1776975948.425,48.425,0.35,0.36,0.64,0.65,0.01,0.01,77758.36,1776975947000
1776975948.92,48.92,0.34,0.36,0.64,0.65,0.02,0.01,77758.36,1776975947000
1776975949.429,49.429,0.34,0.36,0.64,0.66,0.02,0.02,77759.4,1776975948000
1776975949.984,49.984,0.34,0.35,0.64,0.66,0.01,0.02,77759.4,1776975948000
1776975950.432,50.432,0.33,0.34,0.65,0.67,0.01,0.02,77757.35,1776975949000
1776975951.205,51.205,0.33,0.34,0.66,0.67,0.01,0.01,77756.9,1776975950000
1776975951.778,51.778,0.33,0.34,0.66,0.67,0.01,0.01,77756.9,1776975950000
1776975952.357,52.357,0.33,0.34,0.66,0.67,0.01,0.01,77756.88,1776975951000
1776975952.886,52.886,0.33,0.34,0.66,0.67,0.01,0.01,77756.88,1776975951000
1776975953.267,53.267,0.32,0.33,0.66,0.67,0.01,0.01,77755.6,1776975952000
1776975953.614,53.614,0.32,0.34,0.66,0.68,0.02,0.02,77755.6,1776975952000
1776975953.95,53.95,0.33,0.34,0.66,0.68,0.01,0.02,77755.6,1776975952000
1776975954.303,54.303,0.32,0.33,0.67,0.68,0.01,0.01,77755.49,1776975953000
1776975954.723,54.723,0.32,0.33,0.66,0.69,0.01,0.03,77755.49,1776975953000
1776975955.345,55.345,0.32,0.33,0.67,0.68,0.01,0.01,77755.49,1776975953000
1776975955.742,55.742,0.32,0.33,0.67,0.68,0.01,0.01,77755.49,1776975953000
1776975956.122,56.122,0.32,0.33,0.66,0.68,0.01,0.02,77761.37,1776975954000
1776975956.471,56.471,0.32,0.33,0.67,0.68,0.01,0.01,77762.18,1776975955000
1776975956.813,56.813,0.33,0.34,0.66,0.67,0.01,0.01,77762.18,1776975955000
1776975957.148,57.148,0.33,0.34,0.66,0.67,0.01,0.01,77762.18,1776975955000
1776975957.548,57.548,0.33,0.34,0.66,0.67,0.01,0.01,77762.89,1776975956000
1776975957.882,57.882,0.33,0.34,0.66,0.67,0.01,0.01,77762.89,1776975956000
1776975958.237,58.237,0.33,0.34,0.66,0.67,0.01,0.01,77762.93,1776975957000
1776975958.72,58.72,0.33,0.34,0.66,0.67,0.01,0.01,77762.93,1776975957000
1776975959.267,59.267,0.33,0.34,0.66,0.67,0.01,0.01,77763.32,1776975958000
1776975959.656,59.656,0.34,0.35,0.65,0.66,0.01,0.01,77763.32,1776975958000
1776975960.362,60.362,0.34,0.35,0.65,0.66,0.01,0.01,77763.58,1776975959000
1776975960.713,60.713,0.34,0.37,0.63,0.66,0.03,0.03,77763.58,1776975959000
1776975961.241,61.241,0.37,0.39,0.62,0.63,0.02,0.01,77765.18,1776975960000
1776975961.587,61.587,0.39,0.4,0.6,0.61,0.01,0.01,77765.18,1776975960000
1776975961.944,61.944,0.39,0.4,0.6,0.61,0.01,0.01,77765.18,1776975960000
1776975962.541,62.541,0.39,0.4,0.6,0.61,0.01,0.01,77768.9,1776975961000
1776975962.876,62.876,0.39,0.41,0.59,0.61,0.02,0.02,77768.9,1776975961000
1776975963.353,63.353,0.45,0.46,0.55,0.58,0.01,0.03,77769.74,1776975962000
1776975963.813,63.813,0.44,0.45,0.54,0.56,0.01,0.02,77769.74,1776975962000
1776975964.158,64.158,0.43,0.44,0.56,0.57,0.01,0.01,77771.7,1776975963000
1776975964.573,64.573,0.43,0.44,0.56,0.57,0.01,0.01,77771.7,1776975963000
1776975964.918,64.918,0.42,0.44,0.56,0.57,0.02,0.01,77771.7,1776975963000
1776975965.258,65.258,0.43,0.44,0.56,0.57,0.01,0.01,77777.15,1776975964000
1776975965.654,65.654,0.45,0.46,0.54,0.55,0.01,0.01,77777.15,1776975964000
1776975966.016,66.016,0.45,0.46,0.54,0.55,0.01,0.01,77777.15,1776975964000
1776975966.376,66.376,0.45,0.46,0.54,0.55,0.01,0.01,77776.84,1776975965000
1776975966.724,66.724,0.45,0.46,0.54,0.55,0.01,0.01,77776.84,1776975965000
1776975967.09,67.09,0.45,0.46,0.54,0.55,0.01,0.01,77776.84,1776975965000
1776975967.427,67.427,0.45,0.46,0.54,0.55,0.01,0.01,77777.42,1776975966000
1776975967.849,67.849,0.45,0.46,0.54,0.55,0.01,0.01,77777.42,1776975966000
1776975968.212,68.212,0.45,0.46,0.54,0.55,0.01,0.01,77778.97,1776975967000
1776975969.12,69.12,0.45,0.46,0.54,0.55,0.01,0.01,77778.97,1776975968000
1776975969.684,69.684,0.45,0.46,0.54,0.55,0.01,0.01,77778.97,1776975968000
1776975970.208,70.208,0.45,0.46,0.54,0.55,0.01,0.01,77778.96,1776975969000
1776975970.806,70.806,0.42,0.45,0.54,0.58,0.03,0.04,77778.96,1776975969000
1776975971.276,71.276,0.43,0.44,0.55,0.57,0.01,0.02,77778.96,1776975969000
1776975971.95,71.95,0.44,0.45,0.55,0.56,0.01,0.01,77776.43,1776975971000
1776975972.362,72.362,0.44,0.45,0.55,0.56,0.01,0.01,77776.43,1776975971000
1776975972.985,72.985,0.44,0.45,0.55,0.56,0.01,0.01,77776.43,1776975971000
1776975973.322,73.322,0.44,0.45,0.55,0.56,0.01,0.01,77777.64,1776975972000
1776975973.836,73.836,0.44,0.45,0.55,0.56,0.01,0.01,77777.64,1776975972000
1776975974.177,74.177,0.45,0.46,0.54,0.55,0.01,0.01,77780.85,1776975973000
1776975974.674,74.674,0.45,0.46,0.54,0.55,0.01,0.01,77780.85,1776975973000
1776975975.157,75.157,0.45,0.46,0.54,0.55,0.01,0.01,77780.85,1776975973000
1776975975.542,75.542,0.45,0.46,0.54,0.55,0.01,0.01,77781.38,1776975974000
1776975976.036,76.036,0.45,0.46,0.54,0.55,0.01,0.01,77781.38,1776975974000
1776975976.48,76.48,0.45,0.46,0.54,0.55,0.01,0.01,77781.6,1776975975000
1776975976.913,76.913,0.45,0.46,0.54,0.55,0.01,0.01,77781.6,1776975975000
1776975977.267,77.267,0.45,0.46,0.54,0.55,0.01,0.01,77781.47,1776975976000
1776975978.003,78.003,0.45,0.46,0.54,0.55,0.01,0.01,77781.59,1776975977000
1776975978.638,78.638,0.45,0.46,0.54,0.55,0.01,0.01,77781.59,1776975977000
1776975979.205,79.205,0.45,0.46,0.54,0.55,0.01,0.01,77781.53,1776975978000
1776975979.552,79.552,0.45,0.46,0.54,0.55,0.01,0.01,77781.53,1776975978000
1776975979.91,79.91,0.45,0.46,0.54,0.55,0.01,0.01,77781.53,1776975978000
1776975980.244,80.244,0.45,0.46,0.54,0.55,0.01,0.01,77781.53,1776975978000
1776975980.724,80.724,0.45,0.46,0.54,0.55,0.01,0.01,77780.64,1776975979000
1776975981.379,81.379,0.45,0.46,0.54,0.55,0.01,0.01,77781.19,1776975980000
1776975981.984,81.984,0.45,0.46,0.54,0.55,0.01,0.01,77781.19,1776975981000
1776975982.376,82.376,0.45,0.46,0.54,0.55,0.01,0.01,77781.19,1776975981000
1776975983.043,83.043,0.43,0.45,0.54,0.55,0.02,0.01,77781.19,1776975981000
1776975983.442,83.442,0.36,0.37,0.63,0.64,0.01,0.01,77781.19,1776975981000
1776975983.785,83.785,0.36,0.37,0.63,0.64,0.01,0.01,77781.19,1776975981000
1776975984.395,84.395,0.36,0.37,0.63,0.64,0.01,0.01,77777.99,1776975983000
1776975984.959,84.959,0.36,0.37,0.63,0.64,0.01,0.01,77777.99,1776975983000
1776975985.56,85.56,0.35,0.37,0.63,0.64,0.02,0.01,77772.62,1776975984000
1776975985.897,85.897,0.35,0.37,0.63,0.65,0.02,0.02,77772.62,1776975984000
1776975986.27,86.27,0.35,0.37,0.63,0.65,0.02,0.02,77769.81,1776975985000
1776975986.746,86.746,0.35,0.36,0.64,0.65,0.01,0.01,77769.81,1776975985000
1776975987.271,87.271,0.35,0.37,0.63,0.65,0.02,0.02,77769.81,1776975985000
1776975987.699,87.699,0.35,0.37,0.63,0.65,0.02,0.02,77769.38,1776975986000
1776975988.208,88.208,0.35,0.36,0.64,0.65,0.01,0.01,77769.45,1776975987000
1776975988.681,88.681,0.35,0.36,0.64,0.65,0.01,0.01,77769.45,1776975987000
1776975989.039,89.039,0.35,0.36,0.64,0.65,0.01,0.01,77769.45,1776975987000
1776975989.688,89.688,0.35,0.36,0.64,0.65,0.01,0.01,77769.53,1776975988000
1776975990.071,90.071,0.34,0.36,0.64,0.66,0.02,0.02,77769.53,1776975988000
1776975990.405,90.405,0.34,0.35,0.65,0.66,0.01,0.01,77768.92,1776975989000
1776975990.948,90.948,0.33,0.36,0.64,0.67,0.03,0.03,77768.88,1776975990000
1776975991.294,91.294,0.34,0.35,0.65,0.66,0.01,0.01,77768.88,1776975990000
1776975991.634,91.634,0.34,0.35,0.65,0.66,0.01,0.01,77768.88,1776975990000
1776975992.179,92.179,0.34,0.36,0.64,0.66,0.02,0.02,77768.71,1776975991000
1776975992.641,92.641,0.35,0.36,0.64,0.66,0.01,0.02,77768.71,1776975991000
1776975992.999,92.999,0.35,0.36,0.64,0.65,0.01,0.01,77768.71,1776975991000
1776975993.442,93.442,0.35,0.36,0.64,0.65,0.01,0.01,77769.6,1776975992000
1776975993.977,93.977,0.36,0.37,0.64,0.65,0.01,0.01,77769.6,1776975992000
1776975995.051,95.051,0.36,0.37,0.63,0.64,0.01,0.01,77769.95,1776975994000
1776975995.446,95.446,0.36,0.37,0.63,0.64,0.01,0.01,77769.95,1776975994000
1776975995.782,95.782,0.35,0.37,0.63,0.64,0.02,0.01,77769.95,1776975994000
1776975996.256,96.256,0.36,0.37,0.63,0.64,0.01,0.01,77769.64,1776975995000
1776975996.909,96.909,0.36,0.37,0.63,0.64,0.01,0.01,77769.64,1776975995000
1776975997.273,97.273,0.36,0.37,0.63,0.64,0.01,0.01,77769.68,1776975996000
1776975997.883,97.883,0.36,0.37,0.63,0.64,0.01,0.01,77769.68,1776975996000
1776975998.309,98.309,0.36,0.37,0.63,0.64,0.01,0.01,77769.68,1776975996000
1776975998.723,98.723,0.36,0.37,0.63,0.64,0.01,0.01,77769.68,1776975996000
1776975999.093,99.093,0.36,0.37,0.63,0.64,0.01,0.01,77769.75,1776975998000
1776975999.512,99.512,0.36,0.37,0.63,0.64,0.01,0.01,77769.75,1776975998000
1776975999.994,99.994,0.36,0.37,0.63,0.64,0.01,0.01,77769.75,1776975998000
1776976000.356,100.356,0.36,0.37,0.63,0.64,0.01,0.01,77769.74,1776975999000
1776976000.726,100.726,0.37,0.38,0.62,0.63,0.01,0.01,77769.74,1776975999000
1776976001.135,101.135,0.4,0.41,0.58,0.6,0.01,0.02,77769.74,1776975999000
1776976001.469,101.469,0.4,0.41,0.59,0.6,0.01,0.01,77769.75,1776976000000
1776976001.807,101.807,0.4,0.41,0.59,0.6,0.01,0.01,77769.75,1776976000000
1776976002.286,102.286,0.4,0.41,0.59,0.6,0.01,0.01,77769.75,1776976000000
1776976002.625,102.625,0.4,0.41,0.59,0.6,0.01,0.01,77771.81,1776976001000
1776976002.964,102.964,0.4,0.41,0.59,0.6,0.01,0.01,77771.81,1776976001000
1776976004.006,104.006,0.4,0.41,0.59,0.6,0.01,0.01,77777.31,1776976003000
1776976004.476,104.476,0.41,0.42,0.58,0.59,0.01,0.01,77777.31,1776976003000
1776976004.967,104.967,0.41,0.42,0.58,0.59,0.01,0.01,77777.51,1776976004000
1776976005.318,105.318,0.41,0.42,0.58,0.59,0.01,0.01,77777.51,1776976004000
1776976006.031,106.031,0.41,0.42,0.58,0.59,0.01,0.01,77777.69,1776976005000
1776976006.69,106.69,0.41,0.42,0.58,0.59,0.01,0.01,77777.69,1776976005000
1776976007.045,107.045,0.41,0.42,0.58,0.59,0.01,0.01,77778.05,1776976006000
1776976007.585,107.585,0.41,0.42,0.58,0.59,0.01,0.01,77778.05,1776976006000
1776976007.926,107.926,0.41,0.42,0.58,0.59,0.01,0.01,77778.05,1776976006000
1776976009.08,109.08,0.41,0.42,0.58,0.59,0.01,0.01,77778.09,1776976007000
1776976010.3,110.3,0.41,0.42,0.58,0.59,0.01,0.01,77778.06,1776976009000
1776976010.694,110.694,0.41,0.42,0.58,0.59,0.01,0.01,77778.06,1776976009000
1776976011.121,111.121,0.42,0.43,0.57,0.59,0.01,0.02,77778.06,1776976009000
1776976011.55,111.55,0.42,0.43,0.57,0.58,0.01,0.01,77778.21,1776976010000
1776976012.254,112.254,0.42,0.43,0.57,0.58,0.01,0.01,77778.21,1776976010000
1776976013.338,113.338,0.42,0.43,0.57,0.58,0.01,0.01,77778.21,1776976010000
1776976013.748,113.748,0.42,0.43,0.57,0.58,0.01,0.01,77778.27,1776976012000
1776976014.208,114.208,0.42,0.43,0.57,0.58,0.01,0.01,77778.51,1776976013000
1776976014.607,114.607,0.42,0.43,0.57,0.58,0.01,0.01,77778.51,1776976013000
1776976015.101,115.101,0.43,0.44,0.57,0.58,0.01,0.01,77778.51,1776976013000
1776976015.75,115.75,0.43,0.44,0.56,0.57,0.01,0.01,77780.11,1776976014000
1776976016.372,116.372,0.43,0.44,0.56,0.57,0.01,0.01,77780.35,1776976015000
1776976017.08,117.08,0.43,0.44,0.56,0.57,0.01,0.01,77780.35,1776976015000
1776976017.467,117.467,0.43,0.44,0.56,0.57,0.01,0.01,77780.54,1776976016000
1776976017.867,117.867,0.44,0.45,0.54,0.56,0.01,0.02,77780.54,1776976016000
1776976018.209,118.209,0.44,0.45,0.55,0.56,0.01,0.01,77780.54,1776976016000
1776976018.887,118.887,0.44,0.45,0.55,0.56,0.01,0.01,77781.33,1776976017000
1776976019.233,119.233,0.44,0.45,0.55,0.56,0.01,0.01,77781.33,1776976017000
1776976019.611,119.611,0.44,0.45,0.55,0.56,0.01,0.01,77781.27,1776976018000
1776976020.354,120.354,0.44,0.45,0.55,0.56,0.01,0.01,77781.27,1776976018000
1776976021.02,121.02,0.44,0.45,0.55,0.56,0.01,0.01,77783.88,1776976019000
1776976022.25,122.25,0.44,0.45,0.55,0.56,0.01,0.01,77783.15,1776976021000
1776976023.735,123.735,0.44,0.45,0.55,0.56,0.01,0.01,77783.07,1776976022000
1776976024.336,124.336,0.44,0.45,0.55,0.56,0.01,0.01,77782.36,1776976023000
1776976024.679,124.679,0.44,0.45,0.55,0.56,0.01,0.01,77782.36,1776976023000
1776976025.018,125.018,0.42,0.45,0.55,0.56,0.03,0.01,77782.36,1776976023000
1776976025.586,125.586,0.42,0.43,0.57,0.58,0.01,0.01,77780.74,1776976024000
1776976026.116,126.116,0.42,0.43,0.57,0.58,0.01,0.01,77780.74,1776976024000
1776976026.51,126.51,0.42,0.43,0.57,0.58,0.01,0.01,77779.67,1776976025000
1776976026.915,126.915,0.42,0.43,0.57,0.58,0.01,0.01,77779.67,1776976025000
1776976027.25,127.25,0.42,0.43,0.57,0.58,0.01,0.01,77778.59,1776976026000
1776976027.657,127.657,0.42,0.43,0.57,0.58,0.01,0.01,77778.59,1776976026000
1776976028.334,128.334,0.42,0.43,0.57,0.58,0.01,0.01,77778.59,1776976026000
1776976028.772,128.772,0.42,0.43,0.57,0.58,0.01,0.01,77778.33,1776976027000
1776976029.406,129.406,0.42,0.43,0.57,0.58,0.01,0.01,77778.42,1776976028000
1776976029.794,129.794,0.42,0.43,0.57,0.58,0.01,0.01,77778.42,1776976028000
1776976030.146,130.146,0.42,0.43,0.57,0.58,0.01,0.01,77778.42,1776976029000
1776976030.719,130.719,0.41,0.42,0.58,0.59,0.01,0.01,77778.42,1776976029000
1776976031.185,131.185,0.37,0.4,0.6,0.61,0.03,0.01,77778.42,1776976029000
1776976031.521,131.521,0.34,0.35,0.65,0.66,0.01,0.01,77778.42,1776976029000
1776976031.955,131.955,0.34,0.35,0.65,0.66,0.01,0.01,77778.42,1776976029000
1776976032.304,132.304,0.34,0.35,0.65,0.66,0.01,0.01,77777.96,1776976030000
1776976032.981,132.981,0.34,0.35,0.65,0.66,0.01,0.01,77777.61,1776976031000
1776976033.524,133.524,0.34,0.35,0.65,0.66,0.01,0.01,77772.98,1776976032000
1776976033.86,133.86,0.34,0.35,0.65,0.66,0.01,0.01,77772.98,1776976032000
1776976034.294,134.294,0.34,0.35,0.65,0.66,0.01,0.01,77772.98,1776976032000
1776976034.847,134.847,0.34,0.36,0.65,0.66,0.02,0.01,77772.98,1776976032000
1776976035.336,135.336,0.36,0.37,0.63,0.64,0.01,0.01,77770.99,1776976034000
1776976035.82,135.82,0.36,0.37,0.63,0.64,0.01,0.01,77770.99,1776976034000
1776976036.185,136.185,0.37,0.38,0.62,0.64,0.01,0.02,77770.99,1776976034000
1776976036.699,136.699,0.37,0.38,0.62,0.63,0.01,0.01,77770.99,1776976034000
1776976037.529,137.529,0.37,0.38,0.62,0.63,0.01,0.01,77771.0,1776976036000
1776976038.349,138.349,0.37,0.38,0.62,0.63,0.01,0.01,77771.0,1776976036000
1776976039.141,139.141,0.37,0.38,0.62,0.63,0.01,0.01,77771.27,1776976038000
1776976039.588,139.588,0.37,0.38,0.62,0.63,0.01,0.01,77771.27,1776976038000
1776976040.518,140.518,0.37,0.38,0.62,0.63,0.01,0.01,77771.32,1776976039000
1776976040.862,140.862,0.37,0.39,0.61,0.63,0.02,0.02,77771.32,1776976039000
1776976041.217,141.217,0.37,0.38,0.62,0.63,0.01,0.01,77771.32,1776976039000
1776976041.661,141.661,0.37,0.38,0.62,0.63,0.01,0.01,77772.49,1776976040000
1776976042.07,142.07,0.38,0.4,0.6,0.62,0.02,0.02,77772.49,1776976040000
1776976042.569,142.569,0.39,0.4,0.6,0.62,0.01,0.02,77772.49,1776976040000
1776976042.988,142.988,0.39,0.4,0.6,0.61,0.01,0.01,77773.78,1776976041000
1776976043.397,143.397,0.39,0.4,0.6,0.61,0.01,0.01,77773.78,1776976041000
1776976044.257,144.257,0.39,0.4,0.6,0.61,0.01,0.01,77774.04,1776976042000
1776976044.979,144.979,0.39,0.4,0.6,0.61,0.01,0.01,77773.54,1776976043000
1776976045.516,145.516,0.39,0.4,0.6,0.61,0.01,0.01,77774.25,1776976044000
1776976045.965,145.965,0.39,0.4,0.6,0.61,0.01,0.01,77774.25,1776976044000
1776976046.599,146.599,0.39,0.4,0.6,0.61,0.01,0.01,77774.25,1776976044000
1776976047.463,147.463,0.39,0.4,0.6,0.61,0.01,0.01,77773.87,1776976046000
1776976048.248,148.248,0.39,0.4,0.6,0.61,0.01,0.01,77774.1,1776976047000
1776976048.897,148.897,0.39,0.4,0.6,0.61,0.01,0.01,77774.1,1776976047000
1776976049.234,149.234,0.46,0.5,0.5,0.55,0.04,0.05,77774.1,1776976047000
1776976049.622,149.622,0.47,0.5,0.5,0.54,0.03,0.04,77774.1,1776976047000
1776976050.12,150.12,0.46,0.47,0.53,0.54,0.01,0.01,77789.24,1776976048000
1776976050.467,150.467,0.48,0.49,0.51,0.52,0.01,0.01,77789.24,1776976048000
1776976050.812,150.812,0.48,0.49,0.51,0.52,0.01,0.01,77789.23,1776976049000
1776976051.18,151.18,0.48,0.49,0.51,0.52,0.01,0.01,77789.23,1776976049000
1776976051.607,151.607,0.48,0.49,0.51,0.52,0.01,0.01,77789.23,1776976049000
1776976052.0,152.0,0.48,0.49,0.51,0.52,0.01,0.01,77789.18,1776976050000
1776976052.478,152.478,0.48,0.49,0.51,0.52,0.01,0.01,77789.18,1776976050000
1776976052.842,152.842,0.49,0.5,0.5,0.51,0.01,0.01,77789.25,1776976051000
1776976053.197,153.197,0.49,0.51,0.5,0.51,0.02,0.01,77789.25,1776976051000
1776976053.625,153.625,0.5,0.51,0.49,0.5,0.01,0.01,77789.25,1776976051000
1776976054.148,154.148,0.5,0.51,0.49,0.5,0.01,0.01,77789.22,1776976052000
1776976054.892,154.892,0.5,0.51,0.49,0.5,0.01,0.01,77788.15,1776976053000
1776976055.504,155.504,0.5,0.51,0.49,0.5,0.01,0.01,77788.52,1776976054000
1776976056.142,156.142,0.5,0.51,0.49,0.5,0.01,0.01,77788.52,1776976054000
1776976056.508,156.508,0.48,0.49,0.5,0.52,0.01,0.02,77788.52,1776976054000
1776976057.016,157.016,0.48,0.49,0.51,0.52,0.01,0.01,77788.72,1776976055000
1776976057.41,157.41,0.48,0.49,0.51,0.52,0.01,0.01,77788.72,1776976056000
1776976058.156,158.156,0.48,0.49,0.51,0.52,0.01,0.01,77788.72,1776976056000
1776976058.646,158.646,0.49,0.5,0.5,0.51,0.01,0.01,77787.97,1776976057000
1776976059.002,159.002,0.49,0.5,0.5,0.51,0.01,0.01,77787.97,1776976057000
1776976059.519,159.519,0.49,0.5,0.5,0.51,0.01,0.01,77787.97,1776976058000
1776976060.291,160.291,0.49,0.5,0.5,0.51,0.01,0.01,77787.97,1776976058000
1776976060.703,160.703,0.49,0.5,0.5,0.51,0.01,0.01,77787.82,1776976059000
1776976061.1,161.1,0.49,0.5,0.5,0.51,0.01,0.01,77787.82,1776976059000
1776976061.803,161.803,0.49,0.5,0.5,0.51,0.01,0.01,77787.84,1776976060000
1776976062.554,162.554,0.49,0.5,0.5,0.51,0.01,0.01,77787.84,1776976060000
1776976062.965,162.965,0.49,0.5,0.5,0.51,0.01,0.01,77789.04,1776976061000
1776976063.859,163.859,0.49,0.5,0.5,0.51,0.01,0.01,77789.04,1776976062000
1776976064.323,164.323,0.49,0.5,0.5,0.51,0.01,0.01,77789.04,1776976062000
1776976064.671,164.671,0.49,0.5,0.5,0.51,0.01,0.01,77788.5,1776976063000
1776976065.252,165.252,0.49,0.5,0.5,0.51,0.01,0.01,77787.56,1776976064000
1776976065.591,165.591,0.49,0.5,0.5,0.51,0.01,0.01,77787.56,1776976064000
1776976066.015,166.015,0.49,0.5,0.5,0.51,0.01,0.01,77787.56,1776976064000
1776976066.608,166.608,0.49,0.5,0.5,0.51,0.01,0.01,77786.15,1776976065000
1776976066.954,166.954,0.46,0.48,0.52,0.54,0.02,0.02,77786.15,1776976065000
1776976067.319,167.319,0.39,0.4,0.6,0.61,0.01,0.01,77787.34,1776976066000
1776976067.696,167.696,0.37,0.38,0.62,0.63,0.01,0.01,77787.34,1776976066000
1776976068.176,168.176,0.37,0.38,0.62,0.63,0.01,0.01,77787.34,1776976066000
1776976068.553,168.553,0.37,0.38,0.62,0.63,0.01,0.01,77784.14,1776976067000
1776976068.901,168.901,0.37,0.38,0.62,0.63,0.01,0.01,77784.14,1776976067000
1776976069.241,169.241,0.37,0.38,0.62,0.63,0.01,0.01,77784.14,1776976067000
1776976069.663,169.663,0.37,0.38,0.62,0.63,0.01,0.01,77773.12,1776976068000
1776976070.226,170.226,0.37,0.38,0.62,0.63,0.01,0.01,77773.12,1776976068000
1776976071.4,171.4,0.37,0.38,0.62,0.63,0.01,0.01,77773.68,1776976070000
1776976071.886,171.886,0.37,0.38,0.62,0.63,0.01,0.01,77773.68,1776976070000
1776976072.299,172.299,0.37,0.38,0.62,0.63,0.01,0.01,77774.61,1776976071000
1776976073.369,173.369,0.37,0.38,0.62,0.63,0.01,0.01,77773.65,1776976072000
1776976073.924,173.924,0.37,0.38,0.62,0.63,0.01,0.01,77774.26,1776976073000
1776976074.495,174.495,0.37,0.38,0.62,0.63,0.01,0.01,77774.26,1776976073000
1776976074.976,174.976,0.37,0.38,0.62,0.63,0.01,0.01,77773.31,1776976074000
1776976075.36,175.36,0.37,0.38,0.62,0.63,0.01,0.01,77773.31,1776976074000
1776976075.796,175.796,0.37,0.38,0.62,0.63,0.01,0.01,77773.31,1776976074000
1776976076.212,176.212,0.36,0.37,0.62,0.63,0.01,0.01,77772.92,1776976075000
1776976077.006,177.006,0.36,0.37,0.63,0.64,0.01,0.01,77772.92,1776976075000
1776976077.414,177.414,0.36,0.37,0.63,0.64,0.01,0.01,77772.2,1776976076000
1776976077.757,177.757,0.36,0.37,0.63,0.64,0.01,0.01,77772.2,1776976076000
1776976079.039,179.039,0.36,0.37,0.63,0.64,0.01,0.01,77773.09,1776976078000
1776976079.47,179.47,0.36,0.37,0.63,0.64,0.01,0.01,77773.09,1776976078000
1776976080.063,180.063,0.36,0.37,0.63,0.64,0.01,0.01,77773.77,1776976079000
1776976080.711,180.711,0.35,0.37,0.63,0.64,0.02,0.01,77773.77,1776976079000
1776976081.111,181.111,0.35,0.37,0.63,0.65,0.02,0.02,77774.43,1776976080000
1776976081.933,181.933,0.35,0.37,0.63,0.65,0.02,0.02,77774.43,1776976080000
1776976082.297,182.297,0.35,0.36,0.64,0.65,0.01,0.01,77774.43,1776976081000
1776976082.861,182.861,0.35,0.36,0.64,0.65,0.01,0.01,77774.43,1776976081000
1776976083.206,183.206,0.35,0.36,0.64,0.65,0.01,0.01,77774.43,1776976081000
1776976083.587,183.587,0.36,0.37,0.63,0.65,0.01,0.02,77774.43,1776976082000
1776976083.979,183.979,0.36,0.37,0.63,0.64,0.01,0.01,77774.43,1776976082000
1776976084.344,184.344,0.36,0.37,0.63,0.64,0.01,0.01,77774.43,1776976082000
1776976084.959,184.959,0.34,0.35,0.64,0.66,0.01,0.02,77774.44,1776976083000
1776976085.644,185.644,0.34,0.35,0.65,0.66,0.01,0.01,77774.44,1776976084000
1776976086.19,186.19,0.34,0.35,0.65,0.66,0.01,0.01,77774.44,1776976085000
1776976087.077,187.077,0.34,0.35,0.65,0.66,0.01,0.01,77774.44,1776976085000
1776976087.784,187.784,0.34,0.35,0.65,0.66,0.01,0.01,77773.77,1776976086000
1776976088.383,188.383,0.34,0.35,0.65,0.66,0.01,0.01,77773.16,1776976087000
1776976088.781,188.781,0.34,0.35,0.65,0.66,0.01,0.01,77773.16,1776976087000
1776976089.485,189.485,0.34,0.35,0.65,0.66,0.01,0.01,77773.13,1776976088000
1776976089.861,189.861,0.34,0.35,0.65,0.66,0.01,0.01,77773.13,1776976088000
1776976090.289,190.289,0.34,0.35,0.65,0.66,0.01,0.01,77773.27,1776976089000
1776976090.783,190.783,0.34,0.35,0.65,0.66,0.01,0.01,77773.27,1776976089000
1776976091.257,191.257,0.34,0.35,0.65,0.66,0.01,0.01,77773.27,1776976089000
1776976091.818,191.818,0.34,0.35,0.65,0.66,0.01,0.01,77771.61,1776976090000
1776976092.381,192.381,0.34,0.35,0.65,0.66,0.01,0.01,77769.28,1776976091000
1776976092.831,192.831,0.33,0.35,0.65,0.66,0.02,0.01,77769.28,1776976091000
1776976093.174,193.174,0.29,0.32,0.68,0.71,0.03,0.03,77769.25,1776976092000
1776976093.522,193.522,0.29,0.3,0.7,0.71,0.01,0.01,77769.25,1776976092000
1776976093.907,193.907,0.29,0.3,0.7,0.71,0.01,0.01,77769.25,1776976092000
1776976094.253,194.253,0.29,0.3,0.7,0.71,0.01,0.01,77768.13,1776976093000
1776976094.597,194.597,0.24,0.25,0.75,0.76,0.01,0.01,77768.13,1776976093000
1776976095.152,195.152,0.24,0.25,0.75,0.76,0.01,0.01,77768.13,1776976093000
1776976095.515,195.515,0.21,0.23,0.77,0.79,0.02,0.02,77766.36,1776976094000
1776976096.138,196.138,0.21,0.22,0.77,0.79,0.01,0.02,77766.36,1776976094000
1776976096.53,196.53,0.21,0.22,0.78,0.79,0.01,0.01,77752.08,1776976095000
1776976096.913,196.913,0.21,0.22,0.78,0.79,0.01,0.01,77752.08,1776976095000
1776976097.322,197.322,0.2,0.21,0.79,0.8,0.01,0.01,77752.08,1776976095000
1776976097.875,197.875,0.2,0.21,0.79,0.8,0.01,0.01,77752.08,1776976095000
1776976098.238,198.238,0.19,0.2,0.8,0.81,0.01,0.01,77745.15,1776976097000
1776976098.578,198.578,0.19,0.2,0.8,0.81,0.01,0.01,77745.15,1776976097000
1776976098.929,198.929,0.18,0.19,0.81,0.82,0.01,0.01,77745.15,1776976097000
1776976099.271,199.271,0.17,0.18,0.82,0.83,0.01,0.01,77745.15,1776976097000
1776976099.839,199.839,0.17,0.18,0.82,0.83,0.01,0.01,77745.25,1776976098000
1776976100.245,200.245,0.16,0.17,0.82,0.84,0.01,0.02,77743.99,1776976099000
1776976100.596,200.596,0.16,0.17,0.83,0.84,0.01,0.01,77743.99,1776976099000
1776976101.007,201.007,0.18,0.19,0.81,0.82,0.01,0.01,77743.99,1776976099000
1776976101.345,201.345,0.19,0.2,0.8,0.81,0.01,0.01,77739.05,1776976100000
1776976101.681,201.681,0.22,0.23,0.77,0.78,0.01,0.01,77739.05,1776976100000
1776976102.067,202.067,0.21,0.22,0.78,0.79,0.01,0.01,77739.05,1776976100000
1776976102.475,202.475,0.21,0.22,0.78,0.79,0.01,0.01,77739.97,1776976101000
1776976102.883,202.883,0.21,0.22,0.78,0.79,0.01,0.01,77739.97,1776976101000
1776976103.24,203.24,0.21,0.22,0.78,0.79,0.01,0.01,77739.97,1776976101000
1776976103.58,203.58,0.21,0.22,0.78,0.79,0.01,0.01,77748.07,1776976102000
1776976103.987,203.987,0.23,0.24,0.76,0.77,0.01,0.01,77748.07,1776976102000
1776976104.737,204.737,0.24,0.25,0.75,0.76,0.01,0.01,77750.48,1776976103000
1776976105.205,205.205,0.24,0.25,0.75,0.76,0.01,0.01,77750.48,1776976103000
1776976105.597,205.597,0.24,0.25,0.75,0.76,0.01,0.01,77751.13,1776976104000
1776976106.468,206.468,0.24,0.25,0.75,0.76,0.01,0.01,77751.13,1776976104000
1776976106.818,206.818,0.24,0.25,0.75,0.76,0.01,0.01,77754.51,1776976105000
1776976107.35,207.35,0.24,0.25,0.75,0.76,0.01,0.01,77755.95,1776976106000
1776976107.714,207.714,0.13,0.25,0.75,0.76,0.12,0.01,77755.95,1776976106000
1776976108.101,208.101,0.18,0.19,0.81,0.82,0.01,0.01,77755.95,1776976107000
1776976108.786,208.786,0.18,0.19,0.81,0.82,0.01,0.01,77755.95,1776976107000
1776976109.296,209.296,0.21,0.22,0.78,0.79,0.01,0.01,77755.95,1776976107000
1776976109.636,209.636,0.21,0.22,0.78,0.79,0.01,0.01,77756.45,1776976108000
1776976109.995,209.995,0.21,0.22,0.78,0.79,0.01,0.01,77756.45,1776976108000
1776976110.339,210.339,0.21,0.22,0.78,0.79,0.01,0.01,77756.42,1776976109000
1776976110.841,210.841,0.21,0.22,0.78,0.79,0.01,0.01,77756.42,1776976109000
1776976111.222,211.222,0.21,0.22,0.78,0.79,0.01,0.01,77756.68,1776976110000
1776976111.566,211.566,0.21,0.22,0.78,0.79,0.01,0.01,77756.68,1776976110000
1776976112.017,212.017,0.2,0.21,0.78,0.79,0.01,0.01,77756.68,1776976110000
1776976112.39,212.39,0.16,0.17,0.83,0.84,0.01,0.01,77754.56,1776976111000
1776976112.795,212.795,0.16,0.17,0.83,0.84,0.01,0.01,77754.56,1776976111000
1776976113.223,213.223,0.16,0.17,0.83,0.84,0.01,0.01,77754.56,1776976111000
1776976113.561,213.561,0.16,0.17,0.83,0.84,0.01,0.01,77754.56,1776976111000
1776976113.898,213.898,0.16,0.17,0.83,0.84,0.01,0.01,77752.56,1776976112000
1776976114.241,214.241,0.14,0.17,0.83,0.86,0.03,0.03,77752.56,1776976112000
1776976114.632,214.632,0.14,0.15,0.85,0.86,0.01,0.01,77751.56,1776976113000
1776976115.068,215.068,0.14,0.15,0.85,0.86,0.01,0.01,77751.56,1776976113000
1776976115.466,215.466,0.14,0.15,0.85,0.86,0.01,0.01,77751.16,1776976114000
1776976115.819,215.819,0.15,0.16,0.84,0.85,0.01,0.01,77751.16,1776976114000
1776976116.203,216.203,0.15,0.16,0.84,0.85,0.01,0.01,77751.16,1776976114000
1776976116.666,216.666,0.14,0.15,0.84,0.86,0.01,0.02,77750.7,1776976115000
1776976117.002,217.002,0.14,0.15,0.85,0.86,0.01,0.01,77750.7,1776976115000
1776976117.374,217.374,0.14,0.15,0.85,0.86,0.01,0.01,77750.7,1776976115000
1776976117.815,217.815,0.14,0.15,0.85,0.86,0.01,0.01,77750.28,1776976116000
1776976118.169,218.169,0.14,0.15,0.85,0.86,0.01,0.01,77750.28,1776976117000
1776976118.588,218.588,0.14,0.15,0.85,0.86,0.01,0.01,77750.28,1776976117000
1776976118.951,218.951,0.14,0.15,0.85,0.86,0.01,0.01,77750.16,1776976118000
1776976119.3,219.3,0.14,0.15,0.85,0.86,0.01,0.01,77750.16,1776976118000
1776976119.64,219.64,0.14,0.15,0.85,0.86,0.01,0.01,77750.16,1776976118000
1776976119.993,219.993,0.14,0.15,0.85,0.86,0.01,0.01,77750.16,1776976118000
1776976120.435,220.435,0.14,0.15,0.85,0.86,0.01,0.01,77750.28,1776976119000
1776976120.858,220.858,0.14,0.15,0.85,0.86,0.01,0.01,77750.28,1776976119000
1776976121.195,221.195,0.11,0.15,0.85,0.86,0.04,0.01,77750.43,1776976120000
1776976121.652,221.652,0.12,0.13,0.87,0.88,0.01,0.01,77750.43,1776976120000
1776976122.016,222.016,0.12,0.13,0.87,0.88,0.01,0.01,77750.43,1776976120000
1776976122.43,222.43,0.11,0.13,0.87,0.88,0.02,0.01,77749.65,1776976121000
1776976122.774,222.774,0.11,0.12,0.88,0.89,0.01,0.01,77749.65,1776976121000
1776976123.223,223.223,0.1,0.11,0.89,0.9,0.01,0.01,77748.09,1776976122000
1776976123.578,223.578,0.11,0.12,0.88,0.89,0.01,0.01,77748.09,1776976122000
1776976123.913,223.913,0.1,0.12,0.88,0.9,0.02,0.02,77748.01,1776976123000
1776976124.347,224.347,0.1,0.11,0.89,0.9,0.01,0.01,77748.01,1776976123000
1776976124.688,224.688,0.1,0.11,0.89,0.9,0.01,0.01,77748.01,1776976123000
1776976125.083,225.083,0.08,0.11,0.89,0.9,0.03,0.01,77748.0,1776976124000
1776976125.417,225.417,0.08,0.09,0.91,0.92,0.01,0.01,77748.0,1776976124000
1776976125.872,225.872,0.09,0.1,0.89,0.92,0.01,0.03,77748.0,1776976124000
1776976126.281,226.281,0.09,0.1,0.9,0.91,0.01,0.01,77748.0,1776976124000
1776976126.684,226.684,0.09,0.1,0.9,0.91,0.01,0.01,77748.0,1776976124000
1776976127.023,227.023,0.09,0.1,0.9,0.91,0.01,0.01,77746.81,1776976125000
1776976127.624,227.624,0.09,0.1,0.9,0.91,0.01,0.01,77746.4,1776976126000
1776976128.04,228.04,0.09,0.1,0.9,0.91,0.01,0.01,77745.82,1776976127000
1776976128.482,228.482,0.08,0.09,0.91,0.92,0.01,0.01,77745.82,1776976127000
1776976128.943,228.943,0.08,0.09,0.91,0.92,0.01,0.01,77745.82,1776976127000
1776976129.286,229.286,0.07,0.09,0.91,0.93,0.02,0.02,77745.82,1776976127000
1776976129.672,229.672,0.09,0.1,0.9,0.91,0.01,0.01,77745.03,1776976128000
1776976130.155,230.155,0.09,0.1,0.9,0.91,0.01,0.01,77745.04,1776976129000
1776976131.218,231.218,0.09,0.1,0.9,0.91,0.01,0.01,77745.04,1776976129000
1776976131.632,231.632,0.09,0.1,0.9,0.91,0.01,0.01,77745.04,1776976130000
1776976131.993,231.993,0.09,0.1,0.9,0.91,0.01,0.01,77745.04,1776976131000
1776976132.422,232.422,0.09,0.1,0.9,0.91,0.01,0.01,77745.04,1776976131000
1776976133.163,233.163,0.09,0.1,0.9,0.91,0.01,0.01,77744.25,1776976132000
1776976133.582,233.582,0.07,0.1,0.9,0.93,0.03,0.03,77744.25,1776976132000
1776976133.99,233.99,0.07,0.08,0.92,0.93,0.01,0.01,77744.25,1776976132000
1776976134.344,234.344,0.07,0.08,0.92,0.93,0.01,0.01,77743.71,1776976133000
1776976134.749,234.749,0.07,0.08,0.92,0.93,0.01,0.01,77743.71,1776976133000
1776976135.119,235.119,0.07,0.09,0.92,0.93,0.02,0.01,77743.09,1776976134000
1776976136.063,236.063,0.08,0.09,0.91,0.92,0.01,0.01,77743.09,1776976134000
1776976136.636,236.636,0.08,0.09,0.91,0.92,0.01,0.01,77745.47,1776976135000
1776976137.034,237.034,0.07,0.09,0.91,0.92,0.02,0.01,77745.47,1776976135000
1776976137.369,237.369,0.08,0.09,0.91,0.92,0.01,0.01,77746.61,1776976136000
1776976137.705,237.705,0.08,0.09,0.91,0.92,0.01,0.01,77746.61,1776976136000
1776976138.339,238.339,0.08,0.09,0.91,0.92,0.01,0.01,77747.8,1776976137000
1776976138.763,238.763,0.08,0.09,0.91,0.92,0.01,0.01,77747.8,1776976137000
1776976139.802,239.802,0.08,0.09,0.91,0.92,0.01,0.01,77747.81,1776976138000
1776976141.328,241.328,0.08,0.1,0.9,0.92,0.02,0.02,77748.06,1776976140000
1776976141.786,241.786,0.09,0.1,0.9,0.92,0.01,0.02,77748.06,1776976140000
1776976142.131,242.131,0.09,0.1,0.9,0.91,0.01,0.01,77748.06,1776976140000
1776976142.481,242.481,0.07,0.08,0.91,0.93,0.01,0.02,77747.96,1776976141000
1776976143.143,243.143,0.07,0.08,0.92,0.93,0.01,0.01,77747.96,1776976141000
1776976143.664,243.664,0.07,0.08,0.92,0.93,0.01,0.01,77747.81,1776976142000
1776976144.073,244.073,0.07,0.08,0.92,0.93,0.01,0.01,77747.81,1776976143000
1776976144.42,244.42,0.07,0.08,0.92,0.93,0.01,0.01,77747.81,1776976143000
1776976144.992,244.992,0.07,0.08,0.92,0.93,0.01,0.01,77747.58,1776976144000
1776976145.377,245.377,0.06,0.08,0.92,0.93,0.02,0.01,77747.58,1776976144000
1776976146.097,246.097,0.06,0.07,0.93,0.94,0.01,0.01,77747.07,1776976145000
1776976146.896,246.896,0.06,0.07,0.93,0.94,0.01,0.01,77747.07,1776976145000
1776976147.282,247.282,0.06,0.07,0.93,0.94,0.01,0.01,77747.07,1776976146000
1776976147.842,247.842,0.06,0.07,0.93,0.94,0.01,0.01,77747.07,1776976146000
1776976148.29,248.29,0.06,0.07,0.93,0.94,0.01,0.01,77747.07,1776976146000
1776976148.785,248.785,0.06,0.07,0.93,0.94,0.01,0.01,77746.09,1776976147000
1776976149.292,249.292,0.05,0.07,0.93,0.95,0.02,0.02,77746.48,1776976148000
1776976149.638,249.638,0.05,0.06,0.94,0.95,0.01,0.01,77746.48,1776976148000
1776976150.029,250.029,0.05,0.06,0.94,0.95,0.01,0.01,77746.48,1776976148000
1776976150.382,250.382,0.05,0.06,0.94,0.95,0.01,0.01,77746.64,1776976149000
1776976150.721,250.721,0.05,0.06,0.94,0.95,0.01,0.01,77746.64,1776976149000
1776976151.128,251.128,0.05,0.06,0.94,0.95,0.01,0.01,77746.64,1776976149000
1776976151.519,251.519,0.05,0.06,0.94,0.95,0.01,0.01,77744.67,1776976150000
1776976152.003,252.003,0.05,0.06,0.94,0.95,0.01,0.01,77744.67,1776976150000
1776976152.352,252.352,0.05,0.06,0.94,0.95,0.01,0.01,77744.67,1776976151000
1776976152.758,252.758,0.05,0.06,0.94,0.95,0.01,0.01,77744.67,1776976151000
1776976153.659,253.659,0.05,0.06,0.94,0.95,0.01,0.01,77746.72,1776976152000
1776976154.083,254.083,0.05,0.06,0.94,0.95,0.01,0.01,77744.68,1776976153000
1776976154.53,254.53,0.05,0.06,0.94,0.95,0.01,0.01,77744.68,1776976153000
1776976155.15,255.15,0.05,0.06,0.94,0.95,0.01,0.01,77744.68,1776976153000
1776976155.762,255.762,0.05,0.06,0.94,0.95,0.01,0.01,77744.67,1776976154000
1776976156.25,256.25,0.05,0.06,0.94,0.95,0.01,0.01,77744.67,1776976155000
1776976156.691,256.691,0.04,0.05,0.95,0.96,0.01,0.01,77744.67,1776976155000
1776976157.034,257.034,0.04,0.05,0.95,0.96,0.01,0.01,77744.67,1776976155000
1776976157.427,257.427,0.04,0.05,0.95,0.96,0.01,0.01,77744.68,1776976156000
1776976157.781,257.781,0.04,0.05,0.95,0.96,0.01,0.01,77744.68,1776976156000
1776976158.201,258.201,0.04,0.05,0.95,0.96,0.01,0.01,77744.68,1776976156000
1776976158.656,258.656,0.04,0.05,0.95,0.96,0.01,0.01,77744.68,1776976157000
1776976159.331,259.331,0.04,0.06,0.94,0.96,0.02,0.02,77744.68,1776976158000
1776976159.718,259.718,0.04,0.05,0.94,0.96,0.01,0.02,77744.68,1776976158000
1776976160.087,260.087,0.04,0.05,0.95,0.96,0.01,0.01,77744.68,1776976158000
1776976160.617,260.617,0.05,0.06,0.94,0.96,0.01,0.02,77744.68,1776976159000
1776976161.087,261.087,0.05,0.06,0.94,0.95,0.01,0.01,77744.68,1776976160000
1776976161.53,261.53,0.04,0.05,0.94,0.95,0.01,0.01,77744.68,1776976160000
1776976161.945,261.945,0.04,0.05,0.95,0.96,0.01,0.01,77744.68,1776976160000
1776976163.002,263.002,0.04,0.05,0.95,0.96,0.01,0.01,77744.68,1776976162000
1776976163.484,263.484,0.04,0.05,0.95,0.96,0.01,0.01,77744.68,1776976162000
1776976163.82,263.82,0.04,0.05,0.95,0.96,0.01,0.01,77744.68,1776976162000
1776976164.276,264.276,0.04,0.05,0.95,0.96,0.01,0.01,77744.68,1776976163000
1776976164.665,264.665,0.04,0.05,0.95,0.96,0.01,0.01,77744.68,1776976163000
1776976165.037,265.037,0.04,0.05,0.95,0.96,0.01,0.01,77744.68,1776976163000
1776976165.406,265.406,0.03,0.04,0.96,0.97,0.01,0.01,77746.26,1776976164000
1776976165.744,265.744,0.03,0.04,0.96,0.97,0.01,0.01,77746.26,1776976164000
1776976166.077,266.077,0.03,0.04,0.96,0.97,0.01,0.01,77746.26,1776976164000
1776976166.565,266.565,0.03,0.04,0.96,0.97,0.01,0.01,77744.67,1776976165000
1776976166.905,266.905,0.03,0.04,0.96,0.97,0.01,0.01,77744.67,1776976165000
1776976167.248,267.248,0.03,0.04,0.96,0.97,0.01,0.01,77744.67,1776976166000
1776976167.618,267.618,0.03,0.04,0.96,0.97,0.01,0.01,77744.67,1776976166000
1776976168.223,268.223,0.03,0.04,0.96,0.97,0.01,0.01,77744.67,1776976166000
1776976168.591,268.591,0.03,0.04,0.96,0.97,0.01,0.01,77744.67,1776976167000
1776976169.244,269.244,0.03,0.04,0.96,0.97,0.01,0.01,77744.67,1776976167000
1776976169.82,269.82,0.03,0.04,0.96,0.97,0.01,0.01,77744.67,1776976168000
1776976170.363,270.363,0.03,0.04,0.96,0.97,0.01,0.01,77744.67,1776976168000
1776976170.749,270.749,0.03,0.04,0.96,0.97,0.01,0.01,77748.36,1776976169000
1776976171.096,271.096,0.03,0.04,0.96,0.97,0.01,0.01,77748.36,1776976169000
1776976171.513,271.513,0.03,0.04,0.96,0.97,0.01,0.01,77748.36,1776976169000
1776976171.971,271.971,0.03,0.04,0.96,0.97,0.01,0.01,77748.28,1776976170000
1776976172.31,272.31,0.03,0.07,0.93,0.97,0.04,0.04,77747.53,1776976171000
1776976172.801,272.801,0.04,0.05,0.95,0.97,0.01,0.02,77747.53,1776976171000
1776976173.312,273.312,0.03,0.04,0.96,0.97,0.01,0.01,77747.53,1776976171000
1776976173.666,273.666,0.03,0.04,0.96,0.97,0.01,0.01,77747.93,1776976172000
1776976174.098,274.098,0.03,0.04,0.96,0.97,0.01,0.01,77747.93,1776976172000
1776976174.707,274.707,0.03,0.04,0.96,0.97,0.01,0.01,77747.67,1776976173000
1776976175.12,275.12,0.04,0.05,0.95,0.96,0.01,0.01,77747.67,1776976173000
1776976175.453,275.453,0.04,0.05,0.95,0.96,0.01,0.01,77747.67,1776976173000
1776976175.808,275.808,0.04,0.05,0.95,0.96,0.01,0.01,77747.69,1776976174000
1776976176.17,276.17,0.04,0.05,0.95,0.96,0.01,0.01,77747.69,1776976174000
1776976176.527,276.527,0.04,0.05,0.95,0.96,0.01,0.01,77748.6,1776976175000
1776976176.925,276.925,0.03,0.05,0.95,0.96,0.02,0.01,77748.6,1776976175000
1776976177.321,277.321,0.03,0.05,0.95,0.97,0.02,0.02,77751.41,1776976176000
1776976177.744,277.744,0.04,0.05,0.95,0.97,0.01,0.02,77751.41,1776976176000
1776976178.213,278.213,0.04,0.05,0.95,0.97,0.01,0.02,77751.58,1776976177000
1776976178.768,278.768,0.04,0.05,0.95,0.96,0.01,0.01,77751.58,1776976177000
1776976179.409,279.409,0.04,0.05,0.95,0.96,0.01,0.01,77751.58,1776976177000
1776976179.826,279.826,0.04,0.05,0.95,0.96,0.01,0.01,77751.83,1776976178000
1776976180.339,280.339,0.03,0.04,0.95,0.97,0.01,0.02,77751.83,1776976178000
1776976180.868,280.868,0.03,0.04,0.96,0.97,0.01,0.01,77751.91,1776976179000
1776976181.298,281.298,0.03,0.04,0.96,0.97,0.01,0.01,77751.91,1776976180000
1776976181.678,281.678,0.02,0.04,0.96,0.97,0.02,0.01,77751.91,1776976180000
1776976182.018,282.018,0.02,0.03,0.97,0.98,0.01,0.01,77751.91,1776976180000
1776976182.461,282.461,0.02,0.03,0.97,0.98,0.01,0.01,77751.91,1776976180000
1776976182.896,282.896,0.02,0.03,0.97,0.98,0.01,0.01,77751.49,1776976181000
1776976183.364,283.364,0.02,0.03,0.97,0.98,0.01,0.01,77751.49,1776976181000
1776976183.728,283.728,0.02,0.03,0.97,0.98,0.01,0.01,77751.49,1776976182000
1776976184.203,284.203,0.02,0.03,0.97,0.98,0.01,0.01,77751.28,1776976183000
1776976184.597,284.597,0.02,0.03,0.97,0.98,0.01,0.01,77751.28,1776976183000
1776976184.953,284.953,0.02,0.03,0.97,0.98,0.01,0.01,77751.28,1776976183000
1776976185.3,285.3,0.02,0.04,0.96,0.98,0.02,0.02,77751.28,1776976183000
1776976185.646,285.646,0.09,0.1,0.9,0.91,0.01,0.01,77751.28,1776976183000
1776976186.03,286.03,0.11,0.12,0.88,0.89,0.01,0.01,77751.39,1776976184000
1776976186.379,286.379,0.08,0.11,0.89,0.92,0.03,0.03,77751.39,1776976184000
1776976186.808,286.808,0.08,0.09,0.91,0.92,0.01,0.01,77752.57,1776976185000
1776976187.175,287.175,0.08,0.11,0.88,0.92,0.03,0.04,77752.57,1776976185000
1776976187.566,287.566,0.06,0.1,0.9,0.92,0.04,0.02,77755.11,1776976186000
1776976187.932,287.932,0.06,0.07,0.93,0.94,0.01,0.01,77755.11,1776976186000
1776976188.308,288.308,0.06,0.07,0.93,0.94,0.01,0.01,77765.75,1776976187000
1776976188.642,288.642,0.06,0.07,0.93,0.94,0.01,0.01,77765.75,1776976187000
1776976188.996,288.996,0.05,0.06,0.94,0.95,0.01,0.01,77765.75,1776976187000
1776976189.388,289.388,0.05,0.06,0.94,0.95,0.01,0.01,77765.75,1776976187000
1776976189.803,289.803,0.05,0.06,0.94,0.95,0.01,0.01,77768.27,1776976188000
1776976190.342,290.342,0.05,0.06,0.94,0.95,0.01,0.01,77767.04,1776976189000
1776976190.71,290.71,0.02,0.03,0.97,0.98,0.01,0.01,77767.04,1776976189000
1776976191.47,291.47,0.02,0.03,0.97,0.98,0.01,0.01,77767.04,1776976189000
1776976191.815,291.815,0.02,0.04,0.96,0.98,0.02,0.02,77761.72,1776976190000
1776976192.231,292.231,0.02,0.04,0.95,0.98,0.02,0.03,77760.94,1776976191000
1776976192.588,292.588,0.02,0.03,0.97,0.99,0.01,0.02,77760.94,1776976191000
1776976193.028,293.028,0.01,0.03,0.97,0.99,0.02,0.02,77760.94,1776976191000
1776976193.375,293.375,0.01,0.03,0.97,0.99,0.02,0.02,77760.43,1776976192000
1776976193.78,293.78,0.01,0.02,0.98,0.99,0.01,0.01,77760.43,1776976192000
1776976194.414,294.414,0.01,0.03,0.97,0.99,0.02,0.02,77760.43,1776976192000
1776976194.93,294.93,0.01,0.02,0.97,0.99,0.01,0.02,77760.13,1776976193000
1776976195.353,295.353,0.01,0.02,0.98,0.99,0.01,0.01,77759.79,1776976194000
1776976195.745,295.745,0.01,0.02,0.98,0.99,0.01,0.01,77759.79,1776976194000
1776976196.118,296.118,0.01,0.02,0.98,0.99,0.01,0.01,77759.79,1776976194000
1776976196.462,296.462,0.01,0.02,0.98,0.99,0.01,0.01,77760.34,1776976195000
1776976196.831,296.831,0.01,0.02,0.98,0.99,0.01,0.01,77760.34,1776976195000
1776976197.171,297.171,0.01,0.02,0.98,0.99,0.01,0.01,77760.34,1776976195000
1776976197.529,297.529,0.01,0.01,0.98,0.99,0.0,0.01,77759.54,1776976196000
1776976197.868,297.868,0.01,0.01,0.99,0.99,0.0,0.0,77759.54,1776976196000
1776976198.368,298.368,0.01,0.01,0.99,0.99,0.0,0.0,77759.54,1776976197000
1776976199.003,299.003,0.01,0.01,0.99,0.99,0.0,0.0,77759.54,1776976197000
1776976199.589,299.589,0.01,0.01,0.99,0.99,0.0,0.0,77759.54,1776976198000
1776976200.327,300.327,0.01,0.01,0.99,0.99,0.0,0.0,77759.54,1776976198000
1776976200.718,300.718,0.01,0.01,0.99,0.99,0.0,0.0,77759.54,1776976199000
1776976201.108,301.108,0.01,0.01,0.99,0.99,0.0,0.0,77759.54,1776976200000
1776976202.064,302.064,0.01,0.01,0.99,0.99,0.0,0.0,77760.54,1776976201000

# RESULT,winner=Down,slug=btc-updown-5m-1776975900,ticks=632
