timestamp,elapsed_sec,up_bid,up_ask,down_bid,down_ask,up_spread,down_spread,btc_price,btc_oracle_ts
1776482700.595,0.595,0.38,0.39,0.61,0.62,0.01,0.01,77266.78,1776482699000
1776482700.929,0.929,0.38,0.39,0.61,0.62,0.01,0.01,77266.78,1776482699000
1776482701.456,1.456,0.38,0.41,0.61,0.62,0.03,0.01,77266.86,1776482700000
1776482701.795,1.795,0.4,0.41,0.59,0.61,0.01,0.02,77266.86,1776482700000
1776482702.203,2.203,0.4,0.41,0.59,0.6,0.01,0.01,77266.82,1776482701000
1776482702.578,2.578,0.4,0.42,0.59,0.6,0.02,0.01,77266.82,1776482701000
1776482703.009,3.009,0.41,0.42,0.58,0.59,0.01,0.01,77266.82,1776482701000
1776482703.397,3.397,0.41,0.42,0.58,0.59,0.01,0.01,77266.85,1776482702000
1776482703.792,3.792,0.41,0.42,0.58,0.59,0.01,0.01,77266.85,1776482702000
1776482704.182,4.182,0.41,0.42,0.58,0.59,0.01,0.01,77264.54,1776482703000
1776482704.877,4.877,0.41,0.42,0.58,0.59,0.01,0.01,77264.54,1776482703000
1776482705.252,5.252,0.41,0.42,0.58,0.59,0.01,0.01,77262.22,1776482704000
1776482705.595,5.595,0.41,0.42,0.58,0.59,0.01,0.01,77262.22,1776482704000
1776482705.932,5.932,0.41,0.42,0.58,0.59,0.01,0.01,77262.22,1776482704000
1776482706.294,6.294,0.41,0.42,0.58,0.59,0.01,0.01,77265.83,1776482705000
1776482706.736,6.736,0.41,0.42,0.58,0.59,0.01,0.01,77265.83,1776482705000
1776482707.22,7.22,0.41,0.42,0.58,0.59,0.01,0.01,77263.52,1776482706000
1776482707.58,7.58,0.41,0.42,0.58,0.59,0.01,0.01,77263.52,1776482706000
1776482708.209,8.209,0.42,0.43,0.57,0.59,0.01,0.02,77263.52,1776482706000
1776482708.575,8.575,0.42,0.43,0.57,0.58,0.01,0.01,77260.91,1776482707000
1776482709.028,9.028,0.42,0.43,0.57,0.58,0.01,0.01,77263.38,1776482708000
1776482709.409,9.409,0.42,0.43,0.57,0.58,0.01,0.01,77263.38,1776482708000
1776482709.892,9.892,0.42,0.43,0.57,0.58,0.01,0.01,77265.83,1776482709000
1776482710.231,10.231,0.42,0.44,0.57,0.58,0.02,0.01,77265.83,1776482709000
1776482710.836,10.836,0.43,0.44,0.56,0.57,0.01,0.01,77265.83,1776482710000
1776482711.427,11.427,0.43,0.45,0.56,0.57,0.02,0.01,77265.83,1776482710000
1776482711.791,11.791,0.44,0.45,0.55,0.57,0.01,0.02,77265.83,1776482710000
1776482712.317,12.317,0.44,0.45,0.55,0.56,0.01,0.01,77265.83,1776482711000
1776482712.759,12.759,0.44,0.45,0.55,0.56,0.01,0.01,77265.83,1776482711000
1776482713.238,13.238,0.44,0.45,0.55,0.56,0.01,0.01,77265.83,1776482711000
1776482713.6,13.6,0.44,0.45,0.55,0.56,0.01,0.01,77265.83,1776482711000
1776482714.035,14.035,0.45,0.46,0.54,0.56,0.01,0.02,77265.8,1776482712000
1776482714.539,14.539,0.45,0.46,0.54,0.55,0.01,0.01,77265.8,1776482712000
1776482714.91,14.91,0.45,0.46,0.54,0.55,0.01,0.01,77265.8,1776482713000
1776482715.296,15.296,0.45,0.46,0.54,0.55,0.01,0.01,77265.8,1776482713000
1776482715.697,15.697,0.46,0.47,0.53,0.56,0.01,0.03,77265.8,1776482713000
1776482716.067,16.067,0.46,0.47,0.53,0.54,0.01,0.01,77265.8,1776482713000
1776482716.401,16.401,0.46,0.47,0.53,0.54,0.01,0.01,77265.8,1776482714000
1776482716.757,16.757,0.42,0.43,0.57,0.58,0.01,0.01,77265.8,1776482715000
1776482717.092,17.092,0.42,0.43,0.57,0.58,0.01,0.01,77265.8,1776482715000
1776482717.446,17.446,0.42,0.43,0.57,0.58,0.01,0.01,77265.8,1776482715000
1776482718.103,18.103,0.42,0.44,0.57,0.58,0.02,0.01,77265.84,1776482716000
1776482718.527,18.527,0.42,0.43,0.57,0.58,0.01,0.01,77265.8,1776482717000
1776482719.009,19.009,0.42,0.43,0.57,0.58,0.01,0.01,77265.8,1776482717000
1776482719.436,19.436,0.42,0.43,0.57,0.58,0.01,0.01,77265.27,1776482718000
1776482719.796,19.796,0.42,0.43,0.57,0.58,0.01,0.01,77265.27,1776482718000
1776482720.397,20.397,0.42,0.43,0.57,0.58,0.01,0.01,77265.27,1776482718000
1776482720.772,20.772,0.42,0.45,0.57,0.58,0.03,0.01,77265.27,1776482718000
1776482721.284,21.284,0.44,0.45,0.56,0.57,0.01,0.01,77264.99,1776482719000
1776482721.672,21.672,0.43,0.45,0.56,0.57,0.02,0.01,77264.72,1776482720000
1776482722.017,22.017,0.44,0.45,0.55,0.57,0.01,0.02,77264.72,1776482720000
1776482722.492,22.492,0.44,0.45,0.55,0.56,0.01,0.01,77264.72,1776482720000
1776482722.972,22.972,0.43,0.45,0.55,0.56,0.02,0.01,77264.98,1776482721000
1776482723.47,23.47,0.41,0.42,0.58,0.59,0.01,0.01,77264.98,1776482721000
1776482723.947,23.947,0.41,0.42,0.58,0.59,0.01,0.01,77264.98,1776482722000
1776482724.434,24.434,0.41,0.42,0.58,0.59,0.01,0.01,77264.98,1776482722000
1776482724.775,24.775,0.41,0.42,0.58,0.59,0.01,0.01,77265.04,1776482723000
1776482725.109,25.109,0.41,0.42,0.58,0.59,0.01,0.01,77265.04,1776482723000
1776482725.463,25.463,0.41,0.42,0.58,0.59,0.01,0.01,77262.21,1776482724000
1776482725.939,25.939,0.41,0.42,0.58,0.59,0.01,0.01,77262.21,1776482724000
1776482726.704,26.704,0.41,0.42,0.58,0.59,0.01,0.01,77262.21,1776482725000
1776482727.252,27.252,0.41,0.42,0.58,0.59,0.01,0.01,77262.21,1776482725000
1776482727.639,27.639,0.41,0.42,0.58,0.59,0.01,0.01,77261.87,1776482726000
1776482728.207,28.207,0.41,0.42,0.58,0.59,0.01,0.01,77261.87,1776482726000
1776482728.58,28.58,0.41,0.42,0.58,0.59,0.01,0.01,77261.87,1776482726000
1776482729.141,29.141,0.4,0.41,0.58,0.6,0.01,0.02,77261.9,1776482727000
1776482729.95,29.95,0.4,0.41,0.59,0.6,0.01,0.01,77261.76,1776482729000
1776482730.301,30.301,0.4,0.41,0.59,0.6,0.01,0.01,77261.76,1776482729000
1776482730.843,30.843,0.4,0.42,0.59,0.6,0.02,0.01,77261.76,1776482729000
1776482731.227,31.227,0.4,0.42,0.58,0.6,0.02,0.02,77261.55,1776482730000
1776482731.95,31.95,0.41,0.42,0.58,0.59,0.01,0.01,77261.55,1776482730000
1776482732.32,32.32,0.41,0.42,0.58,0.59,0.01,0.01,77261.55,1776482730000
1776482732.732,32.732,0.41,0.42,0.58,0.59,0.01,0.01,77261.79,1776482731000
1776482733.149,33.149,0.41,0.42,0.58,0.59,0.01,0.01,77261.79,1776482731000
1776482733.849,33.849,0.41,0.42,0.58,0.59,0.01,0.01,77261.66,1776482732000
1776482734.185,34.185,0.41,0.42,0.58,0.59,0.01,0.01,77261.66,1776482732000
1776482734.678,34.678,0.41,0.42,0.58,0.59,0.01,0.01,77261.66,1776482732000
1776482735.236,35.236,0.41,0.42,0.58,0.59,0.01,0.01,77261.83,1776482733000
1776482735.734,35.734,0.41,0.42,0.58,0.59,0.01,0.01,77262.13,1776482734000
1776482736.587,36.587,0.41,0.42,0.58,0.59,0.01,0.01,77262.13,1776482735000
1776482737.211,37.211,0.42,0.43,0.57,0.58,0.01,0.01,77262.17,1776482736000
1776482737.919,37.919,0.42,0.43,0.57,0.58,0.01,0.01,77262.17,1776482736000
1776482738.269,38.269,0.4,0.43,0.57,0.58,0.03,0.01,77262.17,1776482736000
1776482738.646,38.646,0.38,0.39,0.61,0.62,0.01,0.01,77262.17,1776482736000
1776482739.119,39.119,0.38,0.39,0.61,0.62,0.01,0.01,77262.29,1776482737000
1776482739.452,39.452,0.38,0.39,0.61,0.62,0.01,0.01,77262.29,1776482737000
1776482739.835,39.835,0.38,0.39,0.61,0.62,0.01,0.01,77256.09,1776482738000
1776482740.185,40.185,0.37,0.38,0.62,0.63,0.01,0.01,77256.09,1776482738000
1776482740.521,40.521,0.37,0.38,0.62,0.63,0.01,0.01,77255.78,1776482739000
1776482740.866,40.866,0.37,0.38,0.62,0.63,0.01,0.01,77255.78,1776482739000
1776482741.224,41.224,0.37,0.38,0.62,0.63,0.01,0.01,77255.78,1776482739000
1776482741.59,41.59,0.38,0.39,0.61,0.62,0.01,0.01,77255.31,1776482740000
1776482741.971,41.971,0.38,0.39,0.61,0.62,0.01,0.01,77255.31,1776482740000
1776482742.315,42.315,0.38,0.39,0.61,0.62,0.01,0.01,77255.31,1776482740000
1776482742.665,42.665,0.38,0.39,0.61,0.62,0.01,0.01,77255.31,1776482741000
1776482743.078,43.078,0.38,0.4,0.61,0.62,0.02,0.01,77255.31,1776482741000
1776482743.498,43.498,0.39,0.4,0.6,0.61,0.01,0.01,77255.31,1776482741000
1776482743.845,43.845,0.39,0.4,0.6,0.61,0.01,0.01,77254.89,1776482742000
1776482744.207,44.207,0.39,0.4,0.6,0.61,0.01,0.01,77254.89,1776482742000
1776482744.582,44.582,0.39,0.4,0.6,0.61,0.01,0.01,77254.17,1776482743000
1776482745.023,45.023,0.4,0.41,0.59,0.61,0.01,0.02,77254.17,1776482743000
1776482745.382,45.382,0.4,0.41,0.59,0.6,0.01,0.01,77254.17,1776482744000
1776482745.765,45.765,0.4,0.41,0.59,0.6,0.01,0.01,77254.17,1776482744000
1776482746.485,46.485,0.4,0.41,0.59,0.6,0.01,0.01,77254.17,1776482744000
1776482746.883,46.883,0.4,0.41,0.59,0.6,0.01,0.01,77253.86,1776482745000
1776482747.271,47.271,0.4,0.41,0.59,0.6,0.01,0.01,77253.86,1776482745000
1776482747.605,47.605,0.4,0.41,0.59,0.6,0.01,0.01,77254.26,1776482746000
1776482748.11,48.11,0.4,0.41,0.59,0.6,0.01,0.01,77254.26,1776482747000
1776482748.546,48.546,0.38,0.39,0.61,0.62,0.01,0.01,77254.26,1776482747000
1776482749.087,49.087,0.38,0.39,0.6,0.62,0.01,0.02,77254.26,1776482747000
1776482749.451,49.451,0.38,0.39,0.61,0.62,0.01,0.01,77253.87,1776482748000
1776482750.019,50.019,0.38,0.39,0.61,0.62,0.01,0.01,77253.87,1776482748000
1776482750.373,50.373,0.38,0.39,0.61,0.62,0.01,0.01,77253.47,1776482749000
1776482751.089,51.089,0.38,0.39,0.61,0.62,0.01,0.01,77253.38,1776482750000
1776482751.443,51.443,0.38,0.39,0.61,0.62,0.01,0.01,77253.38,1776482750000
1776482751.791,51.791,0.38,0.39,0.61,0.62,0.01,0.01,77253.38,1776482750000
1776482752.28,52.28,0.38,0.39,0.61,0.62,0.01,0.01,77253.38,1776482750000
1776482752.864,52.864,0.38,0.39,0.61,0.62,0.01,0.01,77253.38,1776482750000
1776482753.253,53.253,0.38,0.39,0.61,0.62,0.01,0.01,77253.43,1776482751000
1776482753.711,53.711,0.38,0.39,0.61,0.62,0.01,0.01,77253.43,1776482751000
1776482754.221,54.221,0.38,0.39,0.61,0.62,0.01,0.01,77253.43,1776482752000
1776482754.722,54.722,0.38,0.39,0.61,0.62,0.01,0.01,77253.32,1776482753000
1776482755.317,55.317,0.38,0.39,0.61,0.62,0.01,0.01,77253.5,1776482754000
1776482755.73,55.73,0.37,0.39,0.61,0.62,0.02,0.01,77253.5,1776482754000
1776482756.109,56.109,0.37,0.38,0.62,0.63,0.01,0.01,77253.5,1776482755000
1776482756.878,56.878,0.37,0.38,0.62,0.63,0.01,0.01,77253.5,1776482755000
1776482757.309,57.309,0.37,0.38,0.62,0.63,0.01,0.01,77253.5,1776482755000
1776482757.85,57.85,0.37,0.38,0.62,0.63,0.01,0.01,77253.58,1776482757000
1776482758.438,58.438,0.37,0.42,0.62,0.63,0.05,0.01,77253.58,1776482757000
1776482758.808,58.808,0.38,0.39,0.61,0.62,0.01,0.01,77253.58,1776482757000
1776482759.978,59.978,0.38,0.39,0.61,0.62,0.01,0.01,77253.58,1776482758000
1776482760.4,60.4,0.38,0.39,0.61,0.62,0.01,0.01,77253.61,1776482759000
1776482760.756,60.756,0.38,0.39,0.61,0.62,0.01,0.01,77253.61,1776482759000
1776482761.097,61.097,0.38,0.39,0.61,0.62,0.01,0.01,77253.61,1776482759000
1776482761.697,61.697,0.38,0.39,0.61,0.62,0.01,0.01,77253.44,1776482760000
1776482762.357,62.357,0.38,0.39,0.61,0.62,0.01,0.01,77253.45,1776482761000
1776482762.756,62.756,0.38,0.39,0.61,0.62,0.01,0.01,77253.45,1776482761000
1776482763.144,63.144,0.38,0.39,0.61,0.62,0.01,0.01,77253.45,1776482762000
1776482763.947,63.947,0.38,0.39,0.61,0.62,0.01,0.01,77253.45,1776482762000
1776482764.358,64.358,0.38,0.39,0.61,0.62,0.01,0.01,77252.98,1776482763000
1776482765.167,65.167,0.38,0.39,0.61,0.62,0.01,0.01,77252.84,1776482764000
1776482765.738,65.738,0.38,0.39,0.61,0.62,0.01,0.01,77252.84,1776482764000
1776482766.191,66.191,0.38,0.39,0.61,0.62,0.01,0.01,77252.84,1776482764000
1776482766.647,66.647,0.38,0.39,0.61,0.62,0.01,0.01,77252.86,1776482765000
1776482767.503,67.503,0.38,0.39,0.61,0.62,0.01,0.01,77252.86,1776482765000
1776482768.178,68.178,0.39,0.4,0.6,0.61,0.01,0.01,77252.85,1776482767000
1776482768.69,68.69,0.39,0.4,0.6,0.61,0.01,0.01,77252.85,1776482767000
1776482769.266,69.266,0.39,0.4,0.6,0.61,0.01,0.01,77252.85,1776482767000
1776482769.669,69.669,0.39,0.4,0.6,0.61,0.01,0.01,77252.85,1776482768000
1776482770.062,70.062,0.33,0.34,0.64,0.67,0.01,0.03,77252.85,1776482768000
1776482770.428,70.428,0.32,0.33,0.67,0.68,0.01,0.01,77252.85,1776482768000
1776482770.775,70.775,0.31,0.32,0.68,0.7,0.01,0.02,77252.61,1776482769000
1776482771.134,71.134,0.31,0.32,0.68,0.69,0.01,0.01,77252.61,1776482769000
1776482771.57,71.57,0.31,0.32,0.68,0.69,0.01,0.01,77252.61,1776482770000
1776482771.937,71.937,0.31,0.32,0.68,0.69,0.01,0.01,77252.61,1776482770000
1776482772.274,72.274,0.31,0.32,0.68,0.69,0.01,0.01,77247.57,1776482771000
1776482772.754,72.754,0.31,0.32,0.68,0.69,0.01,0.01,77247.57,1776482771000
1776482773.156,73.156,0.31,0.32,0.68,0.69,0.01,0.01,77247.57,1776482771000
1776482773.581,73.581,0.31,0.32,0.68,0.69,0.01,0.01,77244.05,1776482772000
1776482774.027,74.027,0.31,0.32,0.68,0.69,0.01,0.01,77244.05,1776482772000
1776482774.431,74.431,0.31,0.32,0.68,0.69,0.01,0.01,77243.38,1776482773000
1776482774.979,74.979,0.31,0.32,0.68,0.69,0.01,0.01,77243.38,1776482773000
1776482775.465,75.465,0.31,0.32,0.68,0.69,0.01,0.01,77243.5,1776482774000
1776482775.971,75.971,0.31,0.32,0.68,0.69,0.01,0.01,77243.5,1776482774000
1776482776.33,76.33,0.31,0.32,0.68,0.69,0.01,0.01,77243.5,1776482774000
1776482776.927,76.927,0.31,0.32,0.68,0.69,0.01,0.01,77242.88,1776482776000
1776482777.339,77.339,0.3,0.32,0.68,0.69,0.02,0.01,77242.88,1776482776000
1776482777.682,77.682,0.3,0.31,0.68,0.7,0.01,0.02,77242.88,1776482776000
1776482778.152,78.152,0.29,0.31,0.69,0.71,0.02,0.02,77243.38,1776482777000
1776482779.014,79.014,0.29,0.3,0.7,0.71,0.01,0.01,77243.38,1776482777000
1776482779.381,79.381,0.29,0.31,0.7,0.71,0.02,0.01,77243.57,1776482778000
1776482779.866,79.866,0.3,0.31,0.69,0.71,0.01,0.02,77243.57,1776482778000
1776482780.271,80.271,0.3,0.31,0.69,0.7,0.01,0.01,77243.49,1776482779000
1776482780.688,80.688,0.3,0.31,0.69,0.7,0.01,0.01,77243.49,1776482779000
1776482781.097,81.097,0.3,0.31,0.69,0.7,0.01,0.01,77243.35,1776482780000
1776482781.472,81.472,0.32,0.33,0.64,0.69,0.01,0.05,77243.35,1776482780000
1776482781.941,81.941,0.32,0.33,0.67,0.68,0.01,0.01,77243.35,1776482780000
1776482782.284,82.284,0.32,0.33,0.67,0.68,0.01,0.01,77243.45,1776482781000
1776482782.902,82.902,0.34,0.35,0.65,0.68,0.01,0.03,77243.45,1776482781000
1776482783.522,83.522,0.34,0.37,0.63,0.66,0.03,0.03,77246.18,1776482782000
1776482783.95,83.95,0.36,0.37,0.63,0.64,0.01,0.01,77246.18,1776482782000
1776482784.494,84.494,0.36,0.37,0.63,0.64,0.01,0.01,77246.38,1776482783000
1776482784.996,84.996,0.36,0.37,0.63,0.64,0.01,0.01,77246.38,1776482783000
1776482785.408,85.408,0.36,0.37,0.63,0.64,0.01,0.01,77247.98,1776482784000
1776482785.756,85.756,0.36,0.37,0.63,0.64,0.01,0.01,77247.98,1776482784000
1776482786.123,86.123,0.36,0.37,0.63,0.64,0.01,0.01,77247.98,1776482784000
1776482786.579,86.579,0.36,0.37,0.63,0.64,0.01,0.01,77247.98,1776482785000
1776482786.931,86.931,0.36,0.37,0.63,0.64,0.01,0.01,77247.98,1776482786000
1776482787.299,87.299,0.36,0.37,0.63,0.64,0.01,0.01,77247.98,1776482786000
1776482787.661,87.661,0.36,0.37,0.63,0.64,0.01,0.01,77247.98,1776482786000
1776482788.001,88.001,0.36,0.37,0.63,0.64,0.01,0.01,77247.88,1776482787000
1776482788.481,88.481,0.35,0.36,0.63,0.65,0.01,0.02,77247.88,1776482787000
1776482789.182,89.182,0.34,0.35,0.65,0.66,0.01,0.01,77248.05,1776482788000
1776482789.782,89.782,0.34,0.35,0.65,0.66,0.01,0.01,77248.05,1776482788000
1776482790.178,90.178,0.34,0.35,0.65,0.66,0.01,0.01,77248.05,1776482788000
1776482790.624,90.624,0.33,0.34,0.66,0.67,0.01,0.01,77246.41,1776482789000
1776482791.117,91.117,0.33,0.34,0.66,0.67,0.01,0.01,77246.41,1776482790000
1776482791.495,91.495,0.33,0.34,0.66,0.67,0.01,0.01,77246.41,1776482790000
1776482791.848,91.848,0.33,0.34,0.66,0.67,0.01,0.01,77246.41,1776482790000
1776482792.272,92.272,0.33,0.34,0.66,0.67,0.01,0.01,77246.3,1776482791000
1776482792.859,92.859,0.33,0.34,0.66,0.67,0.01,0.01,77246.3,1776482791000
1776482793.229,93.229,0.32,0.33,0.67,0.68,0.01,0.01,77246.3,1776482791000
1776482793.627,93.627,0.32,0.33,0.67,0.68,0.01,0.01,77244.59,1776482792000
1776482794.286,94.286,0.32,0.33,0.67,0.68,0.01,0.01,77244.59,1776482792000
1776482794.693,94.693,0.32,0.33,0.67,0.68,0.01,0.01,77245.74,1776482793000
1776482795.234,95.234,0.32,0.33,0.67,0.68,0.01,0.01,77245.88,1776482794000
1776482795.972,95.972,0.32,0.33,0.67,0.68,0.01,0.01,77245.88,1776482794000
1776482796.652,96.652,0.32,0.33,0.67,0.68,0.01,0.01,77243.32,1776482795000
1776482797.04,97.04,0.32,0.33,0.67,0.68,0.01,0.01,77243.32,1776482795000
1776482797.401,97.401,0.31,0.32,0.68,0.69,0.01,0.01,77243.32,1776482796000
1776482797.787,97.787,0.3,0.31,0.68,0.7,0.01,0.02,77243.32,1776482796000
1776482798.22,98.22,0.3,0.31,0.69,0.7,0.01,0.01,77246.19,1776482797000
1776482798.678,98.678,0.3,0.31,0.69,0.7,0.01,0.01,77246.19,1776482797000
1776482799.035,99.035,0.3,0.31,0.69,0.7,0.01,0.01,77246.19,1776482797000
1776482799.398,99.398,0.3,0.31,0.69,0.7,0.01,0.01,77244.96,1776482798000
1776482799.792,99.792,0.3,0.31,0.69,0.7,0.01,0.01,77244.96,1776482798000
1776482800.197,100.197,0.3,0.31,0.69,0.7,0.01,0.01,77244.96,1776482798000
1776482800.618,100.618,0.3,0.31,0.69,0.7,0.01,0.01,77244.96,1776482799000
1776482801.041,101.041,0.3,0.31,0.69,0.7,0.01,0.01,77244.96,1776482799000
1776482801.46,101.46,0.28,0.3,0.69,0.7,0.02,0.01,77245.35,1776482800000
1776482801.945,101.945,0.28,0.29,0.71,0.72,0.01,0.01,77245.35,1776482800000
1776482802.459,102.459,0.27,0.29,0.71,0.72,0.02,0.01,77245.38,1776482801000
1776482802.826,102.826,0.27,0.28,0.72,0.73,0.01,0.01,77245.38,1776482801000
1776482803.165,103.165,0.27,0.28,0.72,0.73,0.01,0.01,77245.38,1776482801000
1776482803.589,103.589,0.27,0.28,0.72,0.73,0.01,0.01,77245.34,1776482802000
1776482803.966,103.966,0.26,0.27,0.72,0.74,0.01,0.02,77245.34,1776482802000
1776482804.398,104.398,0.25,0.26,0.73,0.75,0.01,0.02,77244.98,1776482803000
1776482804.879,104.879,0.25,0.26,0.74,0.75,0.01,0.01,77244.98,1776482803000
1776482805.304,105.304,0.25,0.26,0.74,0.75,0.01,0.01,77244.98,1776482803000
1776482805.842,105.842,0.25,0.26,0.74,0.75,0.01,0.01,77244.41,1776482804000
1776482806.319,106.319,0.25,0.26,0.74,0.75,0.01,0.01,77244.13,1776482805000
1776482806.744,106.744,0.25,0.26,0.74,0.75,0.01,0.01,77244.13,1776482805000
1776482807.087,107.087,0.25,0.26,0.74,0.75,0.01,0.01,77243.86,1776482806000
1776482807.878,107.878,0.25,0.26,0.74,0.75,0.01,0.01,77243.86,1776482806000
1776482808.344,108.344,0.25,0.26,0.74,0.75,0.01,0.01,77243.6,1776482807000
1776482808.861,108.861,0.25,0.26,0.74,0.75,0.01,0.01,77243.6,1776482807000
1776482809.217,109.217,0.25,0.26,0.74,0.75,0.01,0.01,77243.39,1776482808000
1776482809.716,109.716,0.25,0.26,0.73,0.75,0.01,0.02,77243.39,1776482808000
1776482810.149,110.149,0.25,0.27,0.74,0.75,0.02,0.01,77243.69,1776482809000
1776482810.489,110.489,0.26,0.27,0.73,0.74,0.01,0.01,77243.69,1776482809000
1776482811.009,111.009,0.26,0.27,0.73,0.74,0.01,0.01,77243.69,1776482809000
1776482811.363,111.363,0.26,0.27,0.73,0.74,0.01,0.01,77243.69,1776482809000
1776482811.887,111.887,0.26,0.27,0.73,0.74,0.01,0.01,77243.97,1776482810000
1776482812.273,112.273,0.26,0.27,0.73,0.74,0.01,0.01,77244.07,1776482811000
1776482812.688,112.688,0.26,0.27,0.73,0.74,0.01,0.01,77244.07,1776482811000
1776482813.133,113.133,0.26,0.27,0.73,0.74,0.01,0.01,77244.07,1776482811000
1776482813.562,113.562,0.26,0.27,0.73,0.74,0.01,0.01,77244.1,1776482812000
1776482814.395,114.395,0.26,0.27,0.73,0.74,0.01,0.01,77244.1,1776482813000
1776482814.859,114.859,0.26,0.27,0.73,0.74,0.01,0.01,77244.1,1776482813000
1776482815.299,115.299,0.26,0.27,0.73,0.74,0.01,0.01,77244.1,1776482814000
1776482815.65,115.65,0.26,0.27,0.73,0.74,0.01,0.01,77244.1,1776482814000
1776482816.163,116.163,0.26,0.27,0.73,0.74,0.01,0.01,77244.12,1776482815000
1776482817.02,117.02,0.26,0.27,0.73,0.74,0.01,0.01,77244.12,1776482815000
1776482817.411,117.411,0.26,0.27,0.73,0.74,0.01,0.01,77242.93,1776482816000
1776482818.015,118.015,0.26,0.27,0.73,0.74,0.01,0.01,77242.93,1776482816000
1776482818.369,118.369,0.26,0.27,0.73,0.74,0.01,0.01,77242.97,1776482817000
1776482818.935,118.935,0.26,0.27,0.73,0.74,0.01,0.01,77242.97,1776482817000
1776482819.287,119.287,0.26,0.28,0.72,0.74,0.02,0.02,77242.97,1776482817000
1776482819.742,119.742,0.26,0.27,0.72,0.74,0.01,0.02,77243.01,1776482818000
1776482820.095,120.095,0.26,0.27,0.73,0.74,0.01,0.01,77243.01,1776482818000
1776482820.484,120.484,0.25,0.26,0.74,0.75,0.01,0.01,77242.97,1776482819000
1776482820.883,120.883,0.24,0.25,0.74,0.76,0.01,0.02,77242.97,1776482819000
1776482821.549,121.549,0.23,0.24,0.75,0.77,0.01,0.02,77242.97,1776482820000
1776482821.918,121.918,0.19,0.23,0.77,0.81,0.04,0.04,77242.97,1776482820000
1776482822.286,122.286,0.18,0.19,0.81,0.82,0.01,0.01,77242.59,1776482821000
1776482822.64,122.64,0.18,0.19,0.81,0.82,0.01,0.01,77242.59,1776482821000
1776482823.101,123.101,0.18,0.19,0.81,0.82,0.01,0.01,77233.23,1776482822000
1776482823.452,123.452,0.18,0.19,0.81,0.82,0.01,0.01,77233.23,1776482822000
1776482823.807,123.807,0.18,0.19,0.81,0.82,0.01,0.01,77233.23,1776482822000
1776482824.163,124.163,0.2,0.21,0.79,0.8,0.01,0.01,77231.23,1776482823000
1776482824.518,124.518,0.2,0.21,0.79,0.8,0.01,0.01,77231.23,1776482823000
1776482824.968,124.968,0.2,0.21,0.79,0.8,0.01,0.01,77231.23,1776482823000
1776482825.663,125.663,0.2,0.21,0.79,0.8,0.01,0.01,77231.23,1776482823000
1776482826.034,126.034,0.2,0.21,0.79,0.8,0.01,0.01,77230.26,1776482824000
1776482826.496,126.496,0.2,0.21,0.79,0.8,0.01,0.01,77230.46,1776482825000
1776482827.452,127.452,0.2,0.21,0.79,0.8,0.01,0.01,77231.61,1776482826000
1776482827.832,127.832,0.2,0.21,0.79,0.8,0.01,0.01,77231.61,1776482826000
1776482828.461,128.461,0.2,0.21,0.79,0.8,0.01,0.01,77232.11,1776482827000
1776482828.907,128.907,0.2,0.21,0.79,0.8,0.01,0.01,77232.11,1776482827000
1776482829.312,129.312,0.2,0.21,0.79,0.8,0.01,0.01,77232.03,1776482828000
1776482829.835,129.835,0.2,0.21,0.79,0.8,0.01,0.01,77232.03,1776482828000
1776482830.422,130.422,0.2,0.21,0.79,0.8,0.01,0.01,77231.76,1776482829000
1776482830.853,130.853,0.22,0.23,0.77,0.8,0.01,0.03,77231.76,1776482829000
1776482831.236,131.236,0.22,0.23,0.77,0.78,0.01,0.01,77231.76,1776482830000
1776482831.583,131.583,0.24,0.27,0.75,0.77,0.03,0.02,77231.76,1776482830000
1776482831.993,131.993,0.26,0.27,0.73,0.75,0.01,0.02,77232.02,1776482831000
1776482832.573,132.573,0.26,0.27,0.73,0.74,0.01,0.01,77232.02,1776482831000
1776482833.111,133.111,0.26,0.27,0.73,0.74,0.01,0.01,77233.28,1776482832000
1776482833.454,133.454,0.26,0.27,0.73,0.74,0.01,0.01,77233.28,1776482832000
1776482833.922,133.922,0.26,0.27,0.73,0.74,0.01,0.01,77236.78,1776482833000
1776482834.636,134.636,0.26,0.27,0.73,0.74,0.01,0.01,77236.78,1776482833000
1776482835.101,135.101,0.26,0.27,0.73,0.74,0.01,0.01,77236.85,1776482834000
1776482835.766,135.766,0.26,0.27,0.73,0.74,0.01,0.01,77236.85,1776482834000
1776482836.155,136.155,0.26,0.27,0.73,0.74,0.01,0.01,77237.38,1776482835000
1776482836.492,136.492,0.26,0.27,0.73,0.74,0.01,0.01,77237.38,1776482835000
1776482836.834,136.834,0.26,0.27,0.73,0.74,0.01,0.01,77237.38,1776482835000
1776482837.394,137.394,0.28,0.29,0.71,0.72,0.01,0.01,77237.45,1776482836000
1776482837.853,137.853,0.28,0.29,0.71,0.72,0.01,0.01,77237.45,1776482836000
1776482838.223,138.223,0.28,0.29,0.71,0.72,0.01,0.01,77237.46,1776482837000
1776482838.586,138.586,0.28,0.29,0.71,0.72,0.01,0.01,77237.46,1776482837000
1776482838.959,138.959,0.28,0.29,0.71,0.72,0.01,0.01,77237.46,1776482837000
1776482839.386,139.386,0.28,0.29,0.71,0.72,0.01,0.01,77237.46,1776482838000
1776482840.029,140.029,0.28,0.29,0.71,0.72,0.01,0.01,77240.01,1776482839000
1776482840.908,140.908,0.28,0.29,0.71,0.72,0.01,0.01,77240.01,1776482839000
1776482841.288,141.288,0.28,0.29,0.71,0.72,0.01,0.01,77240.01,1776482840000
1776482841.872,141.872,0.28,0.29,0.71,0.72,0.01,0.01,77240.01,1776482840000
1776482842.268,142.268,0.28,0.29,0.71,0.72,0.01,0.01,77240.01,1776482841000
1776482842.619,142.619,0.28,0.29,0.71,0.72,0.01,0.01,77240.01,1776482841000
1776482843.019,143.019,0.28,0.29,0.71,0.72,0.01,0.01,77240.01,1776482841000
1776482843.793,143.793,0.27,0.28,0.71,0.73,0.01,0.02,77240.01,1776482842000
1776482844.256,144.256,0.27,0.28,0.72,0.73,0.01,0.01,77240.01,1776482842000
1776482844.891,144.891,0.27,0.28,0.72,0.73,0.01,0.01,77240.01,1776482843000
1776482845.226,145.226,0.26,0.28,0.72,0.73,0.02,0.01,77240.01,1776482843000
1776482845.575,145.575,0.25,0.26,0.72,0.74,0.01,0.02,77238.8,1776482844000
1776482845.947,145.947,0.25,0.26,0.74,0.75,0.01,0.01,77238.8,1776482845000
1776482846.565,146.565,0.25,0.26,0.74,0.75,0.01,0.01,77238.8,1776482845000
1776482846.939,146.939,0.25,0.26,0.74,0.75,0.01,0.01,77238.29,1776482846000
1776482847.821,147.821,0.25,0.26,0.74,0.75,0.01,0.01,77238.29,1776482846000
1776482848.433,148.433,0.23,0.26,0.74,0.75,0.03,0.01,77237.76,1776482847000
1776482848.926,148.926,0.23,0.24,0.76,0.77,0.01,0.01,77237.76,1776482847000
1776482849.351,149.351,0.22,0.23,0.76,0.78,0.01,0.02,77238.45,1776482848000
1776482849.882,149.882,0.22,0.23,0.77,0.78,0.01,0.01,77238.45,1776482848000
1776482850.258,150.258,0.15,0.17,0.83,0.85,0.02,0.02,77238.29,1776482849000
1776482850.63,150.63,0.15,0.16,0.84,0.85,0.01,0.01,77238.29,1776482849000
1776482850.966,150.966,0.12,0.15,0.84,0.88,0.03,0.04,77238.29,1776482849000
1776482851.314,151.314,0.12,0.13,0.86,0.88,0.01,0.02,77233.48,1776482850000
1776482851.682,151.682,0.12,0.13,0.87,0.88,0.01,0.01,77233.48,1776482850000
1776482852.069,152.069,0.11,0.12,0.88,0.89,0.01,0.01,77233.48,1776482850000
1776482852.473,152.473,0.11,0.12,0.88,0.89,0.01,0.01,77233.48,1776482850000
1776482852.848,152.848,0.11,0.12,0.88,0.89,0.01,0.01,77224.1,1776482851000
1776482853.203,153.203,0.11,0.12,0.88,0.89,0.01,0.01,77224.1,1776482851000
1776482853.633,153.633,0.1,0.12,0.88,0.89,0.02,0.01,77223.99,1776482852000
1776482853.998,153.998,0.1,0.11,0.89,0.9,0.01,0.01,77223.99,1776482852000
1776482854.457,154.457,0.1,0.11,0.89,0.9,0.01,0.01,77223.99,1776482852000
1776482854.824,154.824,0.1,0.11,0.89,0.9,0.01,0.01,77220.53,1776482853000
1776482855.432,155.432,0.1,0.11,0.89,0.9,0.01,0.01,77219.28,1776482854000
1776482855.828,155.828,0.1,0.11,0.89,0.9,0.01,0.01,77219.28,1776482854000
1776482856.296,156.296,0.1,0.11,0.89,0.9,0.01,0.01,77219.28,1776482854000
1776482856.691,156.691,0.1,0.11,0.89,0.9,0.01,0.01,77220.4,1776482855000
1776482857.034,157.034,0.09,0.11,0.89,0.9,0.02,0.01,77220.4,1776482855000
1776482857.399,157.399,0.09,0.1,0.9,0.91,0.01,0.01,77216.61,1776482856000
1776482857.793,157.793,0.09,0.1,0.9,0.91,0.01,0.01,77216.61,1776482856000
1776482858.215,158.215,0.09,0.1,0.9,0.91,0.01,0.01,77216.61,1776482856000
1776482858.585,158.585,0.09,0.11,0.9,0.91,0.02,0.01,77215.21,1776482857000
1776482858.925,158.925,0.1,0.11,0.89,0.9,0.01,0.01,77215.21,1776482857000
1776482859.355,159.355,0.1,0.11,0.89,0.9,0.01,0.01,77215.21,1776482858000
1776482859.724,159.724,0.1,0.11,0.89,0.9,0.01,0.01,77215.21,1776482858000
1776482860.626,160.626,0.1,0.11,0.89,0.9,0.01,0.01,77213.27,1776482859000
1776482861.214,161.214,0.1,0.11,0.89,0.9,0.01,0.01,77210.44,1776482860000
1776482861.955,161.955,0.1,0.11,0.89,0.9,0.01,0.01,77210.44,1776482860000
1776482862.291,162.291,0.1,0.11,0.89,0.9,0.01,0.01,77210.44,1776482861000
1776482862.73,162.73,0.11,0.12,0.88,0.89,0.01,0.01,77210.44,1776482861000
1776482863.128,163.128,0.11,0.12,0.88,0.89,0.01,0.01,77210.44,1776482861000
1776482863.941,163.941,0.11,0.12,0.88,0.89,0.01,0.01,77210.9,1776482863000
1776482864.388,164.388,0.08,0.12,0.88,0.89,0.04,0.01,77210.9,1776482863000
1776482864.825,164.825,0.11,0.12,0.88,0.89,0.01,0.01,77210.9,1776482863000
1776482865.17,165.17,0.11,0.12,0.88,0.89,0.01,0.01,77213.23,1776482864000
1776482865.595,165.595,0.11,0.12,0.88,0.89,0.01,0.01,77213.23,1776482864000
1776482866.162,166.162,0.11,0.12,0.88,0.89,0.01,0.01,77214.66,1776482865000
1776482866.628,166.628,0.11,0.12,0.88,0.89,0.01,0.01,77214.66,1776482865000
1776482867.014,167.014,0.09,0.1,0.9,0.91,0.01,0.01,77214.66,1776482865000
1776482867.424,167.424,0.09,0.1,0.9,0.91,0.01,0.01,77214.66,1776482865000
1776482867.763,167.763,0.09,0.1,0.9,0.91,0.01,0.01,77215.07,1776482866000
1776482868.19,168.19,0.09,0.1,0.9,0.91,0.01,0.01,77214.85,1776482867000
1776482868.644,168.644,0.09,0.1,0.9,0.91,0.01,0.01,77214.85,1776482867000
1776482869.162,169.162,0.09,0.1,0.9,0.91,0.01,0.01,77213.69,1776482868000
1776482869.52,169.52,0.09,0.1,0.9,0.91,0.01,0.01,77213.69,1776482868000
1776482869.905,169.905,0.09,0.1,0.9,0.91,0.01,0.01,77213.69,1776482868000
1776482870.242,170.242,0.09,0.1,0.9,0.91,0.01,0.01,77213.69,1776482868000
1776482870.608,170.608,0.09,0.1,0.9,0.91,0.01,0.01,77213.58,1776482869000
1776482871.104,171.104,0.09,0.1,0.9,0.91,0.01,0.01,77213.58,1776482869000
1776482871.456,171.456,0.09,0.1,0.9,0.91,0.01,0.01,77213.58,1776482870000
1776482871.94,171.94,0.1,0.11,0.89,0.91,0.01,0.02,77213.58,1776482870000
1776482872.446,172.446,0.1,0.11,0.89,0.9,0.01,0.01,77215.2,1776482871000
1776482872.779,172.779,0.08,0.09,0.89,0.92,0.01,0.03,77215.2,1776482871000
1776482873.173,173.173,0.08,0.09,0.91,0.92,0.01,0.01,77216.17,1776482872000
1776482873.538,173.538,0.1,0.11,0.91,0.92,0.01,0.01,77216.17,1776482872000
1776482874.028,174.028,0.1,0.11,0.89,0.9,0.01,0.01,77216.17,1776482872000
1776482874.404,174.404,0.1,0.11,0.89,0.9,0.01,0.01,77216.17,1776482873000
1776482874.85,174.85,0.1,0.11,0.89,0.9,0.01,0.01,77216.17,1776482873000
1776482875.428,175.428,0.09,0.1,0.9,0.91,0.01,0.01,77213.57,1776482874000
1776482875.795,175.795,0.09,0.1,0.9,0.91,0.01,0.01,77213.57,1776482874000
1776482876.138,176.138,0.09,0.13,0.87,0.91,0.04,0.04,77213.07,1776482875000
1776482876.722,176.722,0.11,0.12,0.88,0.89,0.01,0.01,77213.07,1776482875000
1776482877.065,177.065,0.11,0.12,0.88,0.89,0.01,0.01,77213.07,1776482875000
1776482877.719,177.719,0.11,0.12,0.88,0.89,0.01,0.01,77212.49,1776482876000
1776482878.128,178.128,0.11,0.12,0.88,0.89,0.01,0.01,77214.11,1776482877000
1776482878.617,178.617,0.11,0.12,0.88,0.89,0.01,0.01,77214.11,1776482877000
1776482879.111,179.111,0.11,0.12,0.88,0.89,0.01,0.01,77213.79,1776482878000
1776482879.816,179.816,0.11,0.12,0.88,0.89,0.01,0.01,77213.79,1776482878000
1776482880.331,180.331,0.11,0.12,0.88,0.89,0.01,0.01,77212.86,1776482879000
1776482880.811,180.811,0.11,0.12,0.88,0.89,0.01,0.01,77212.86,1776482879000
1776482881.234,181.234,0.11,0.12,0.88,0.89,0.01,0.01,77213.02,1776482880000
1776482882.611,182.611,0.11,0.12,0.88,0.89,0.01,0.01,77212.81,1776482881000
1776482883.303,183.303,0.11,0.12,0.88,0.89,0.01,0.01,77212.81,1776482881000
1776482883.762,183.762,0.11,0.12,0.88,0.89,0.01,0.01,77212.81,1776482881000
1776482884.095,184.095,0.11,0.12,0.88,0.89,0.01,0.01,77212.76,1776482882000
1776482884.498,184.498,0.11,0.12,0.88,0.89,0.01,0.01,77212.76,1776482882000
1776482885.07,185.07,0.11,0.12,0.88,0.89,0.01,0.01,77211.82,1776482883000
1776482885.429,185.429,0.11,0.12,0.88,0.89,0.01,0.01,77211.82,1776482884000
1776482885.855,185.855,0.08,0.12,0.88,0.89,0.04,0.01,77211.82,1776482884000
1776482886.201,186.201,0.09,0.1,0.9,0.91,0.01,0.01,77211.82,1776482884000
1776482886.553,186.553,0.09,0.1,0.9,0.91,0.01,0.01,77211.82,1776482884000
1776482887.198,187.198,0.09,0.1,0.9,0.91,0.01,0.01,77211.93,1776482886000
1776482888.591,188.591,0.09,0.1,0.9,0.91,0.01,0.01,77215.2,1776482887000
1776482889.174,189.174,0.09,0.1,0.9,0.91,0.01,0.01,77215.2,1776482887000
1776482889.966,189.966,0.09,0.1,0.9,0.91,0.01,0.01,77212.75,1776482889000
1776482891.156,191.156,0.09,0.1,0.9,0.91,0.01,0.01,77212.72,1776482890000
1776482891.955,191.955,0.09,0.1,0.9,0.91,0.01,0.01,77212.72,1776482890000
1776482892.425,192.425,0.09,0.1,0.9,0.91,0.01,0.01,77212.38,1776482891000
1776482893.049,193.049,0.09,0.1,0.9,0.91,0.01,0.01,77212.18,1776482892000
1776482893.586,193.586,0.08,0.09,0.9,0.92,0.01,0.02,77212.18,1776482892000
1776482894.223,194.223,0.08,0.09,0.91,0.92,0.01,0.01,77212.18,1776482892000
1776482894.587,194.587,0.08,0.09,0.91,0.92,0.01,0.01,77212.45,1776482893000
1776482895.359,195.359,0.08,0.09,0.91,0.92,0.01,0.01,77212.45,1776482894000
1776482895.745,195.745,0.08,0.09,0.91,0.92,0.01,0.01,77212.45,1776482894000
1776482896.202,196.202,0.08,0.09,0.91,0.92,0.01,0.01,77212.45,1776482895000
1776482896.902,196.902,0.08,0.09,0.91,0.92,0.01,0.01,77212.45,1776482895000
1776482897.447,197.447,0.08,0.09,0.91,0.92,0.01,0.01,77212.45,1776482895000
1776482897.965,197.965,0.08,0.09,0.91,0.92,0.01,0.01,77211.93,1776482896000
1776482898.453,198.453,0.08,0.09,0.91,0.92,0.01,0.01,77211.93,1776482897000
1776482898.954,198.954,0.08,0.1,0.91,0.92,0.02,0.01,77211.93,1776482897000
1776482899.652,199.652,0.08,0.1,0.9,0.92,0.02,0.02,77211.75,1776482898000
1776482900.485,200.485,0.08,0.1,0.9,0.92,0.02,0.02,77212.01,1776482899000
1776482900.971,200.971,0.08,0.09,0.91,0.92,0.01,0.01,77212.01,1776482899000
1776482901.565,201.565,0.08,0.1,0.91,0.92,0.02,0.01,77212.25,1776482900000
1776482901.978,201.978,0.09,0.1,0.9,0.92,0.01,0.02,77212.25,1776482900000
1776482902.337,202.337,0.09,0.1,0.9,0.91,0.01,0.01,77212.23,1776482901000
1776482902.801,202.801,0.09,0.1,0.9,0.91,0.01,0.01,77212.23,1776482901000
1776482903.336,203.336,0.09,0.1,0.9,0.91,0.01,0.01,77212.23,1776482901000
1776482903.776,203.776,0.08,0.09,0.91,0.92,0.01,0.01,77212.24,1776482902000
1776482904.199,204.199,0.08,0.09,0.91,0.92,0.01,0.01,77212.23,1776482903000
1776482904.798,204.798,0.08,0.09,0.91,0.92,0.01,0.01,77212.23,1776482903000
1776482905.19,205.19,0.08,0.09,0.91,0.92,0.01,0.01,77212.23,1776482903000
1776482905.632,205.632,0.08,0.09,0.91,0.92,0.01,0.01,77212.01,1776482904000
1776482906.003,206.003,0.08,0.09,0.91,0.92,0.01,0.01,77212.01,1776482904000
1776482906.896,206.896,0.05,0.09,0.91,0.92,0.04,0.01,77212.61,1776482905000
1776482907.296,207.296,0.07,0.08,0.91,0.92,0.01,0.01,77212.61,1776482905000
1776482907.63,207.63,0.05,0.06,0.92,0.95,0.01,0.03,77212.32,1776482906000
1776482908.237,208.237,0.05,0.06,0.94,0.95,0.01,0.01,77212.61,1776482907000
1776482908.608,208.608,0.05,0.06,0.94,0.95,0.01,0.01,77212.61,1776482907000
1776482908.97,208.97,0.05,0.06,0.94,0.95,0.01,0.01,77212.61,1776482907000
1776482909.326,209.326,0.05,0.06,0.94,0.95,0.01,0.01,77212.64,1776482908000
1776482909.767,209.767,0.05,0.06,0.94,0.95,0.01,0.01,77212.64,1776482908000
1776482910.208,210.208,0.05,0.06,0.94,0.95,0.01,0.01,77212.66,1776482909000
1776482910.803,210.803,0.05,0.06,0.94,0.95,0.01,0.01,77212.66,1776482909000
1776482911.209,211.209,0.05,0.06,0.94,0.95,0.01,0.01,77212.66,1776482909000
1776482911.909,211.909,0.05,0.06,0.94,0.95,0.01,0.01,77212.66,1776482910000
1776482912.296,212.296,0.05,0.06,0.94,0.95,0.01,0.01,77212.66,1776482910000
1776482912.691,212.691,0.05,0.06,0.94,0.95,0.01,0.01,77212.68,1776482911000
1776482913.371,213.371,0.05,0.06,0.94,0.95,0.01,0.01,77212.68,1776482912000
1776482913.941,213.941,0.05,0.06,0.94,0.95,0.01,0.01,77212.68,1776482912000
1776482914.518,214.518,0.05,0.06,0.94,0.95,0.01,0.01,77210.43,1776482913000
1776482914.994,214.994,0.05,0.06,0.94,0.95,0.01,0.01,77210.43,1776482913000
1776482915.533,215.533,0.05,0.06,0.94,0.95,0.01,0.01,77210.43,1776482913000
1776482915.97,215.97,0.05,0.06,0.94,0.95,0.01,0.01,77210.43,1776482913000
1776482916.33,216.33,0.05,0.06,0.94,0.95,0.01,0.01,77206.6,1776482914000
1776482916.715,216.715,0.05,0.06,0.94,0.95,0.01,0.01,77206.6,1776482914000
1776482917.12,217.12,0.05,0.06,0.94,0.95,0.01,0.01,77206.74,1776482915000
1776482917.456,217.456,0.05,0.06,0.94,0.95,0.01,0.01,77206.74,1776482915000
1776482917.813,217.813,0.05,0.06,0.94,0.95,0.01,0.01,77206.62,1776482916000
1776482918.489,218.489,0.05,0.06,0.94,0.95,0.01,0.01,77206.26,1776482917000
1776482919.154,219.154,0.05,0.06,0.94,0.95,0.01,0.01,77206.12,1776482918000
1776482920.25,220.25,0.05,0.06,0.94,0.95,0.01,0.01,77206.12,1776482918000
1776482920.854,220.854,0.05,0.06,0.94,0.95,0.01,0.01,77205.84,1776482919000
1776482921.527,221.527,0.05,0.06,0.94,0.95,0.01,0.01,77206.2,1776482920000
1776482922.299,222.299,0.05,0.06,0.94,0.95,0.01,0.01,77206.2,1776482921000
1776482923.272,223.272,0.05,0.06,0.94,0.95,0.01,0.01,77206.2,1776482921000
1776482923.832,223.832,0.05,0.06,0.94,0.95,0.01,0.01,77205.88,1776482922000
1776482924.621,224.621,0.05,0.06,0.94,0.95,0.01,0.01,77206.46,1776482923000
1776482925.499,225.499,0.05,0.06,0.94,0.95,0.01,0.01,77207.28,1776482924000
1776482926.032,226.032,0.05,0.06,0.94,0.96,0.01,0.02,77207.28,1776482924000
1776482926.423,226.423,0.05,0.06,0.94,0.95,0.01,0.01,77207.77,1776482925000
1776482926.977,226.977,0.04,0.05,0.94,0.95,0.01,0.01,77207.77,1776482925000
1776482927.484,227.484,0.04,0.05,0.95,0.96,0.01,0.01,77207.77,1776482925000
1776482927.982,227.982,0.04,0.05,0.95,0.96,0.01,0.01,77208.08,1776482926000
1776482928.328,228.328,0.04,0.05,0.95,0.96,0.01,0.01,77208.36,1776482927000
1776482928.789,228.789,0.04,0.05,0.95,0.96,0.01,0.01,77208.36,1776482927000
1776482929.159,229.159,0.04,0.05,0.95,0.96,0.01,0.01,77208.46,1776482928000
1776482929.625,229.625,0.04,0.05,0.95,0.96,0.01,0.01,77208.46,1776482928000
1776482930.534,230.534,0.04,0.05,0.95,0.96,0.01,0.01,77208.46,1776482929000
1776482931.055,231.055,0.04,0.05,0.95,0.96,0.01,0.01,77208.46,1776482929000
1776482931.443,231.443,0.04,0.05,0.95,0.96,0.01,0.01,77208.49,1776482930000
1776482932.72,232.72,0.05,0.06,0.94,0.96,0.01,0.02,77208.49,1776482930000
1776482933.067,233.067,0.05,0.06,0.94,0.95,0.01,0.01,77209.6,1776482931000
1776482933.406,233.406,0.05,0.06,0.94,0.95,0.01,0.01,77209.6,1776482931000
1776482933.961,233.961,0.05,0.06,0.94,0.95,0.01,0.01,77209.04,1776482932000
1776482934.759,234.759,0.05,0.06,0.94,0.95,0.01,0.01,77209.04,1776482933000
1776482935.129,235.129,0.05,0.06,0.94,0.95,0.01,0.01,77209.04,1776482933000
1776482935.807,235.807,0.05,0.06,0.94,0.95,0.01,0.01,77209.18,1776482934000
1776482936.338,236.338,0.05,0.06,0.94,0.95,0.01,0.01,77209.18,1776482935000
1776482936.727,236.727,0.05,0.06,0.94,0.95,0.01,0.01,77209.18,1776482935000
1776482937.354,237.354,0.05,0.06,0.94,0.95,0.01,0.01,77209.71,1776482936000
1776482937.689,237.689,0.05,0.06,0.94,0.95,0.01,0.01,77209.71,1776482936000
1776482938.036,238.036,0.05,0.06,0.94,0.95,0.01,0.01,77209.71,1776482936000
1776482938.471,238.471,0.05,0.06,0.94,0.95,0.01,0.01,77209.59,1776482937000
1776482938.906,238.906,0.05,0.07,0.94,0.95,0.02,0.01,77209.59,1776482937000
1776482939.362,239.362,0.05,0.07,0.93,0.95,0.02,0.02,77209.11,1776482938000
1776482939.902,239.902,0.06,0.07,0.93,0.94,0.01,0.01,77209.11,1776482939000
1776482940.369,240.369,0.06,0.07,0.93,0.94,0.01,0.01,77209.11,1776482939000
1776482940.77,240.77,0.05,0.06,0.94,0.95,0.01,0.01,77209.11,1776482939000
1776482941.294,241.294,0.05,0.06,0.94,0.95,0.01,0.01,77209.12,1776482940000
1776482941.633,241.633,0.05,0.06,0.94,0.95,0.01,0.01,77209.12,1776482940000
1776482942.008,242.008,0.05,0.06,0.94,0.95,0.01,0.01,77209.16,1776482941000
1776482942.619,242.619,0.05,0.06,0.94,0.95,0.01,0.01,77209.16,1776482941000
1776482943.026,243.026,0.05,0.06,0.94,0.95,0.01,0.01,77209.16,1776482941000
1776482944.158,244.158,0.05,0.06,0.94,0.95,0.01,0.01,77208.7,1776482943000
1776482944.622,244.622,0.05,0.06,0.94,0.95,0.01,0.01,77208.7,1776482943000
1776482945.011,245.011,0.05,0.06,0.94,0.95,0.01,0.01,77208.7,1776482943000
1776482945.37,245.37,0.05,0.06,0.94,0.95,0.01,0.01,77208.7,1776482944000
1776482945.961,245.961,0.05,0.06,0.94,0.95,0.01,0.01,77208.7,1776482944000
1776482946.326,246.326,0.05,0.06,0.94,0.95,0.01,0.01,77208.77,1776482945000
1776482946.738,246.738,0.05,0.06,0.94,0.95,0.01,0.01,77208.77,1776482945000
1776482947.344,247.344,0.05,0.06,0.94,0.95,0.01,0.01,77208.74,1776482946000
1776482947.871,247.871,0.05,0.06,0.94,0.95,0.01,0.01,77208.74,1776482946000
1776482948.245,248.245,0.05,0.06,0.94,0.95,0.01,0.01,77208.74,1776482947000
1776482948.623,248.623,0.05,0.06,0.94,0.95,0.01,0.01,77208.74,1776482947000
1776482949.101,249.101,0.05,0.06,0.94,0.95,0.01,0.01,77208.74,1776482947000
1776482949.458,249.458,0.05,0.06,0.94,0.95,0.01,0.01,77209.89,1776482948000
1776482949.995,249.995,0.05,0.06,0.94,0.95,0.01,0.01,77209.89,1776482949000
1776482950.36,250.36,0.05,0.06,0.94,0.95,0.01,0.01,77209.89,1776482949000
1776482950.818,250.818,0.05,0.06,0.94,0.95,0.01,0.01,77209.89,1776482949000
1776482951.176,251.176,0.05,0.06,0.94,0.95,0.01,0.01,77209.89,1776482950000
1776482951.54,251.54,0.05,0.06,0.94,0.95,0.01,0.01,77209.89,1776482950000
1776482951.983,251.983,0.05,0.06,0.94,0.95,0.01,0.01,77209.89,1776482950000
1776482952.357,252.357,0.05,0.06,0.94,0.96,0.01,0.02,77209.47,1776482951000
1776482952.754,252.754,0.04,0.05,0.94,0.96,0.01,0.02,77209.47,1776482951000
1776482953.114,253.114,0.04,0.05,0.95,0.96,0.01,0.01,77209.47,1776482951000
1776482953.457,253.457,0.04,0.05,0.95,0.96,0.01,0.01,77209.47,1776482951000
1776482954.183,254.183,0.05,0.06,0.94,0.95,0.01,0.01,77207.9,1776482953000
1776482954.611,254.611,0.05,0.06,0.94,0.95,0.01,0.01,77207.9,1776482953000
1776482955.263,255.263,0.05,0.06,0.94,0.95,0.01,0.01,77209.95,1776482954000
1776482956.27,256.27,0.05,0.06,0.94,0.95,0.01,0.01,77209.95,1776482954000
1776482956.917,256.917,0.04,0.06,0.94,0.95,0.02,0.01,77210.23,1776482955000
1776482957.329,257.329,0.04,0.05,0.95,0.96,0.01,0.01,77210.1,1776482956000
1776482957.84,257.84,0.04,0.05,0.95,0.96,0.01,0.01,77210.1,1776482956000
1776482958.324,258.324,0.05,0.06,0.95,0.96,0.01,0.01,77210.18,1776482957000
1776482958.685,258.685,0.05,0.06,0.94,0.95,0.01,0.01,77210.18,1776482957000
1776482959.223,259.223,0.05,0.06,0.94,0.95,0.01,0.01,77210.18,1776482957000
1776482959.577,259.577,0.05,0.06,0.94,0.95,0.01,0.01,77210.18,1776482958000
1776482960.186,260.186,0.05,0.06,0.94,0.95,0.01,0.01,77210.18,1776482958000
1776482960.617,260.617,0.04,0.06,0.94,0.95,0.02,0.01,77210.15,1776482959000
1776482960.957,260.957,0.05,0.06,0.94,0.95,0.01,0.01,77210.15,1776482959000
1776482961.319,261.319,0.05,0.06,0.94,0.95,0.01,0.01,77210.15,1776482959000
1776482961.667,261.667,0.05,0.06,0.94,0.95,0.01,0.01,77210.15,1776482959000
1776482962.007,262.007,0.04,0.06,0.94,0.95,0.02,0.01,77209.63,1776482961000
1776482962.381,262.381,0.04,0.05,0.94,0.96,0.01,0.02,77209.63,1776482961000
1776482962.909,262.909,0.04,0.05,0.95,0.96,0.01,0.01,77209.63,1776482961000
1776482963.789,263.789,0.05,0.06,0.94,0.95,0.01,0.01,77211.6,1776482962000
1776482964.2,264.2,0.05,0.06,0.94,0.95,0.01,0.01,77209.53,1776482963000
1776482964.665,264.665,0.05,0.06,0.94,0.95,0.01,0.01,77209.53,1776482963000
1776482965.008,265.008,0.05,0.06,0.94,0.95,0.01,0.01,77209.53,1776482964000
1776482965.41,265.41,0.04,0.06,0.94,0.96,0.02,0.02,77209.53,1776482964000
1776482965.996,265.996,0.04,0.05,0.94,0.96,0.01,0.02,77209.53,1776482964000
1776482966.477,266.477,0.04,0.05,0.95,0.96,0.01,0.01,77209.82,1776482965000
1776482966.907,266.907,0.04,0.05,0.95,0.96,0.01,0.01,77209.82,1776482965000
1776482967.533,267.533,0.04,0.05,0.95,0.96,0.01,0.01,77209.72,1776482966000
1776482967.95,267.95,0.04,0.05,0.95,0.96,0.01,0.01,77209.72,1776482966000
1776482968.327,268.327,0.04,0.05,0.95,0.96,0.01,0.01,77209.54,1776482967000
1776482968.675,268.675,0.04,0.05,0.95,0.96,0.01,0.01,77209.54,1776482967000
1776482969.054,269.054,0.04,0.05,0.95,0.96,0.01,0.01,77209.31,1776482968000
1776482969.789,269.789,0.04,0.05,0.95,0.96,0.01,0.01,77209.31,1776482968000
1776482970.357,270.357,0.04,0.05,0.95,0.96,0.01,0.01,77210.67,1776482969000
1776482970.718,270.718,0.04,0.05,0.95,0.96,0.01,0.01,77210.67,1776482969000
1776482971.052,271.052,0.04,0.05,0.95,0.96,0.01,0.01,77210.67,1776482969000
1776482971.413,271.413,0.03,0.04,0.95,0.97,0.01,0.02,77209.51,1776482970000
1776482971.868,271.868,0.03,0.04,0.96,0.97,0.01,0.01,77209.51,1776482970000
1776482972.224,272.224,0.03,0.04,0.96,0.97,0.01,0.01,77209.43,1776482971000
1776482972.578,272.578,0.03,0.04,0.96,0.97,0.01,0.01,77209.43,1776482971000
1776482972.947,272.947,0.03,0.04,0.96,0.97,0.01,0.01,77209.43,1776482971000
1776482973.388,273.388,0.03,0.04,0.96,0.97,0.01,0.01,77209.52,1776482972000
1776482973.767,273.767,0.03,0.04,0.96,0.97,0.01,0.01,77209.52,1776482972000
1776482974.484,274.484,0.03,0.04,0.96,0.97,0.01,0.01,77209.53,1776482973000
1776482974.859,274.859,0.03,0.04,0.96,0.97,0.01,0.01,77209.53,1776482973000
1776482975.289,275.289,0.03,0.04,0.96,0.97,0.01,0.01,77209.53,1776482974000
1776482975.708,275.708,0.03,0.04,0.96,0.97,0.01,0.01,77209.53,1776482974000
1776482976.13,276.13,0.03,0.04,0.96,0.97,0.01,0.01,77209.49,1776482975000
1776482976.564,276.564,0.02,0.03,0.96,0.98,0.01,0.02,77209.49,1776482975000
1776482977.007,277.007,0.02,0.03,0.97,0.98,0.01,0.01,77209.49,1776482975000
1776482977.391,277.391,0.02,0.03,0.97,0.98,0.01,0.01,77209.49,1776482975000
1776482977.728,277.728,0.01,0.03,0.97,0.98,0.02,0.01,77206.91,1776482976000
1776482978.116,278.116,0.01,0.02,0.98,0.99,0.01,0.01,77206.91,1776482976000
1776482978.542,278.542,0.01,0.02,0.98,0.99,0.01,0.01,77208.99,1776482977000
1776482978.896,278.896,0.01,0.02,0.98,0.99,0.01,0.01,77208.99,1776482977000
1776482979.321,279.321,0.01,0.02,0.98,0.99,0.01,0.01,77208.99,1776482977000
1776482979.67,279.67,0.01,0.02,0.98,0.99,0.01,0.01,77210.5,1776482978000
1776482980.043,280.043,0.01,0.02,0.98,0.99,0.01,0.01,77210.5,1776482978000
1776482980.381,280.381,0.01,0.02,0.98,0.99,0.01,0.01,77210.5,1776482979000
1776482980.769,280.769,0.01,0.02,0.98,0.99,0.01,0.01,77210.5,1776482979000
1776482981.178,281.178,0.01,0.02,0.98,0.99,0.01,0.01,77210.5,1776482979000
1776482981.516,281.516,0.01,0.02,0.98,0.99,0.01,0.01,77210.52,1776482980000
1776482981.862,281.862,0.01,0.02,0.98,0.99,0.01,0.01,77210.52,1776482980000
1776482982.217,282.217,0.01,0.02,0.98,0.99,0.01,0.01,77210.52,1776482981000
1776482982.61,282.61,0.01,0.02,0.98,0.99,0.01,0.01,77210.52,1776482981000
1776482982.944,282.944,0.01,0.01,0.99,0.99,0.0,0.0,77210.52,1776482981000
1776482983.295,283.295,0.01,0.01,0.99,0.99,0.0,0.0,77201.9,1776482982000
1776482983.767,283.767,0.01,0.01,0.99,0.99,0.0,0.0,77201.9,1776482982000
1776482984.277,284.277,0.01,0.01,0.99,0.99,0.0,0.0,77201.9,1776482982000
1776482984.87,284.87,0.01,0.01,0.99,0.99,0.0,0.0,77194.46,1776482983000
1776482985.287,285.287,0.01,0.01,0.99,0.99,0.0,0.0,77193.95,1776482984000
1776482986.192,286.192,0.01,0.01,0.99,0.99,0.0,0.0,77193.95,1776482985000
1776482986.588,286.588,0.01,0.01,0.99,0.99,0.0,0.0,77193.95,1776482985000
1776482987.209,287.209,0.01,0.01,0.99,0.99,0.0,0.0,77193.8,1776482986000
1776482987.623,287.623,0.01,0.01,0.99,0.99,0.0,0.0,77193.8,1776482986000
1776482988.439,288.439,0.01,0.01,0.99,0.99,0.0,0.0,77193.8,1776482986000
1776482988.782,288.782,0.01,0.01,0.99,0.99,0.0,0.0,77193.79,1776482987000
1776482989.133,289.133,0.01,0.01,0.99,0.99,0.0,0.0,77193.79,1776482987000
1776482989.479,289.479,0.01,0.01,0.99,0.99,0.0,0.0,77193.79,1776482988000
1776482990.334,290.334,0.01,0.01,0.99,0.99,0.0,0.0,77194.17,1776482989000
1776482990.775,290.775,0.01,0.01,0.99,0.99,0.0,0.0,77194.17,1776482989000
1776482991.419,291.419,0.01,0.01,0.99,0.99,0.0,0.0,77194.22,1776482990000
1776482992.114,292.114,0.01,0.01,0.99,0.99,0.0,0.0,77195.7,1776482991000
1776482993.304,293.304,0.01,0.01,0.99,0.99,0.0,0.0,77198.16,1776482992000
1776482994.135,294.135,0.01,0.01,0.99,0.99,0.0,0.0,77198.16,1776482992000
1776482994.585,294.585,0.01,0.01,0.99,0.99,0.0,0.0,77194.16,1776482993000
1776482994.963,294.963,0.01,0.01,0.99,0.99,0.0,0.0,77194.16,1776482994000
1776482995.349,295.349,0.01,0.01,0.99,0.99,0.0,0.0,77194.16,1776482994000
1776482996.117,296.117,0.01,0.01,0.99,0.99,0.0,0.0,77193.48,1776482995000
1776482997.202,297.202,0.01,0.01,0.99,0.99,0.0,0.0,77195.5,1776482996000
1776482997.587,297.587,0.01,0.01,0.99,0.99,0.0,0.0,77195.5,1776482996000
1776482998.548,298.548,0.01,0.01,0.99,0.99,0.0,0.0,77198.99,1776482997000
1776482999.148,299.148,0.01,0.01,0.99,0.99,0.0,0.0,77198.99,1776482998000
1776483000.175,300.175,0.01,0.01,0.99,0.99,0.0,0.0,77198.99,1776482998000
1776483000.605,300.605,0.01,0.01,0.99,0.99,0.0,0.0,77201.62,1776482999000

# RESULT,winner=Down,slug=btc-updown-5m-1776482700,ticks=624
