timestamp,elapsed_sec,up_bid,up_ask,down_bid,down_ask,up_spread,down_spread,btc_price,btc_oracle_ts
1776266700.571,0.571,0.5,0.51,0.49,0.5,0.01,0.01,74061.09,1776266699000
1776266700.935,0.935,0.5,0.51,0.49,0.5,0.01,0.01,74061.09,1776266699000
1776266701.283,1.283,0.5,0.51,0.49,0.5,0.01,0.01,74061.09,1776266699000
1776266701.754,1.754,0.5,0.51,0.49,0.5,0.01,0.01,74063.37,1776266700000
1776266702.156,2.156,0.5,0.51,0.49,0.5,0.01,0.01,74063.78,1776266701000
1776266702.604,2.604,0.5,0.51,0.49,0.5,0.01,0.01,74063.78,1776266701000
1776266702.97,2.97,0.51,0.52,0.48,0.49,0.01,0.01,74063.09,1776266702000
1776266703.443,3.443,0.51,0.52,0.48,0.49,0.01,0.01,74063.09,1776266702000
1776266703.857,3.857,0.51,0.54,0.48,0.49,0.03,0.01,74063.09,1776266702000
1776266704.197,4.197,0.52,0.53,0.47,0.48,0.01,0.01,74063.65,1776266703000
1776266704.576,4.576,0.53,0.54,0.46,0.47,0.01,0.01,74063.65,1776266703000
1776266704.927,4.927,0.53,0.54,0.46,0.47,0.01,0.01,74067.97,1776266704000
1776266705.304,5.304,0.54,0.55,0.45,0.46,0.01,0.01,74067.97,1776266704000
1776266705.733,5.733,0.54,0.55,0.45,0.46,0.01,0.01,74067.97,1776266704000
1776266706.073,6.073,0.54,0.55,0.45,0.46,0.01,0.01,74068.45,1776266705000
1776266706.451,6.451,0.54,0.55,0.45,0.46,0.01,0.01,74068.45,1776266705000
1776266706.886,6.886,0.54,0.55,0.45,0.46,0.01,0.01,74068.45,1776266705000
1776266707.22,7.22,0.54,0.55,0.45,0.46,0.01,0.01,74069.18,1776266706000
1776266707.686,7.686,0.54,0.55,0.45,0.46,0.01,0.01,74069.18,1776266706000
1776266708.081,8.081,0.54,0.55,0.45,0.46,0.01,0.01,74069.18,1776266706000
1776266708.441,8.441,0.54,0.55,0.45,0.46,0.01,0.01,74069.18,1776266706000
1776266708.818,8.818,0.54,0.55,0.45,0.46,0.01,0.01,74068.23,1776266707000
1776266709.167,9.167,0.54,0.55,0.45,0.46,0.01,0.01,74067.59,1776266708000
1776266709.505,9.505,0.54,0.55,0.45,0.46,0.01,0.01,74067.59,1776266708000
1776266709.978,9.978,0.54,0.55,0.45,0.46,0.01,0.01,74067.59,1776266708000
1776266710.323,10.323,0.53,0.54,0.46,0.47,0.01,0.01,74067.24,1776266709000
1776266710.682,10.682,0.53,0.54,0.46,0.47,0.01,0.01,74067.24,1776266709000
1776266711.115,11.115,0.52,0.53,0.47,0.48,0.01,0.01,74067.24,1776266709000
1776266711.493,11.493,0.52,0.53,0.47,0.48,0.01,0.01,74067.41,1776266710000
1776266711.837,11.837,0.52,0.53,0.47,0.48,0.01,0.01,74067.41,1776266710000
1776266712.198,12.198,0.52,0.53,0.47,0.48,0.01,0.01,74067.41,1776266710000
1776266712.575,12.575,0.52,0.53,0.47,0.48,0.01,0.01,74067.31,1776266711000
1776266712.913,12.913,0.53,0.54,0.46,0.48,0.01,0.02,74067.31,1776266711000
1776266713.26,13.26,0.54,0.55,0.45,0.46,0.01,0.01,74067.31,1776266711000
1776266713.645,13.645,0.53,0.54,0.45,0.47,0.01,0.02,74066.98,1776266712000
1776266714.053,14.053,0.53,0.54,0.46,0.47,0.01,0.01,74066.98,1776266712000
1776266714.418,14.418,0.53,0.54,0.46,0.47,0.01,0.01,74068.08,1776266713000
1776266714.788,14.788,0.53,0.54,0.46,0.47,0.01,0.01,74068.08,1776266713000
1776266715.125,15.125,0.53,0.54,0.46,0.47,0.01,0.01,74068.08,1776266713000
1776266715.528,15.528,0.54,0.55,0.46,0.47,0.01,0.01,74070.06,1776266714000
1776266715.895,15.895,0.54,0.55,0.45,0.46,0.01,0.01,74070.06,1776266714000
1776266716.4,16.4,0.54,0.55,0.45,0.46,0.01,0.01,74070.06,1776266714000
1776266716.742,16.742,0.56,0.58,0.42,0.46,0.02,0.04,74071.31,1776266715000
1776266717.078,17.078,0.58,0.62,0.39,0.42,0.04,0.03,74071.89,1776266716000
1776266717.512,17.512,0.61,0.63,0.36,0.41,0.02,0.05,74071.89,1776266716000
1776266717.858,17.858,0.62,0.63,0.37,0.38,0.01,0.01,74071.89,1776266716000
1776266718.27,18.27,0.62,0.63,0.37,0.38,0.01,0.01,74072.74,1776266717000
1776266718.771,18.771,0.62,0.63,0.37,0.38,0.01,0.01,74072.74,1776266717000
1776266719.168,19.168,0.62,0.63,0.37,0.38,0.01,0.01,74087.89,1776266718000
1776266719.658,19.658,0.62,0.63,0.37,0.38,0.01,0.01,74087.89,1776266718000
1776266720.048,20.048,0.62,0.63,0.37,0.38,0.01,0.01,74089.05,1776266719000
1776266720.455,20.455,0.63,0.64,0.36,0.38,0.01,0.02,74089.05,1776266719000
1776266720.846,20.846,0.63,0.64,0.36,0.37,0.01,0.01,74089.05,1776266719000
1776266721.212,21.212,0.63,0.64,0.36,0.37,0.01,0.01,74089.76,1776266720000
1776266721.774,21.774,0.64,0.65,0.36,0.37,0.01,0.01,74089.76,1776266720000
1776266722.151,22.151,0.64,0.65,0.35,0.36,0.01,0.01,74089.76,1776266720000
1776266722.534,22.534,0.64,0.65,0.35,0.36,0.01,0.01,74089.76,1776266720000
1776266723.07,23.07,0.63,0.64,0.36,0.37,0.01,0.01,74091.36,1776266721000
1776266723.408,23.408,0.63,0.64,0.36,0.37,0.01,0.01,74091.36,1776266721000
1776266723.792,23.792,0.62,0.63,0.37,0.38,0.01,0.01,74091.49,1776266722000
1776266724.159,24.159,0.62,0.63,0.37,0.38,0.01,0.01,74092.05,1776266723000
1776266724.507,24.507,0.62,0.63,0.37,0.38,0.01,0.01,74092.05,1776266723000
1776266724.873,24.873,0.62,0.63,0.37,0.38,0.01,0.01,74092.05,1776266723000
1776266725.259,25.259,0.62,0.63,0.37,0.38,0.01,0.01,74092.05,1776266723000
1776266725.975,25.975,0.62,0.63,0.37,0.38,0.01,0.01,74090.59,1776266724000
1776266726.343,26.343,0.62,0.63,0.37,0.38,0.01,0.01,74090.59,1776266724000
1776266726.685,26.685,0.62,0.63,0.37,0.38,0.01,0.01,74089.37,1776266725000
1776266727.137,27.137,0.62,0.63,0.37,0.38,0.01,0.01,74089.37,1776266725000
1776266727.747,27.747,0.62,0.63,0.37,0.38,0.01,0.01,74089.25,1776266726000
1776266728.193,28.193,0.62,0.63,0.37,0.38,0.01,0.01,74089.25,1776266726000
1776266728.602,28.602,0.62,0.63,0.37,0.38,0.01,0.01,74089.51,1776266727000
1776266729.123,29.123,0.65,0.66,0.34,0.35,0.01,0.01,74089.51,1776266727000
1776266729.538,29.538,0.66,0.67,0.33,0.34,0.01,0.01,74090.42,1776266728000
1776266729.879,29.879,0.67,0.68,0.31,0.33,0.01,0.02,74090.42,1776266728000
1776266730.215,30.215,0.67,0.68,0.32,0.33,0.01,0.01,74090.71,1776266729000
1776266730.549,30.549,0.67,0.68,0.32,0.33,0.01,0.01,74090.71,1776266729000
1776266730.89,30.89,0.67,0.68,0.32,0.33,0.01,0.01,74090.71,1776266729000
1776266731.236,31.236,0.67,0.68,0.32,0.33,0.01,0.01,74098.98,1776266730000
1776266731.571,31.571,0.67,0.68,0.32,0.33,0.01,0.01,74098.98,1776266730000
1776266732.072,32.072,0.67,0.68,0.32,0.33,0.01,0.01,74098.98,1776266730000
1776266732.43,32.43,0.67,0.68,0.32,0.33,0.01,0.01,74101.03,1776266731000
1776266732.825,32.825,0.67,0.68,0.32,0.33,0.01,0.01,74101.03,1776266731000
1776266733.22,33.22,0.67,0.68,0.32,0.33,0.01,0.01,74101.03,1776266731000
1776266733.623,33.623,0.67,0.68,0.32,0.33,0.01,0.01,74101.06,1776266732000
1776266733.998,33.998,0.67,0.69,0.32,0.33,0.02,0.01,74100.05,1776266733000
1776266734.46,34.46,0.68,0.69,0.31,0.32,0.01,0.01,74100.05,1776266733000
1776266734.878,34.878,0.68,0.69,0.31,0.32,0.01,0.01,74100.05,1776266733000
1776266735.307,35.307,0.68,0.69,0.31,0.32,0.01,0.01,74101.01,1776266734000
1776266735.652,35.652,0.68,0.69,0.31,0.32,0.01,0.01,74101.01,1776266734000
1776266736.082,36.082,0.68,0.69,0.31,0.32,0.01,0.01,74101.01,1776266734000
1776266736.691,36.691,0.68,0.69,0.31,0.32,0.01,0.01,74101.0,1776266735000
1776266737.048,37.048,0.68,0.69,0.31,0.32,0.01,0.01,74101.0,1776266735000
1776266737.442,37.442,0.68,0.69,0.31,0.32,0.01,0.01,74100.88,1776266736000
1776266737.87,37.87,0.68,0.7,0.31,0.32,0.02,0.01,74100.88,1776266736000
1776266738.219,38.219,0.69,0.7,0.3,0.32,0.01,0.02,74100.88,1776266736000
1776266738.568,38.568,0.72,0.73,0.27,0.28,0.01,0.01,74102.18,1776266737000
1776266738.937,38.937,0.72,0.74,0.26,0.28,0.02,0.02,74102.18,1776266737000
1776266739.315,39.315,0.73,0.74,0.25,0.27,0.01,0.02,74102.29,1776266738000
1776266739.662,39.662,0.73,0.74,0.26,0.27,0.01,0.01,74102.29,1776266738000
1776266740.0,40.0,0.73,0.74,0.26,0.27,0.01,0.01,74102.29,1776266738000
1776266740.54,40.54,0.74,0.75,0.25,0.26,0.01,0.01,74102.29,1776266738000
1776266740.914,40.914,0.74,0.75,0.25,0.26,0.01,0.01,74102.29,1776266738000
1776266741.262,41.262,0.74,0.75,0.25,0.26,0.01,0.01,74102.29,1776266738000
1776266741.65,41.65,0.74,0.75,0.25,0.26,0.01,0.01,74115.09,1776266740000
1776266741.995,41.995,0.74,0.75,0.25,0.26,0.01,0.01,74115.02,1776266741000
1776266742.358,42.358,0.74,0.75,0.25,0.26,0.01,0.01,74115.02,1776266741000
1776266742.708,42.708,0.74,0.75,0.25,0.26,0.01,0.01,74115.02,1776266741000
1776266743.134,43.134,0.75,0.76,0.24,0.25,0.01,0.01,74115.02,1776266741000
1776266743.609,43.609,0.75,0.76,0.24,0.25,0.01,0.01,74115.47,1776266742000
1776266744.091,44.091,0.75,0.76,0.24,0.25,0.01,0.01,74115.47,1776266742000
1776266744.673,44.673,0.75,0.76,0.24,0.25,0.01,0.01,74114.31,1776266743000
1776266745.012,45.012,0.75,0.76,0.24,0.25,0.01,0.01,74114.31,1776266744000
1776266745.353,45.353,0.75,0.76,0.24,0.25,0.01,0.01,74114.31,1776266744000
1776266745.699,45.699,0.75,0.76,0.24,0.25,0.01,0.01,74114.31,1776266744000
1776266746.108,46.108,0.74,0.75,0.25,0.26,0.01,0.01,74114.31,1776266744000
1776266746.499,46.499,0.74,0.75,0.25,0.26,0.01,0.01,74114.37,1776266745000
1776266746.855,46.855,0.74,0.75,0.25,0.26,0.01,0.01,74114.37,1776266745000
1776266747.331,47.331,0.74,0.75,0.25,0.26,0.01,0.01,74114.37,1776266745000
1776266747.668,47.668,0.7,0.72,0.25,0.29,0.02,0.04,74114.07,1776266746000
1776266748.071,48.071,0.69,0.7,0.3,0.31,0.01,0.01,74114.07,1776266747000
1776266748.452,48.452,0.69,0.7,0.3,0.31,0.01,0.01,74114.07,1776266747000
1776266748.862,48.862,0.69,0.7,0.3,0.31,0.01,0.01,74114.07,1776266747000
1776266749.2,49.2,0.69,0.7,0.3,0.31,0.01,0.01,74114.07,1776266747000
1776266749.541,49.541,0.68,0.69,0.31,0.32,0.01,0.01,74109.58,1776266748000
1776266749.889,49.889,0.68,0.69,0.31,0.32,0.01,0.01,74109.58,1776266748000
1776266750.301,50.301,0.68,0.69,0.31,0.32,0.01,0.01,74109.58,1776266748000
1776266750.893,50.893,0.68,0.69,0.31,0.32,0.01,0.01,74108.15,1776266749000
1776266751.359,51.359,0.66,0.67,0.32,0.34,0.01,0.02,74108.15,1776266749000
1776266752.089,52.089,0.65,0.66,0.34,0.35,0.01,0.01,74105.8,1776266751000
1776266752.558,52.558,0.64,0.65,0.35,0.36,0.01,0.01,74105.8,1776266751000
1776266752.951,52.951,0.64,0.65,0.35,0.36,0.01,0.01,74105.8,1776266751000
1776266753.338,53.338,0.63,0.64,0.36,0.37,0.01,0.01,74105.8,1776266751000
1776266753.681,53.681,0.63,0.64,0.36,0.37,0.01,0.01,74098.35,1776266752000
1776266754.089,54.089,0.63,0.64,0.36,0.37,0.01,0.01,74094.63,1776266753000
1776266754.581,54.581,0.63,0.64,0.36,0.37,0.01,0.01,74094.63,1776266753000
1776266755.036,55.036,0.63,0.64,0.36,0.37,0.01,0.01,74094.63,1776266753000
1776266755.375,55.375,0.63,0.64,0.36,0.37,0.01,0.01,74093.56,1776266754000
1776266755.799,55.799,0.63,0.64,0.36,0.37,0.01,0.01,74093.56,1776266754000
1776266756.272,56.272,0.63,0.64,0.36,0.37,0.01,0.01,74094.0,1776266755000
1776266756.812,56.812,0.63,0.64,0.36,0.37,0.01,0.01,74094.0,1776266755000
1776266757.191,57.191,0.63,0.64,0.36,0.37,0.01,0.01,74094.47,1776266756000
1776266757.539,57.539,0.63,0.64,0.36,0.37,0.01,0.01,74094.47,1776266756000
1776266757.875,57.875,0.63,0.64,0.36,0.37,0.01,0.01,74094.47,1776266756000
1776266758.334,58.334,0.6,0.61,0.38,0.39,0.01,0.01,74094.47,1776266756000
1776266758.667,58.667,0.6,0.61,0.39,0.4,0.01,0.01,74094.37,1776266757000
1776266759.036,59.036,0.59,0.6,0.39,0.4,0.01,0.01,74094.37,1776266757000
1776266759.39,59.39,0.59,0.6,0.4,0.41,0.01,0.01,74094.37,1776266758000
1776266759.862,59.862,0.59,0.6,0.4,0.41,0.01,0.01,74094.37,1776266758000
1776266760.214,60.214,0.59,0.6,0.4,0.41,0.01,0.01,74089.79,1776266759000
1776266760.556,60.556,0.59,0.6,0.4,0.41,0.01,0.01,74089.79,1776266759000
1776266760.932,60.932,0.58,0.59,0.41,0.42,0.01,0.01,74089.79,1776266759000
1776266761.363,61.363,0.58,0.59,0.41,0.42,0.01,0.01,74087.4,1776266760000
1776266761.744,61.744,0.58,0.59,0.41,0.42,0.01,0.01,74087.4,1776266760000
1776266762.238,62.238,0.58,0.59,0.41,0.42,0.01,0.01,74087.4,1776266760000
1776266762.658,62.658,0.58,0.59,0.41,0.42,0.01,0.01,74086.26,1776266761000
1776266763.043,63.043,0.58,0.59,0.41,0.42,0.01,0.01,74086.26,1776266762000
1776266763.38,63.38,0.58,0.59,0.41,0.42,0.01,0.01,74086.26,1776266762000
1776266763.725,63.725,0.58,0.59,0.41,0.42,0.01,0.01,74086.26,1776266762000
1776266764.162,64.162,0.58,0.59,0.41,0.42,0.01,0.01,74086.26,1776266762000
1776266764.586,64.586,0.58,0.59,0.41,0.42,0.01,0.01,74084.66,1776266763000
1776266765.053,65.053,0.57,0.58,0.41,0.42,0.01,0.01,74084.66,1776266763000
1776266765.429,65.429,0.57,0.58,0.42,0.43,0.01,0.01,74082.93,1776266764000
1776266765.914,65.914,0.57,0.58,0.42,0.43,0.01,0.01,74082.93,1776266764000
1776266766.368,66.368,0.57,0.58,0.42,0.43,0.01,0.01,74082.93,1776266765000
1776266766.707,66.707,0.58,0.59,0.42,0.43,0.01,0.01,74082.93,1776266765000
1776266767.058,67.058,0.58,0.59,0.41,0.42,0.01,0.01,74082.93,1776266765000
1776266767.465,67.465,0.58,0.59,0.41,0.42,0.01,0.01,74082.41,1776266766000
1776266767.932,67.932,0.58,0.59,0.41,0.42,0.01,0.01,74082.41,1776266766000
1776266768.268,68.268,0.58,0.59,0.41,0.42,0.01,0.01,74082.41,1776266766000
1776266768.603,68.603,0.58,0.6,0.41,0.42,0.02,0.01,74085.09,1776266767000
1776266769.027,69.027,0.59,0.6,0.4,0.41,0.01,0.01,74085.09,1776266767000
1776266769.628,69.628,0.59,0.6,0.4,0.41,0.01,0.01,74086.38,1776266768000
1776266770.048,70.048,0.59,0.6,0.4,0.41,0.01,0.01,74086.38,1776266768000
1776266770.569,70.569,0.59,0.6,0.4,0.41,0.01,0.01,74086.38,1776266768000
1776266770.926,70.926,0.59,0.6,0.4,0.41,0.01,0.01,74085.53,1776266769000
1776266771.39,71.39,0.59,0.61,0.4,0.41,0.02,0.01,74085.53,1776266769000
1776266772.008,72.008,0.6,0.62,0.39,0.41,0.02,0.02,74086.08,1776266770000
1776266772.443,72.443,0.62,0.63,0.37,0.38,0.01,0.01,74085.93,1776266771000
1776266772.796,72.796,0.62,0.63,0.37,0.38,0.01,0.01,74085.93,1776266771000
1776266773.318,73.318,0.62,0.63,0.37,0.38,0.01,0.01,74086.07,1776266772000
1776266773.691,73.691,0.62,0.63,0.37,0.38,0.01,0.01,74086.07,1776266772000
1776266774.137,74.137,0.62,0.63,0.37,0.38,0.01,0.01,74086.07,1776266772000
1776266774.548,74.548,0.62,0.63,0.37,0.38,0.01,0.01,74086.82,1776266773000
1776266774.883,74.883,0.62,0.63,0.37,0.38,0.01,0.01,74086.82,1776266773000
1776266775.336,75.336,0.62,0.63,0.37,0.38,0.01,0.01,74091.42,1776266774000
1776266775.817,75.817,0.63,0.65,0.36,0.38,0.02,0.02,74091.42,1776266774000
1776266776.177,76.177,0.65,0.66,0.34,0.35,0.01,0.01,74091.34,1776266775000
1776266776.567,76.567,0.66,0.68,0.32,0.34,0.02,0.02,74091.34,1776266775000
1776266776.946,76.946,0.67,0.68,0.32,0.33,0.01,0.01,74091.34,1776266775000
1776266777.327,77.327,0.67,0.68,0.32,0.33,0.01,0.01,74091.34,1776266775000
1776266777.666,77.666,0.66,0.68,0.32,0.33,0.02,0.01,74094.96,1776266776000
1776266778.007,78.007,0.65,0.66,0.33,0.34,0.01,0.01,74094.96,1776266776000
1776266778.343,78.343,0.65,0.66,0.34,0.35,0.01,0.01,74100.57,1776266777000
1776266778.959,78.959,0.65,0.66,0.34,0.35,0.01,0.01,74100.57,1776266777000
1776266779.313,79.313,0.65,0.66,0.34,0.35,0.01,0.01,74100.57,1776266777000
1776266780.009,80.009,0.63,0.64,0.35,0.36,0.01,0.01,74096.2,1776266778000
1776266780.409,80.409,0.62,0.63,0.37,0.38,0.01,0.01,74094.05,1776266779000
1776266780.749,80.749,0.6,0.61,0.38,0.4,0.01,0.02,74094.05,1776266779000
1776266781.163,81.163,0.59,0.6,0.39,0.4,0.01,0.01,74094.05,1776266779000
1776266781.601,81.601,0.57,0.58,0.42,0.43,0.01,0.01,74094.05,1776266779000
1776266781.996,81.996,0.57,0.58,0.42,0.43,0.01,0.01,74092.73,1776266780000
1776266782.344,82.344,0.57,0.58,0.42,0.43,0.01,0.01,74086.02,1776266781000
1776266782.844,82.844,0.57,0.58,0.42,0.43,0.01,0.01,74086.02,1776266781000
1776266783.194,83.194,0.57,0.58,0.42,0.43,0.01,0.01,74086.02,1776266781000
1776266783.53,83.53,0.57,0.58,0.42,0.43,0.01,0.01,74082.66,1776266782000
1776266783.992,83.992,0.57,0.58,0.42,0.43,0.01,0.01,74082.66,1776266782000
1776266784.423,84.423,0.57,0.58,0.42,0.43,0.01,0.01,74081.75,1776266783000
1776266784.766,84.766,0.57,0.58,0.42,0.43,0.01,0.01,74081.75,1776266783000
1776266785.128,85.128,0.57,0.58,0.42,0.43,0.01,0.01,74081.75,1776266783000
1776266785.502,85.502,0.57,0.58,0.42,0.43,0.01,0.01,74081.75,1776266783000
1776266785.971,85.971,0.57,0.58,0.42,0.43,0.01,0.01,74079.84,1776266784000
1776266786.351,86.351,0.57,0.58,0.42,0.43,0.01,0.01,74079.21,1776266785000
1776266786.726,86.726,0.57,0.58,0.42,0.43,0.01,0.01,74079.21,1776266785000
1776266787.081,87.081,0.57,0.58,0.42,0.43,0.01,0.01,74079.21,1776266785000
1776266787.493,87.493,0.57,0.58,0.42,0.43,0.01,0.01,74079.51,1776266786000
1776266787.854,87.854,0.56,0.57,0.43,0.44,0.01,0.01,74079.51,1776266786000
1776266788.256,88.256,0.55,0.56,0.44,0.45,0.01,0.01,74079.51,1776266786000
1776266788.653,88.653,0.55,0.56,0.44,0.45,0.01,0.01,74079.26,1776266787000
1776266789.104,89.104,0.55,0.56,0.44,0.45,0.01,0.01,74078.9,1776266788000
1776266789.574,89.574,0.55,0.56,0.44,0.45,0.01,0.01,74078.9,1776266788000
1776266789.978,89.978,0.54,0.55,0.44,0.46,0.01,0.02,74078.9,1776266788000
1776266790.485,90.485,0.54,0.55,0.45,0.46,0.01,0.01,74072.87,1776266789000
1776266790.845,90.845,0.54,0.55,0.45,0.46,0.01,0.01,74072.87,1776266789000
1776266791.213,91.213,0.54,0.55,0.45,0.46,0.01,0.01,74072.16,1776266790000
1776266791.668,91.668,0.53,0.54,0.45,0.47,0.01,0.02,74072.16,1776266790000
1776266792.011,92.011,0.53,0.54,0.46,0.47,0.01,0.01,74072.16,1776266790000
1776266792.366,92.366,0.53,0.54,0.46,0.47,0.01,0.01,74072.61,1776266791000
1776266792.791,92.791,0.53,0.54,0.46,0.47,0.01,0.01,74072.61,1776266791000
1776266793.136,93.136,0.53,0.54,0.46,0.47,0.01,0.01,74072.61,1776266791000
1776266793.718,93.718,0.53,0.54,0.46,0.47,0.01,0.01,74072.61,1776266792000
1776266794.091,94.091,0.53,0.54,0.46,0.47,0.01,0.01,74072.61,1776266792000
1776266794.47,94.47,0.53,0.54,0.46,0.47,0.01,0.01,74072.41,1776266793000
1776266794.847,94.847,0.53,0.54,0.46,0.47,0.01,0.01,74072.41,1776266793000
1776266795.383,95.383,0.53,0.54,0.46,0.47,0.01,0.01,74072.33,1776266794000
1776266795.935,95.935,0.52,0.53,0.47,0.48,0.01,0.01,74071.61,1776266795000
1776266796.356,96.356,0.52,0.53,0.47,0.48,0.01,0.01,74071.61,1776266795000
1776266796.907,96.907,0.52,0.53,0.47,0.48,0.01,0.01,74070.77,1776266796000
1776266797.376,97.376,0.51,0.52,0.48,0.49,0.01,0.01,74070.77,1776266796000
1776266797.734,97.734,0.49,0.52,0.48,0.5,0.03,0.02,74070.77,1776266796000
1776266798.121,98.121,0.48,0.49,0.51,0.52,0.01,0.01,74069.51,1776266797000
1776266798.495,98.495,0.48,0.49,0.51,0.52,0.01,0.01,74069.51,1776266797000
1776266798.943,98.943,0.49,0.5,0.49,0.52,0.01,0.03,74069.51,1776266797000
1776266799.278,99.278,0.49,0.5,0.5,0.51,0.01,0.01,74069.03,1776266798000
1776266799.612,99.612,0.49,0.5,0.5,0.51,0.01,0.01,74069.03,1776266798000
1776266799.949,99.949,0.49,0.5,0.5,0.51,0.01,0.01,74065.38,1776266799000
1776266800.323,100.323,0.49,0.5,0.5,0.51,0.01,0.01,74065.38,1776266799000
1776266800.709,100.709,0.5,0.51,0.49,0.5,0.01,0.01,74065.38,1776266799000
1776266801.287,101.287,0.5,0.51,0.49,0.5,0.01,0.01,74065.64,1776266800000
1776266801.639,101.639,0.5,0.51,0.49,0.5,0.01,0.01,74065.64,1776266800000
1776266801.996,101.996,0.5,0.51,0.49,0.5,0.01,0.01,74065.64,1776266800000
1776266802.37,102.37,0.5,0.51,0.49,0.5,0.01,0.01,74065.64,1776266800000
1776266802.714,102.714,0.5,0.51,0.49,0.5,0.01,0.01,74065.64,1776266800000
1776266803.104,103.104,0.5,0.51,0.49,0.5,0.01,0.01,74067.33,1776266801000
1776266803.493,103.493,0.5,0.51,0.49,0.5,0.01,0.01,74067.33,1776266802000
1776266804.088,104.088,0.5,0.51,0.49,0.5,0.01,0.01,74069.9,1776266803000
1776266804.435,104.435,0.49,0.51,0.49,0.51,0.02,0.02,74069.9,1776266803000
1776266804.769,104.769,0.47,0.49,0.51,0.53,0.02,0.02,74069.9,1776266803000
1776266805.126,105.126,0.47,0.48,0.52,0.54,0.01,0.02,74069.9,1776266803000
1776266805.478,105.478,0.47,0.48,0.52,0.53,0.01,0.01,74069.9,1776266803000
1776266806.082,106.082,0.46,0.48,0.52,0.54,0.02,0.02,74069.44,1776266805000
1776266806.486,106.486,0.44,0.46,0.54,0.55,0.02,0.01,74069.44,1776266805000
1776266806.857,106.857,0.4,0.42,0.57,0.6,0.02,0.03,74069.44,1776266805000
1776266807.203,107.203,0.4,0.41,0.59,0.6,0.01,0.01,74069.44,1776266805000
1776266807.537,107.537,0.4,0.41,0.59,0.6,0.01,0.01,74062.14,1776266806000
1776266807.942,107.942,0.39,0.41,0.59,0.6,0.02,0.01,74062.14,1776266806000
1776266808.309,108.309,0.39,0.4,0.6,0.61,0.01,0.01,74062.14,1776266806000
1776266808.686,108.686,0.39,0.4,0.6,0.61,0.01,0.01,74045.15,1776266807000
1776266809.051,109.051,0.38,0.39,0.61,0.62,0.01,0.01,74045.15,1776266808000
1776266809.607,109.607,0.38,0.39,0.61,0.62,0.01,0.01,74045.15,1776266808000
1776266810.074,110.074,0.38,0.39,0.61,0.62,0.01,0.01,74045.15,1776266808000
1776266810.421,110.421,0.38,0.39,0.61,0.62,0.01,0.01,74044.81,1776266809000
1776266810.778,110.778,0.38,0.39,0.61,0.62,0.01,0.01,74044.81,1776266809000
1776266811.225,111.225,0.39,0.4,0.6,0.61,0.01,0.01,74044.81,1776266809000
1776266811.677,111.677,0.44,0.46,0.54,0.57,0.02,0.03,74044.82,1776266810000
1776266812.196,112.196,0.45,0.46,0.54,0.56,0.01,0.02,74044.82,1776266810000
1776266812.584,112.584,0.45,0.46,0.54,0.55,0.01,0.01,74047.55,1776266811000
1776266812.96,112.96,0.45,0.46,0.54,0.55,0.01,0.01,74047.55,1776266811000
1776266813.336,113.336,0.45,0.46,0.54,0.55,0.01,0.01,74050.67,1776266812000
1776266813.781,113.781,0.45,0.46,0.54,0.55,0.01,0.01,74050.67,1776266812000
1776266814.137,114.137,0.45,0.46,0.54,0.55,0.01,0.01,74050.67,1776266812000
1776266814.521,114.521,0.45,0.46,0.54,0.55,0.01,0.01,74050.67,1776266812000
1776266814.882,114.882,0.46,0.47,0.53,0.54,0.01,0.01,74050.67,1776266812000
1776266815.221,115.221,0.46,0.48,0.52,0.54,0.02,0.02,74050.67,1776266812000
1776266815.627,115.627,0.47,0.48,0.52,0.53,0.01,0.01,74057.1,1776266814000
1776266816.207,116.207,0.47,0.48,0.52,0.53,0.01,0.01,74057.1,1776266814000
1776266816.589,116.589,0.49,0.51,0.5,0.52,0.02,0.02,74058.46,1776266815000
1776266817.095,117.095,0.5,0.51,0.49,0.5,0.01,0.01,74058.46,1776266815000
1776266817.512,117.512,0.5,0.51,0.49,0.5,0.01,0.01,74059.38,1776266816000
1776266817.98,117.98,0.52,0.53,0.47,0.49,0.01,0.02,74059.38,1776266816000
1776266818.348,118.348,0.52,0.53,0.47,0.48,0.01,0.01,74063.04,1776266817000
1776266818.715,118.715,0.52,0.53,0.47,0.48,0.01,0.01,74063.04,1776266817000
1776266819.067,119.067,0.52,0.53,0.47,0.48,0.01,0.01,74063.04,1776266817000
1776266819.407,119.407,0.52,0.53,0.47,0.48,0.01,0.01,74063.04,1776266817000
1776266819.775,119.775,0.52,0.53,0.47,0.48,0.01,0.01,74066.57,1776266818000
1776266820.157,120.157,0.49,0.53,0.47,0.48,0.04,0.01,74068.74,1776266819000
1776266820.491,120.491,0.5,0.51,0.49,0.5,0.01,0.01,74068.74,1776266819000
1776266820.87,120.87,0.5,0.51,0.49,0.5,0.01,0.01,74068.74,1776266819000
1776266821.251,121.251,0.5,0.51,0.49,0.5,0.01,0.01,74068.74,1776266819000
1776266821.604,121.604,0.47,0.51,0.49,0.53,0.04,0.04,74068.74,1776266820000
1776266822.09,122.09,0.45,0.47,0.54,0.55,0.02,0.01,74068.74,1776266820000
1776266822.469,122.469,0.45,0.46,0.54,0.55,0.01,0.01,74065.97,1776266821000
1776266822.812,122.812,0.45,0.46,0.54,0.55,0.01,0.01,74065.97,1776266821000
1776266823.183,123.183,0.44,0.45,0.55,0.56,0.01,0.01,74065.97,1776266821000
1776266823.553,123.553,0.45,0.46,0.54,0.55,0.01,0.01,74065.97,1776266821000
1776266823.891,123.891,0.47,0.48,0.52,0.54,0.01,0.02,74062.01,1776266822000
1776266824.554,124.554,0.46,0.47,0.52,0.54,0.01,0.02,74062.01,1776266822000
1776266825.019,125.019,0.44,0.45,0.55,0.56,0.01,0.01,74058.97,1776266823000
1776266825.409,125.409,0.46,0.47,0.53,0.54,0.01,0.01,74060.33,1776266824000
1776266825.747,125.747,0.48,0.49,0.52,0.54,0.01,0.02,74060.33,1776266824000
1776266826.13,126.13,0.52,0.53,0.47,0.49,0.01,0.02,74060.33,1776266824000
1776266826.475,126.475,0.52,0.53,0.47,0.48,0.01,0.01,74060.33,1776266824000
1776266826.823,126.823,0.52,0.53,0.47,0.48,0.01,0.01,74058.85,1776266825000
1776266827.198,127.198,0.53,0.54,0.46,0.47,0.01,0.01,74058.85,1776266825000
1776266827.648,127.648,0.53,0.54,0.46,0.47,0.01,0.01,74058.85,1776266825000
1776266828.007,128.007,0.54,0.55,0.45,0.46,0.01,0.01,74063.05,1776266826000
1776266828.592,128.592,0.54,0.55,0.45,0.46,0.01,0.01,74068.74,1776266827000
1776266828.982,128.982,0.56,0.57,0.43,0.44,0.01,0.01,74068.74,1776266827000
1776266829.387,129.387,0.57,0.58,0.43,0.44,0.01,0.01,74068.74,1776266827000
1776266829.721,129.721,0.57,0.58,0.42,0.43,0.01,0.01,74068.74,1776266827000
1776266830.079,130.079,0.56,0.57,0.43,0.44,0.01,0.01,74070.54,1776266828000
1776266830.463,130.463,0.57,0.58,0.42,0.44,0.01,0.02,74070.54,1776266828000
1776266830.924,130.924,0.57,0.58,0.42,0.43,0.01,0.01,74075.67,1776266829000
1776266831.379,131.379,0.57,0.58,0.42,0.43,0.01,0.01,74075.71,1776266830000
1776266831.747,131.747,0.58,0.59,0.41,0.42,0.01,0.01,74075.71,1776266830000
1776266832.202,132.202,0.58,0.59,0.41,0.42,0.01,0.01,74075.71,1776266830000
1776266832.633,132.633,0.58,0.59,0.41,0.42,0.01,0.01,74076.69,1776266831000
1776266833.031,133.031,0.58,0.59,0.41,0.42,0.01,0.01,74077.39,1776266832000
1776266833.442,133.442,0.58,0.59,0.41,0.42,0.01,0.01,74077.39,1776266832000
1776266833.784,133.784,0.58,0.59,0.41,0.42,0.01,0.01,74077.39,1776266832000
1776266834.136,134.136,0.58,0.59,0.41,0.42,0.01,0.01,74077.39,1776266832000
1776266834.479,134.479,0.58,0.59,0.41,0.42,0.01,0.01,74077.39,1776266832000
1776266834.986,134.986,0.58,0.59,0.41,0.42,0.01,0.01,74077.86,1776266833000
1776266835.357,135.357,0.58,0.59,0.41,0.42,0.01,0.01,74078.7,1776266834000
1776266835.835,135.835,0.58,0.59,0.41,0.42,0.01,0.01,74078.7,1776266834000
1776266836.67,136.67,0.58,0.59,0.41,0.42,0.01,0.01,74078.74,1776266835000
1776266837.086,137.086,0.58,0.59,0.41,0.42,0.01,0.01,74078.74,1776266835000
1776266837.508,137.508,0.58,0.59,0.41,0.42,0.01,0.01,74078.74,1776266835000
1776266838.003,138.003,0.58,0.59,0.41,0.42,0.01,0.01,74078.76,1776266836000
1776266838.376,138.376,0.58,0.59,0.41,0.42,0.01,0.01,74078.76,1776266836000
1776266838.789,138.789,0.58,0.59,0.41,0.42,0.01,0.01,74078.76,1776266836000
1776266839.291,139.291,0.58,0.59,0.41,0.42,0.01,0.01,74078.77,1776266837000
1776266839.656,139.656,0.59,0.6,0.4,0.42,0.01,0.02,74078.77,1776266837000
1776266840.016,140.016,0.59,0.6,0.4,0.41,0.01,0.01,74079.77,1776266838000
1776266840.359,140.359,0.59,0.6,0.4,0.41,0.01,0.01,74079.77,1776266838000
1776266840.778,140.778,0.59,0.6,0.4,0.41,0.01,0.01,74079.7,1776266839000
1776266841.206,141.206,0.59,0.6,0.4,0.41,0.01,0.01,74080.08,1776266840000
1776266841.64,141.64,0.61,0.62,0.37,0.39,0.01,0.02,74080.08,1776266840000
1776266842.068,142.068,0.62,0.63,0.37,0.38,0.01,0.01,74080.08,1776266840000
1776266842.533,142.533,0.62,0.63,0.37,0.38,0.01,0.01,74080.08,1776266840000
1776266843.073,143.073,0.62,0.63,0.37,0.38,0.01,0.01,74080.89,1776266841000
1776266843.468,143.468,0.63,0.64,0.36,0.37,0.01,0.01,74085.56,1776266842000
1776266843.802,143.802,0.63,0.64,0.36,0.37,0.01,0.01,74085.56,1776266842000
1776266844.222,144.222,0.63,0.64,0.36,0.37,0.01,0.01,74085.56,1776266842000
1776266844.696,144.696,0.63,0.64,0.36,0.37,0.01,0.01,74085.56,1776266842000
1776266845.131,145.131,0.63,0.64,0.36,0.37,0.01,0.01,74086.29,1776266843000
1776266845.567,145.567,0.63,0.64,0.36,0.37,0.01,0.01,74086.29,1776266843000
1776266845.902,145.902,0.63,0.64,0.36,0.37,0.01,0.01,74086.9,1776266844000
1776266846.483,146.483,0.63,0.64,0.36,0.37,0.01,0.01,74086.94,1776266845000
1776266846.863,146.863,0.63,0.64,0.36,0.37,0.01,0.01,74086.94,1776266845000
1776266847.865,147.865,0.63,0.64,0.36,0.37,0.01,0.01,74087.19,1776266846000
1776266848.244,148.244,0.59,0.6,0.4,0.41,0.01,0.01,74087.19,1776266846000
1776266848.669,148.669,0.57,0.58,0.42,0.43,0.01,0.01,74085.9,1776266847000
1776266849.086,149.086,0.57,0.58,0.42,0.43,0.01,0.01,74085.9,1776266847000
1776266849.493,149.493,0.57,0.58,0.42,0.43,0.01,0.01,74084.97,1776266848000
1776266850.023,150.023,0.57,0.58,0.42,0.43,0.01,0.01,74084.97,1776266848000
1776266850.376,150.376,0.57,0.58,0.42,0.43,0.01,0.01,74081.43,1776266849000
1776266850.761,150.761,0.57,0.58,0.42,0.43,0.01,0.01,74081.43,1776266849000
1776266851.102,151.102,0.57,0.58,0.42,0.43,0.01,0.01,74081.43,1776266849000
1776266851.439,151.439,0.57,0.58,0.42,0.43,0.01,0.01,74081.43,1776266849000
1776266852.237,152.237,0.57,0.58,0.42,0.43,0.01,0.01,74080.69,1776266850000
1776266852.663,152.663,0.57,0.58,0.42,0.43,0.01,0.01,74080.65,1776266851000
1776266853.06,153.06,0.57,0.58,0.42,0.43,0.01,0.01,74080.65,1776266851000
1776266853.418,153.418,0.59,0.62,0.38,0.41,0.03,0.03,74078.66,1776266852000
1776266853.785,153.785,0.6,0.61,0.4,0.41,0.01,0.01,74078.66,1776266852000
1776266854.259,154.259,0.6,0.61,0.39,0.4,0.01,0.01,74078.66,1776266852000
1776266854.623,154.623,0.6,0.61,0.39,0.4,0.01,0.01,74078.66,1776266852000
1776266855.272,155.272,0.6,0.61,0.39,0.4,0.01,0.01,74079.93,1776266853000
1776266855.707,155.707,0.59,0.6,0.4,0.41,0.01,0.01,74080.93,1776266854000
1776266856.047,156.047,0.58,0.59,0.4,0.42,0.01,0.02,74080.93,1776266854000
1776266856.48,156.48,0.57,0.58,0.41,0.43,0.01,0.02,74084.57,1776266855000
1776266857.117,157.117,0.56,0.57,0.42,0.44,0.01,0.02,74084.57,1776266855000
1776266857.591,157.591,0.56,0.57,0.43,0.44,0.01,0.01,74078.03,1776266856000
1776266857.96,157.96,0.56,0.57,0.43,0.44,0.01,0.01,74076.02,1776266857000
1776266858.301,158.301,0.56,0.59,0.43,0.44,0.03,0.01,74076.02,1776266857000
1776266858.638,158.638,0.58,0.59,0.41,0.42,0.01,0.01,74076.02,1776266857000
1776266858.988,158.988,0.6,0.61,0.39,0.4,0.01,0.01,74076.02,1776266857000
1776266859.327,159.327,0.6,0.61,0.39,0.4,0.01,0.01,74077.24,1776266858000
1776266859.691,159.691,0.6,0.61,0.39,0.4,0.01,0.01,74077.24,1776266858000
1776266860.028,160.028,0.6,0.61,0.39,0.4,0.01,0.01,74077.24,1776266858000
1776266860.409,160.409,0.6,0.61,0.39,0.4,0.01,0.01,74079.58,1776266859000
1776266860.902,160.902,0.61,0.62,0.39,0.4,0.01,0.01,74079.58,1776266859000
1776266861.286,161.286,0.62,0.63,0.37,0.39,0.01,0.02,74080.83,1776266860000
1776266861.785,161.785,0.62,0.63,0.37,0.38,0.01,0.01,74080.83,1776266860000
1776266862.268,162.268,0.63,0.64,0.36,0.38,0.01,0.02,74080.83,1776266860000
1776266862.891,162.891,0.63,0.64,0.36,0.37,0.01,0.01,74083.33,1776266862000
1776266863.394,163.394,0.63,0.64,0.36,0.37,0.01,0.01,74083.33,1776266862000
1776266863.905,163.905,0.62,0.63,0.36,0.38,0.01,0.02,74083.33,1776266862000
1776266864.264,164.264,0.62,0.63,0.37,0.38,0.01,0.01,74084.32,1776266863000
1776266864.608,164.608,0.62,0.63,0.37,0.38,0.01,0.01,74084.32,1776266863000
1776266864.992,164.992,0.62,0.63,0.37,0.38,0.01,0.01,74084.32,1776266863000
1776266865.347,165.347,0.62,0.63,0.37,0.38,0.01,0.01,74084.2,1776266864000
1776266865.697,165.697,0.62,0.63,0.37,0.38,0.01,0.01,74084.2,1776266864000
1776266866.08,166.08,0.62,0.63,0.37,0.38,0.01,0.01,74080.89,1776266865000
1776266866.47,166.47,0.62,0.63,0.37,0.38,0.01,0.01,74080.89,1776266865000
1776266866.807,166.807,0.62,0.63,0.37,0.38,0.01,0.01,74080.89,1776266865000
1776266867.203,167.203,0.62,0.63,0.37,0.38,0.01,0.01,74080.87,1776266866000
1776266867.758,167.758,0.62,0.63,0.37,0.38,0.01,0.01,74080.87,1776266866000
1776266868.309,168.309,0.62,0.63,0.37,0.38,0.01,0.01,74080.86,1776266867000
1776266869.367,169.367,0.62,0.63,0.37,0.38,0.01,0.01,74082.2,1776266868000
1776266869.82,169.82,0.62,0.63,0.37,0.38,0.01,0.01,74082.2,1776266868000
1776266870.215,170.215,0.62,0.63,0.37,0.38,0.01,0.01,74082.25,1776266869000
1776266870.573,170.573,0.62,0.63,0.37,0.38,0.01,0.01,74082.25,1776266869000
1776266870.917,170.917,0.62,0.63,0.37,0.38,0.01,0.01,74082.25,1776266869000
1776266871.33,171.33,0.62,0.63,0.37,0.38,0.01,0.01,74082.25,1776266869000
1776266871.733,171.733,0.62,0.63,0.37,0.38,0.01,0.01,74082.27,1776266870000
1776266872.087,172.087,0.62,0.63,0.37,0.38,0.01,0.01,74082.27,1776266870000
1776266872.443,172.443,0.62,0.63,0.37,0.38,0.01,0.01,74082.27,1776266871000
1776266872.819,172.819,0.62,0.63,0.37,0.38,0.01,0.01,74082.27,1776266871000
1776266873.156,173.156,0.62,0.63,0.37,0.38,0.01,0.01,74082.27,1776266871000
1776266873.707,173.707,0.62,0.63,0.37,0.38,0.01,0.01,74082.28,1776266872000
1776266874.226,174.226,0.62,0.63,0.37,0.38,0.01,0.01,74082.28,1776266872000
1776266874.599,174.599,0.62,0.63,0.37,0.38,0.01,0.01,74082.28,1776266873000
1776266874.998,174.998,0.62,0.63,0.37,0.38,0.01,0.01,74082.28,1776266874000
1776266875.734,175.734,0.62,0.63,0.37,0.38,0.01,0.01,74082.28,1776266874000
1776266876.803,176.803,0.62,0.63,0.37,0.38,0.01,0.01,74082.28,1776266875000
1776266877.21,177.21,0.62,0.63,0.37,0.38,0.01,0.01,74082.28,1776266876000
1776266877.725,177.725,0.62,0.63,0.37,0.38,0.01,0.01,74082.28,1776266876000
1776266878.114,178.114,0.62,0.63,0.37,0.38,0.01,0.01,74083.32,1776266877000
1776266878.508,178.508,0.62,0.63,0.37,0.38,0.01,0.01,74083.32,1776266877000
1776266878.888,178.888,0.62,0.63,0.36,0.38,0.01,0.02,74083.32,1776266877000
1776266879.232,179.232,0.62,0.63,0.37,0.38,0.01,0.01,74083.32,1776266877000
1776266879.621,179.621,0.62,0.63,0.37,0.38,0.01,0.01,74082.48,1776266878000
1776266879.99,179.99,0.62,0.63,0.37,0.38,0.01,0.01,74082.48,1776266878000
1776266880.324,180.324,0.62,0.63,0.37,0.38,0.01,0.01,74082.41,1776266879000
1776266880.684,180.684,0.62,0.63,0.37,0.38,0.01,0.01,74082.41,1776266879000
1776266881.104,181.104,0.62,0.63,0.37,0.38,0.01,0.01,74082.41,1776266879000
1776266881.885,181.885,0.62,0.63,0.37,0.38,0.01,0.01,74082.41,1776266880000
1776266883.012,183.012,0.62,0.64,0.36,0.38,0.02,0.02,74082.28,1776266882000
1776266883.63,183.63,0.63,0.64,0.36,0.38,0.01,0.02,74082.28,1776266882000
1776266884.094,184.094,0.63,0.64,0.36,0.37,0.01,0.01,74082.28,1776266882000
1776266884.846,184.846,0.63,0.64,0.36,0.37,0.01,0.01,74082.28,1776266883000
1776266885.242,185.242,0.63,0.64,0.36,0.37,0.01,0.01,74082.28,1776266883000
1776266885.794,185.794,0.63,0.64,0.36,0.37,0.01,0.01,74082.45,1776266884000
1776266886.217,186.217,0.63,0.64,0.36,0.37,0.01,0.01,74082.45,1776266884000
1776266886.607,186.607,0.63,0.64,0.36,0.37,0.01,0.01,74082.61,1776266885000
1776266886.951,186.951,0.63,0.64,0.36,0.37,0.01,0.01,74082.61,1776266885000
1776266887.326,187.326,0.63,0.64,0.36,0.37,0.01,0.01,74082.61,1776266886000
1776266887.736,187.736,0.63,0.64,0.36,0.37,0.01,0.01,74082.61,1776266886000
1776266888.076,188.076,0.63,0.64,0.36,0.37,0.01,0.01,74082.61,1776266886000
1776266888.526,188.526,0.63,0.64,0.36,0.37,0.01,0.01,74082.49,1776266887000
1776266889.03,189.03,0.63,0.64,0.36,0.37,0.01,0.01,74082.49,1776266888000
1776266889.527,189.527,0.63,0.64,0.36,0.37,0.01,0.01,74082.49,1776266888000
1776266889.932,189.932,0.63,0.64,0.36,0.37,0.01,0.01,74082.49,1776266888000
1776266890.288,190.288,0.63,0.64,0.36,0.37,0.01,0.01,74082.49,1776266888000
1776266890.622,190.622,0.63,0.64,0.36,0.37,0.01,0.01,74082.48,1776266889000
1776266891.041,191.041,0.63,0.64,0.36,0.37,0.01,0.01,74082.48,1776266889000
1776266891.742,191.742,0.63,0.64,0.36,0.37,0.01,0.01,74082.15,1776266890000
1776266892.95,192.95,0.63,0.64,0.36,0.37,0.01,0.01,74082.45,1776266891000
1776266893.495,193.495,0.63,0.64,0.36,0.37,0.01,0.01,74081.9,1776266892000
1776266894.103,194.103,0.63,0.64,0.36,0.37,0.01,0.01,74076.27,1776266893000
1776266894.436,194.436,0.63,0.64,0.36,0.37,0.01,0.01,74076.27,1776266893000
1776266894.795,194.795,0.63,0.64,0.36,0.37,0.01,0.01,74076.27,1776266893000
1776266895.149,195.149,0.6,0.62,0.36,0.4,0.02,0.04,74076.27,1776266893000
1776266895.5,195.5,0.56,0.59,0.41,0.44,0.03,0.03,74066.04,1776266894000
1776266895.865,195.865,0.56,0.57,0.43,0.44,0.01,0.01,74066.04,1776266894000
1776266896.206,196.206,0.56,0.57,0.43,0.44,0.01,0.01,74066.04,1776266894000
1776266896.588,196.588,0.54,0.56,0.44,0.45,0.02,0.01,74066.04,1776266894000
1776266896.971,196.971,0.52,0.55,0.45,0.47,0.03,0.02,74063.59,1776266895000
1776266897.663,197.663,0.52,0.53,0.47,0.48,0.01,0.01,74063.59,1776266896000
1776266898.005,198.005,0.52,0.53,0.47,0.48,0.01,0.01,74063.59,1776266896000
1776266898.355,198.355,0.5,0.51,0.49,0.5,0.01,0.01,74062.04,1776266897000
1776266898.689,198.689,0.45,0.48,0.49,0.52,0.03,0.03,74062.04,1776266897000
1776266899.033,199.033,0.43,0.45,0.55,0.57,0.02,0.02,74062.04,1776266897000
1776266899.38,199.38,0.41,0.42,0.56,0.59,0.01,0.03,74053.68,1776266898000
1776266899.725,199.725,0.4,0.41,0.59,0.6,0.01,0.01,74053.68,1776266898000
1776266900.063,200.063,0.38,0.39,0.61,0.62,0.01,0.01,74053.68,1776266898000
1776266900.434,200.434,0.37,0.38,0.62,0.63,0.01,0.01,74053.26,1776266899000
1776266900.797,200.797,0.31,0.36,0.64,0.68,0.05,0.04,74053.26,1776266899000
1776266901.147,201.147,0.32,0.33,0.67,0.68,0.01,0.01,74053.26,1776266899000
1776266901.492,201.492,0.29,0.32,0.67,0.69,0.03,0.02,74043.64,1776266900000
1776266901.916,201.916,0.3,0.31,0.69,0.71,0.01,0.02,74043.64,1776266900000
1776266902.445,202.445,0.29,0.31,0.69,0.71,0.02,0.02,74043.18,1776266901000
1776266902.812,202.812,0.29,0.3,0.7,0.71,0.01,0.01,74043.18,1776266901000
1776266903.148,203.148,0.29,0.3,0.7,0.71,0.01,0.01,74043.18,1776266901000
1776266903.522,203.522,0.29,0.3,0.7,0.71,0.01,0.01,74043.18,1776266901000
1776266903.887,203.887,0.29,0.3,0.7,0.71,0.01,0.01,74042.6,1776266902000
1776266904.232,204.232,0.29,0.3,0.7,0.71,0.01,0.01,74042.6,1776266902000
1776266904.593,204.593,0.29,0.3,0.7,0.71,0.01,0.01,74043.94,1776266903000
1776266904.937,204.937,0.29,0.3,0.7,0.71,0.01,0.01,74043.94,1776266903000
1776266905.304,205.304,0.35,0.36,0.65,0.68,0.01,0.03,74044.54,1776266904000
1776266905.677,205.677,0.35,0.36,0.64,0.65,0.01,0.01,74044.54,1776266904000
1776266906.055,206.055,0.34,0.35,0.65,0.66,0.01,0.01,74044.94,1776266905000
1776266906.395,206.395,0.34,0.35,0.65,0.66,0.01,0.01,74044.94,1776266905000
1776266906.739,206.739,0.34,0.35,0.65,0.66,0.01,0.01,74044.94,1776266905000
1776266907.084,207.084,0.34,0.35,0.65,0.66,0.01,0.01,74047.69,1776266906000
1776266907.443,207.443,0.34,0.35,0.65,0.66,0.01,0.01,74047.69,1776266906000
1776266907.797,207.797,0.33,0.34,0.66,0.67,0.01,0.01,74047.69,1776266906000
1776266908.16,208.16,0.32,0.33,0.67,0.68,0.01,0.01,74046.24,1776266907000
1776266908.518,208.518,0.32,0.33,0.67,0.68,0.01,0.01,74046.24,1776266907000
1776266908.881,208.881,0.32,0.33,0.67,0.68,0.01,0.01,74046.24,1776266907000
1776266909.268,209.268,0.32,0.33,0.67,0.68,0.01,0.01,74045.62,1776266908000
1776266909.656,209.656,0.34,0.35,0.65,0.66,0.01,0.01,74045.62,1776266908000
1776266910.004,210.004,0.34,0.35,0.65,0.66,0.01,0.01,74045.7,1776266909000
1776266910.35,210.35,0.36,0.37,0.63,0.64,0.01,0.01,74045.7,1776266909000
1776266910.796,210.796,0.37,0.38,0.62,0.63,0.01,0.01,74045.7,1776266909000
1776266911.187,211.187,0.39,0.4,0.6,0.62,0.01,0.02,74045.7,1776266909000
1776266911.601,211.601,0.39,0.4,0.6,0.61,0.01,0.01,74046.62,1776266910000
1776266911.936,211.936,0.4,0.41,0.59,0.6,0.01,0.01,74046.62,1776266910000
1776266912.546,212.546,0.4,0.41,0.59,0.6,0.01,0.01,74051.52,1776266911000
1776266912.928,212.928,0.39,0.4,0.6,0.61,0.01,0.01,74051.52,1776266911000
1776266913.348,213.348,0.39,0.4,0.6,0.61,0.01,0.01,74052.39,1776266912000
1776266913.756,213.756,0.36,0.37,0.62,0.63,0.01,0.01,74052.39,1776266912000
1776266914.208,214.208,0.34,0.35,0.65,0.66,0.01,0.01,74052.07,1776266913000
1776266914.563,214.563,0.33,0.34,0.65,0.66,0.01,0.01,74052.07,1776266913000
1776266914.911,214.911,0.33,0.34,0.66,0.67,0.01,0.01,74052.07,1776266913000
1776266915.33,215.33,0.33,0.34,0.66,0.67,0.01,0.01,74052.07,1776266913000
1776266915.695,215.695,0.33,0.34,0.66,0.67,0.01,0.01,74052.07,1776266913000
1776266916.164,216.164,0.35,0.36,0.64,0.66,0.01,0.02,74048.49,1776266914000
1776266916.535,216.535,0.35,0.36,0.64,0.65,0.01,0.01,74047.12,1776266915000
1776266916.909,216.909,0.35,0.36,0.64,0.65,0.01,0.01,74047.12,1776266915000
1776266917.262,217.262,0.35,0.36,0.64,0.65,0.01,0.01,74047.12,1776266915000
1776266917.738,217.738,0.37,0.38,0.63,0.64,0.01,0.01,74047.12,1776266915000
1776266918.079,218.079,0.39,0.4,0.6,0.61,0.01,0.01,74047.12,1776266915000
1776266918.482,218.482,0.39,0.4,0.6,0.61,0.01,0.01,74047.12,1776266915000
1776266918.877,218.877,0.39,0.4,0.6,0.61,0.01,0.01,74047.12,1776266915000
1776266919.422,219.422,0.4,0.41,0.59,0.6,0.01,0.01,74047.12,1776266915000
1776266919.761,219.761,0.34,0.36,0.64,0.66,0.02,0.02,74047.12,1776266915000
1776266920.122,220.122,0.34,0.35,0.65,0.66,0.01,0.01,74047.12,1776266915000
1776266920.474,220.474,0.32,0.33,0.67,0.68,0.01,0.01,74047.12,1776266915000
1776266920.889,220.889,0.31,0.32,0.68,0.69,0.01,0.01,74047.12,1776266915000
1776266921.518,221.518,0.3,0.31,0.68,0.69,0.01,0.01,74052.38,1776266920000
1776266921.927,221.927,0.29,0.3,0.69,0.71,0.01,0.02,74052.38,1776266920000
1776266922.324,222.324,0.26,0.27,0.72,0.75,0.01,0.03,74042.76,1776266921000
1776266922.66,222.66,0.26,0.27,0.73,0.74,0.01,0.01,74042.76,1776266921000
1776266923.002,223.002,0.25,0.26,0.74,0.75,0.01,0.01,74042.76,1776266921000
1776266923.365,223.365,0.25,0.26,0.74,0.75,0.01,0.01,74042.76,1776266921000
1776266923.702,223.702,0.23,0.26,0.74,0.75,0.03,0.01,74038.59,1776266922000
1776266924.117,224.117,0.23,0.24,0.76,0.77,0.01,0.01,74038.59,1776266922000
1776266924.471,224.471,0.24,0.25,0.75,0.76,0.01,0.01,74038.59,1776266922000
1776266924.817,224.817,0.24,0.25,0.75,0.76,0.01,0.01,74034.98,1776266923000
1776266925.174,225.174,0.24,0.25,0.75,0.76,0.01,0.01,74035.98,1776266924000
1776266925.663,225.663,0.24,0.25,0.75,0.76,0.01,0.01,74035.98,1776266924000
1776266926.119,226.119,0.25,0.26,0.74,0.75,0.01,0.01,74035.98,1776266924000
1776266926.473,226.473,0.25,0.26,0.74,0.75,0.01,0.01,74036.32,1776266925000
1776266926.813,226.813,0.25,0.26,0.74,0.75,0.01,0.01,74036.32,1776266925000
1776266927.158,227.158,0.25,0.26,0.74,0.75,0.01,0.01,74036.32,1776266925000
1776266927.597,227.597,0.25,0.26,0.73,0.75,0.01,0.02,74036.01,1776266926000
1776266927.989,227.989,0.26,0.27,0.73,0.74,0.01,0.01,74036.01,1776266926000
1776266928.383,228.383,0.27,0.28,0.72,0.73,0.01,0.01,74037.67,1776266927000
1776266928.809,228.809,0.29,0.3,0.7,0.71,0.01,0.01,74037.67,1776266927000
1776266929.148,229.148,0.3,0.31,0.69,0.71,0.01,0.02,74037.67,1776266927000
1776266929.498,229.498,0.31,0.32,0.68,0.69,0.01,0.01,74038.06,1776266928000
1776266929.833,229.833,0.31,0.32,0.68,0.69,0.01,0.01,74038.06,1776266928000
1776266930.198,230.198,0.31,0.32,0.68,0.69,0.01,0.01,74038.06,1776266928000
1776266930.571,230.571,0.31,0.32,0.68,0.69,0.01,0.01,74041.17,1776266929000
1776266930.954,230.954,0.31,0.32,0.68,0.69,0.01,0.01,74041.17,1776266929000
1776266931.521,231.521,0.32,0.33,0.67,0.69,0.01,0.02,74041.17,1776266929000
1776266931.981,231.981,0.32,0.33,0.67,0.68,0.01,0.01,74041.17,1776266930000
1776266932.435,232.435,0.32,0.33,0.67,0.68,0.01,0.01,74041.17,1776266930000
1776266932.983,232.983,0.32,0.33,0.67,0.68,0.01,0.01,74043.36,1776266932000
1776266933.333,233.333,0.32,0.33,0.67,0.68,0.01,0.01,74043.36,1776266932000
1776266933.677,233.677,0.31,0.32,0.68,0.69,0.01,0.01,74043.36,1776266932000
1776266934.213,234.213,0.31,0.32,0.68,0.69,0.01,0.01,74043.36,1776266932000
1776266934.64,234.64,0.31,0.32,0.68,0.69,0.01,0.01,74044.7,1776266933000
1776266935.0,235.0,0.31,0.32,0.68,0.69,0.01,0.01,74044.7,1776266933000
1776266935.496,235.496,0.31,0.32,0.68,0.69,0.01,0.01,74044.66,1776266934000
1776266935.847,235.847,0.31,0.32,0.68,0.69,0.01,0.01,74044.66,1776266934000
1776266936.706,236.706,0.31,0.32,0.68,0.69,0.01,0.01,74044.62,1776266935000
1776266937.402,237.402,0.3,0.31,0.69,0.7,0.01,0.01,74044.29,1776266936000
1776266937.896,237.896,0.27,0.28,0.7,0.73,0.01,0.03,74044.29,1776266936000
1776266938.351,238.351,0.24,0.25,0.72,0.75,0.01,0.03,74044.26,1776266937000
1776266938.77,238.77,0.23,0.24,0.76,0.77,0.01,0.01,74044.26,1776266937000
1776266939.18,239.18,0.22,0.23,0.77,0.78,0.01,0.01,74044.26,1776266937000
1776266939.519,239.519,0.21,0.22,0.77,0.79,0.01,0.02,74044.26,1776266937000
1776266939.859,239.859,0.21,0.22,0.78,0.79,0.01,0.01,74037.98,1776266938000
1776266940.312,240.312,0.21,0.22,0.78,0.79,0.01,0.01,74037.98,1776266938000
1776266940.682,240.682,0.2,0.22,0.78,0.79,0.02,0.01,74035.04,1776266939000
1776266941.11,241.11,0.17,0.19,0.8,0.82,0.02,0.02,74035.04,1776266939000
1776266941.479,241.479,0.17,0.18,0.82,0.84,0.01,0.02,74035.03,1776266940000
1776266941.819,241.819,0.15,0.16,0.84,0.87,0.01,0.03,74035.03,1776266940000
1776266942.189,242.189,0.14,0.15,0.85,0.86,0.01,0.01,74035.03,1776266940000
1776266942.558,242.558,0.14,0.15,0.85,0.87,0.01,0.02,74035.03,1776266940000
1776266942.893,242.893,0.13,0.14,0.86,0.87,0.01,0.01,74025.04,1776266941000
1776266943.272,243.272,0.12,0.13,0.87,0.88,0.01,0.01,74025.04,1776266941000
1776266943.608,243.608,0.12,0.13,0.87,0.88,0.01,0.01,74022.34,1776266942000
1776266943.948,243.948,0.12,0.13,0.87,0.88,0.01,0.01,74022.34,1776266942000
1776266944.319,244.319,0.12,0.13,0.87,0.88,0.01,0.01,74022.34,1776266943000
1776266944.668,244.668,0.11,0.12,0.88,0.89,0.01,0.01,74022.34,1776266943000
1776266945.005,245.005,0.11,0.12,0.88,0.89,0.01,0.01,74022.34,1776266943000
1776266945.339,245.339,0.11,0.12,0.88,0.89,0.01,0.01,74022.34,1776266943000
1776266945.749,245.749,0.11,0.12,0.88,0.89,0.01,0.01,74022.34,1776266943000
1776266946.141,246.141,0.11,0.12,0.88,0.89,0.01,0.01,74022.83,1776266944000
1776266946.541,246.541,0.1,0.11,0.89,0.9,0.01,0.01,74022.83,1776266944000
1776266946.902,246.902,0.1,0.11,0.89,0.9,0.01,0.01,74022.24,1776266945000
1776266947.307,247.307,0.1,0.11,0.89,0.9,0.01,0.01,74022.24,1776266945000
1776266947.669,247.669,0.09,0.1,0.9,0.91,0.01,0.01,74022.2,1776266946000
1776266948.169,248.169,0.09,0.1,0.9,0.91,0.01,0.01,74022.2,1776266946000
1776266948.682,248.682,0.09,0.1,0.9,0.93,0.01,0.03,74022.2,1776266947000
1776266949.029,249.029,0.09,0.1,0.9,0.91,0.01,0.01,74021.95,1776266948000
1776266949.383,249.383,0.09,0.1,0.9,0.91,0.01,0.01,74021.95,1776266948000
1776266949.84,249.84,0.07,0.08,0.92,0.93,0.01,0.01,74021.95,1776266948000
1776266950.209,250.209,0.08,0.09,0.91,0.92,0.01,0.01,74021.95,1776266948000
1776266950.632,250.632,0.08,0.09,0.91,0.92,0.01,0.01,74021.95,1776266948000
1776266951.122,251.122,0.09,0.11,0.89,0.9,0.02,0.01,74021.95,1776266949000
1776266951.456,251.456,0.08,0.1,0.9,0.92,0.02,0.02,74021.69,1776266950000
1776266951.981,251.981,0.04,0.08,0.91,0.93,0.04,0.02,74021.69,1776266950000
1776266952.354,252.354,0.07,0.08,0.92,0.93,0.01,0.01,74021.69,1776266950000
1776266952.722,252.722,0.04,0.05,0.92,0.96,0.01,0.04,74021.93,1776266951000
1776266953.056,253.056,0.06,0.07,0.93,0.94,0.01,0.01,74021.93,1776266951000
1776266953.409,253.409,0.06,0.07,0.93,0.94,0.01,0.01,74021.93,1776266951000
1776266953.775,253.775,0.06,0.07,0.93,0.94,0.01,0.01,74020.79,1776266952000
1776266954.156,254.156,0.06,0.07,0.93,0.94,0.01,0.01,74020.79,1776266953000
1776266954.546,254.546,0.06,0.07,0.93,0.94,0.01,0.01,74020.79,1776266953000
1776266954.888,254.888,0.05,0.06,0.94,0.95,0.01,0.01,74020.79,1776266953000
1776266955.283,255.283,0.05,0.06,0.94,0.95,0.01,0.01,74020.79,1776266954000
1776266955.617,255.617,0.06,0.07,0.93,0.95,0.01,0.02,74020.79,1776266954000
1776266955.99,255.99,0.06,0.07,0.93,0.94,0.01,0.01,74020.79,1776266954000
1776266956.371,256.371,0.05,0.06,0.94,0.95,0.01,0.01,74020.8,1776266955000
1776266956.739,256.739,0.06,0.07,0.93,0.94,0.01,0.01,74020.8,1776266955000
1776266957.205,257.205,0.06,0.07,0.93,0.94,0.01,0.01,74021.15,1776266956000
1776266957.548,257.548,0.06,0.07,0.93,0.94,0.01,0.01,74021.15,1776266956000
1776266958.014,258.014,0.05,0.06,0.93,0.95,0.01,0.02,74021.15,1776266956000
1776266958.362,258.362,0.06,0.07,0.93,0.94,0.01,0.01,74020.8,1776266957000
1776266958.722,258.722,0.05,0.06,0.94,0.96,0.01,0.02,74020.8,1776266957000
1776266959.145,259.145,0.05,0.06,0.94,0.95,0.01,0.01,74020.8,1776266957000
1776266959.597,259.597,0.06,0.07,0.93,0.95,0.01,0.02,74020.8,1776266957000
1776266959.978,259.978,0.05,0.07,0.93,0.94,0.02,0.01,74020.8,1776266957000
1776266960.316,260.316,0.05,0.06,0.94,0.95,0.01,0.01,74020.81,1776266958000
1776266960.728,260.728,0.05,0.06,0.94,0.95,0.01,0.01,74020.81,1776266958000
1776266961.112,261.112,0.04,0.05,0.95,0.96,0.01,0.01,74020.8,1776266960000
1776266961.463,261.463,0.03,0.04,0.96,0.97,0.01,0.01,74020.8,1776266960000
1776266961.883,261.883,0.05,0.06,0.94,0.97,0.01,0.03,74020.8,1776266960000
1776266962.234,262.234,0.04,0.05,0.94,0.95,0.01,0.01,74021.81,1776266961000
1776266962.599,262.599,0.03,0.05,0.95,0.96,0.02,0.01,74021.81,1776266961000
1776266962.974,262.974,0.03,0.04,0.96,0.97,0.01,0.01,74021.81,1776266961000
1776266963.361,263.361,0.04,0.05,0.94,0.96,0.01,0.02,74022.26,1776266962000
1776266963.762,263.762,0.05,0.06,0.94,0.95,0.01,0.01,74022.26,1776266962000
1776266964.245,264.245,0.05,0.06,0.94,0.95,0.01,0.01,74022.26,1776266962000
1776266964.581,264.581,0.03,0.04,0.96,0.97,0.01,0.01,74021.2,1776266963000
1776266964.962,264.962,0.06,0.07,0.93,0.94,0.01,0.01,74021.2,1776266963000
1776266965.297,265.297,0.04,0.05,0.95,0.96,0.01,0.01,74021.19,1776266964000
1776266965.77,265.77,0.04,0.05,0.95,0.96,0.01,0.01,74021.19,1776266964000
1776266966.128,266.128,0.05,0.06,0.94,0.95,0.01,0.01,74021.19,1776266964000
1776266966.485,266.485,0.02,0.05,0.94,0.96,0.03,0.02,74021.16,1776266965000
1776266966.857,266.857,0.02,0.04,0.96,0.97,0.02,0.01,74021.16,1776266965000
1776266967.232,267.232,0.02,0.03,0.97,0.98,0.01,0.01,74021.16,1776266965000
1776266967.598,267.598,0.02,0.03,0.97,0.98,0.01,0.01,74021.16,1776266965000
1776266967.937,267.937,0.02,0.03,0.97,0.98,0.01,0.01,74021.16,1776266965000
1776266968.35,268.35,0.02,0.03,0.97,0.98,0.01,0.01,74020.33,1776266967000
1776266968.691,268.691,0.02,0.03,0.97,0.98,0.01,0.01,74020.33,1776266967000
1776266969.049,269.049,0.02,0.03,0.97,0.98,0.01,0.01,74020.33,1776266967000
1776266969.434,269.434,0.02,0.03,0.97,0.98,0.01,0.01,74008.17,1776266968000
1776266969.811,269.811,0.02,0.03,0.97,0.98,0.01,0.01,74008.17,1776266968000
1776266970.182,270.182,0.02,0.03,0.97,0.98,0.01,0.01,74007.69,1776266969000
1776266970.521,270.521,0.02,0.03,0.97,0.98,0.01,0.01,74007.69,1776266969000
1776266970.922,270.922,0.02,0.03,0.97,0.98,0.01,0.01,74007.69,1776266969000
1776266971.333,271.333,0.02,0.03,0.97,0.98,0.01,0.01,74007.04,1776266970000
1776266971.703,271.703,0.01,0.02,0.98,0.99,0.01,0.01,74007.04,1776266970000
1776266972.036,272.036,0.01,0.02,0.98,0.99,0.01,0.01,74007.04,1776266970000
1776266972.376,272.376,0.01,0.03,0.97,0.99,0.02,0.02,73999.06,1776266971000
1776266972.718,272.718,0.02,0.03,0.97,0.98,0.01,0.01,73999.06,1776266971000
1776266973.06,273.06,0.02,0.03,0.97,0.98,0.01,0.01,73999.06,1776266971000
1776266973.424,273.424,0.02,0.03,0.97,0.98,0.01,0.01,73997.66,1776266972000
1776266973.846,273.846,0.02,0.03,0.97,0.98,0.01,0.01,73997.66,1776266972000
1776266974.187,274.187,0.02,0.03,0.97,0.98,0.01,0.01,74008.79,1776266973000
1776266974.69,274.69,0.02,0.04,0.97,0.99,0.02,0.02,74008.79,1776266973000
1776266975.076,275.076,0.03,0.04,0.96,0.97,0.01,0.01,74008.79,1776266973000
1776266975.559,275.559,0.03,0.04,0.96,0.97,0.01,0.01,74016.5,1776266974000
1776266975.947,275.947,0.01,0.04,0.96,0.97,0.03,0.01,74016.5,1776266974000
1776266976.351,276.351,0.02,0.03,0.97,0.98,0.01,0.01,74016.57,1776266975000
1776266976.691,276.691,0.01,0.02,0.98,0.99,0.01,0.01,74016.57,1776266975000
1776266977.035,277.035,0.01,0.02,0.98,0.99,0.01,0.01,74016.57,1776266975000
1776266977.408,277.408,0.01,0.02,0.98,0.99,0.01,0.01,74019.38,1776266976000
1776266978.026,278.026,0.01,0.02,0.98,0.99,0.01,0.01,74020.25,1776266977000
1776266978.385,278.385,0.01,0.02,0.98,0.99,0.01,0.01,74020.25,1776266977000
1776266978.729,278.729,0.01,0.02,0.98,0.99,0.01,0.01,74020.25,1776266977000
1776266979.093,279.093,0.02,0.05,0.97,0.99,0.03,0.02,74020.25,1776266977000
1776266979.452,279.452,0.04,0.05,0.95,0.96,0.01,0.01,74020.63,1776266978000
1776266979.896,279.896,0.04,0.05,0.95,0.96,0.01,0.01,74020.63,1776266978000
1776266980.251,280.251,0.04,0.05,0.95,0.96,0.01,0.01,74020.63,1776266978000
1776266980.811,280.811,0.04,0.05,0.95,0.96,0.01,0.01,74024.62,1776266979000
1776266981.332,281.332,0.04,0.05,0.95,0.96,0.01,0.01,74024.62,1776266980000
1776266981.818,281.818,0.04,0.05,0.95,0.96,0.01,0.01,74024.62,1776266980000
1776266982.388,282.388,0.03,0.04,0.96,0.97,0.01,0.01,74029.92,1776266981000
1776266982.768,282.768,0.04,0.05,0.95,0.98,0.01,0.03,74029.92,1776266981000
1776266983.122,283.122,0.04,0.05,0.95,0.96,0.01,0.01,74029.92,1776266981000
1776266983.475,283.475,0.03,0.05,0.95,0.96,0.02,0.01,74029.95,1776266982000
1776266984.172,284.172,0.02,0.03,0.97,0.98,0.01,0.01,74029.95,1776266982000
1776266984.538,284.538,0.02,0.03,0.97,0.98,0.01,0.01,74030.25,1776266983000
1776266984.961,284.961,0.02,0.03,0.96,0.98,0.01,0.02,74030.25,1776266983000
1776266985.435,285.435,0.02,0.03,0.97,0.98,0.01,0.01,74030.25,1776266983000
1776266985.833,285.833,0.07,0.08,0.92,0.93,0.01,0.01,74032.38,1776266984000
1776266986.175,286.175,0.08,0.09,0.91,0.92,0.01,0.01,74032.49,1776266985000
1776266986.511,286.511,0.05,0.1,0.9,0.95,0.05,0.05,74032.49,1776266985000
1776266986.875,286.875,0.09,0.1,0.9,0.91,0.01,0.01,74032.49,1776266985000
1776266987.255,287.255,0.09,0.1,0.9,0.91,0.01,0.01,74035.02,1776266986000
1776266987.721,287.721,0.09,0.1,0.9,0.91,0.01,0.01,74035.02,1776266986000
1776266988.071,288.071,0.09,0.1,0.9,0.91,0.01,0.01,74035.02,1776266986000
1776266988.424,288.424,0.09,0.1,0.9,0.91,0.01,0.01,74041.96,1776266987000
1776266988.764,288.764,0.09,0.1,0.9,0.91,0.01,0.01,74041.96,1776266987000
1776266989.127,289.127,0.09,0.1,0.9,0.91,0.01,0.01,74041.96,1776266987000
1776266989.5,289.5,0.09,0.1,0.9,0.91,0.01,0.01,74046.48,1776266988000
1776266989.9,289.9,0.09,0.1,0.9,0.91,0.01,0.01,74046.48,1776266988000
1776266990.27,290.27,0.09,0.1,0.9,0.91,0.01,0.01,74046.65,1776266989000
1776266990.604,290.604,0.11,0.12,0.88,0.89,0.01,0.01,74046.65,1776266989000
1776266990.995,290.995,0.1,0.11,0.89,0.9,0.01,0.01,74046.65,1776266989000
1776266991.422,291.422,0.09,0.1,0.9,0.91,0.01,0.01,74046.77,1776266990000
1776266991.806,291.806,0.08,0.09,0.91,0.92,0.01,0.01,74046.77,1776266990000
1776266992.233,292.233,0.07,0.08,0.91,0.92,0.01,0.01,74047.35,1776266991000
1776266992.585,292.585,0.07,0.08,0.92,0.93,0.01,0.01,74047.35,1776266991000
1776266992.976,292.976,0.07,0.08,0.92,0.93,0.01,0.01,74047.35,1776266991000
1776266993.334,293.334,0.04,0.05,0.95,0.96,0.01,0.01,74047.88,1776266992000
1776266993.701,293.701,0.04,0.05,0.95,0.96,0.01,0.01,74047.88,1776266992000
1776266994.154,294.154,0.03,0.04,0.96,0.97,0.01,0.01,74047.88,1776266992000
1776266994.567,294.567,0.03,0.04,0.96,0.97,0.01,0.01,74048.32,1776266993000
1776266994.959,294.959,0.03,0.04,0.96,0.97,0.01,0.01,74048.32,1776266993000
1776266995.324,295.324,0.03,0.04,0.96,0.97,0.01,0.01,74048.32,1776266993000
1776266995.869,295.869,0.03,0.04,0.96,0.97,0.01,0.01,74048.02,1776266994000
1776266996.272,296.272,0.03,0.04,0.96,0.97,0.01,0.01,74048.02,1776266994000
1776266996.657,296.657,0.01,0.02,0.97,0.98,0.01,0.01,74048.03,1776266995000
1776266997.009,297.009,0.01,0.02,0.98,0.99,0.01,0.01,74048.03,1776266995000
1776266997.382,297.382,0.01,0.02,0.98,0.99,0.01,0.01,74048.03,1776266995000
1776266997.738,297.738,0.01,0.01,0.98,0.99,0.0,0.01,74048.03,1776266996000
1776266998.079,298.079,0.01,0.01,0.99,0.99,0.0,0.0,74048.03,1776266997000
1776266998.753,298.753,0.01,0.01,0.99,0.99,0.0,0.0,74048.03,1776266997000
1776266999.128,299.128,0.01,0.01,0.99,0.99,0.0,0.0,74048.08,1776266998000
1776266999.482,299.482,0.01,0.01,0.99,0.99,0.0,0.0,74048.08,1776266998000
1776267000.21,300.21,0.01,0.01,0.99,0.99,0.0,0.0,74048.42,1776266999000
1776267000.835,300.835,0.01,0.01,0.99,0.99,0.0,0.0,74048.42,1776266999000
1776267001.295,301.295,0.01,0.01,0.99,0.99,0.0,0.0,74048.11,1776267000000
1776267002.438,302.438,0.01,0.01,0.99,0.99,0.0,0.0,74048.98,1776267001000

# RESULT,winner=Down,slug=btc-updown-5m-1776266700,ticks=731
