timestamp,elapsed_sec,up_bid,up_ask,down_bid,down_ask,up_spread,down_spread,btc_price,btc_oracle_ts
1776450600.723,0.723,0.51,0.52,0.48,0.49,0.01,0.01,77234.47,1776450599000
1776450601.252,1.252,0.52,0.53,0.47,0.48,0.01,0.01,77231.24,1776450600000
1776450601.591,1.591,0.56,0.57,0.43,0.48,0.01,0.05,77231.24,1776450600000
1776450602.023,2.023,0.57,0.58,0.42,0.43,0.01,0.01,77231.24,1776450600000
1776450602.381,2.381,0.57,0.58,0.42,0.43,0.01,0.01,77237.84,1776450601000
1776450602.819,2.819,0.56,0.57,0.43,0.44,0.01,0.01,77237.84,1776450601000
1776450603.261,3.261,0.55,0.56,0.44,0.45,0.01,0.01,77237.84,1776450601000
1776450603.672,3.672,0.55,0.56,0.44,0.45,0.01,0.01,77241.9,1776450602000
1776450604.006,4.006,0.52,0.53,0.46,0.47,0.01,0.01,77241.9,1776450602000
1776450604.404,4.404,0.52,0.53,0.47,0.48,0.01,0.01,77247.39,1776450603000
1776450604.737,4.737,0.51,0.52,0.48,0.49,0.01,0.01,77247.39,1776450603000
1776450605.09,5.09,0.51,0.52,0.48,0.49,0.01,0.01,77247.39,1776450604000
1776450605.582,5.582,0.51,0.52,0.48,0.49,0.01,0.01,77247.39,1776450604000
1776450605.922,5.922,0.55,0.56,0.44,0.45,0.01,0.01,77247.39,1776450604000
1776450606.273,6.273,0.57,0.6,0.4,0.43,0.03,0.03,77237.75,1776450605000
1776450606.71,6.71,0.58,0.59,0.41,0.42,0.01,0.01,77237.75,1776450605000
1776450607.125,7.125,0.58,0.59,0.41,0.42,0.01,0.01,77237.75,1776450605000
1776450607.51,7.51,0.58,0.59,0.41,0.42,0.01,0.01,77241.31,1776450606000
1776450608.001,8.001,0.58,0.59,0.41,0.42,0.01,0.01,77241.31,1776450606000
1776450608.361,8.361,0.58,0.59,0.41,0.42,0.01,0.01,77241.31,1776450606000
1776450608.7,8.7,0.58,0.59,0.41,0.42,0.01,0.01,77247.78,1776450607000
1776450609.083,9.083,0.58,0.59,0.41,0.42,0.01,0.01,77247.61,1776450608000
1776450609.458,9.458,0.56,0.57,0.41,0.42,0.01,0.01,77247.61,1776450608000
1776450609.823,9.823,0.55,0.56,0.44,0.45,0.01,0.01,77247.61,1776450608000
1776450610.193,10.193,0.55,0.56,0.44,0.45,0.01,0.01,77250.46,1776450609000
1776450610.717,10.717,0.54,0.55,0.44,0.46,0.01,0.02,77250.46,1776450609000
1776450611.076,11.076,0.5,0.51,0.49,0.5,0.01,0.01,77243.74,1776450610000
1776450611.417,11.417,0.5,0.51,0.49,0.5,0.01,0.01,77243.74,1776450610000
1776450611.81,11.81,0.5,0.51,0.49,0.5,0.01,0.01,77243.74,1776450610000
1776450612.172,12.172,0.5,0.51,0.49,0.5,0.01,0.01,77239.04,1776450611000
1776450612.644,12.644,0.5,0.51,0.49,0.5,0.01,0.01,77239.04,1776450611000
1776450613.071,13.071,0.5,0.51,0.49,0.5,0.01,0.01,77238.61,1776450612000
1776450613.548,13.548,0.5,0.51,0.49,0.5,0.01,0.01,77238.61,1776450612000
1776450614.06,14.06,0.5,0.51,0.49,0.5,0.01,0.01,77238.61,1776450612000
1776450614.41,14.41,0.5,0.51,0.49,0.5,0.01,0.01,77235.21,1776450613000
1776450614.856,14.856,0.5,0.51,0.49,0.5,0.01,0.01,77235.21,1776450613000
1776450615.225,15.225,0.49,0.5,0.49,0.52,0.01,0.03,77232.87,1776450614000
1776450615.645,15.645,0.49,0.5,0.5,0.51,0.01,0.01,77232.87,1776450614000
1776450616.237,16.237,0.49,0.5,0.5,0.51,0.01,0.01,77232.87,1776450614000
1776450616.604,16.604,0.51,0.53,0.47,0.5,0.02,0.03,77231.94,1776450615000
1776450616.94,16.94,0.52,0.53,0.47,0.48,0.01,0.01,77231.94,1776450615000
1776450617.341,17.341,0.52,0.53,0.47,0.48,0.01,0.01,77231.94,1776450615000
1776450617.677,17.677,0.52,0.53,0.47,0.48,0.01,0.01,77230.46,1776450616000
1776450618.253,18.253,0.52,0.53,0.47,0.48,0.01,0.01,77230.46,1776450617000
1776450618.825,18.825,0.52,0.53,0.47,0.48,0.01,0.01,77230.46,1776450617000
1776450619.542,19.542,0.52,0.53,0.47,0.48,0.01,0.01,77237.71,1776450618000
1776450620.025,20.025,0.51,0.52,0.47,0.48,0.01,0.01,77237.71,1776450618000
1776450620.532,20.532,0.51,0.52,0.48,0.49,0.01,0.01,77238.34,1776450619000
1776450620.96,20.96,0.51,0.52,0.48,0.49,0.01,0.01,77238.34,1776450619000
1776450621.312,21.312,0.51,0.52,0.48,0.49,0.01,0.01,77238.34,1776450619000
1776450621.719,21.719,0.53,0.54,0.46,0.48,0.01,0.02,77238.36,1776450620000
1776450622.097,22.097,0.53,0.54,0.46,0.47,0.01,0.01,77238.36,1776450620000
1776450622.644,22.644,0.53,0.54,0.46,0.47,0.01,0.01,77238.29,1776450621000
1776450623.036,23.036,0.53,0.54,0.46,0.47,0.01,0.01,77238.29,1776450621000
1776450623.403,23.403,0.53,0.54,0.46,0.47,0.01,0.01,77239.44,1776450622000
1776450623.872,23.872,0.53,0.54,0.46,0.47,0.01,0.01,77239.49,1776450623000
1776450624.648,24.648,0.54,0.55,0.46,0.47,0.01,0.01,77239.49,1776450623000
1776450624.983,24.983,0.54,0.55,0.45,0.46,0.01,0.01,77239.49,1776450623000
1776450625.448,25.448,0.54,0.55,0.45,0.46,0.01,0.01,77241.63,1776450624000
1776450625.786,25.786,0.55,0.56,0.44,0.46,0.01,0.02,77241.63,1776450624000
1776450626.134,26.134,0.55,0.56,0.44,0.45,0.01,0.01,77240.94,1776450625000
1776450626.563,26.563,0.55,0.56,0.44,0.45,0.01,0.01,77240.94,1776450625000
1776450626.918,26.918,0.56,0.57,0.43,0.45,0.01,0.02,77240.94,1776450625000
1776450627.268,27.268,0.56,0.57,0.43,0.44,0.01,0.01,77244.66,1776450626000
1776450627.78,27.78,0.56,0.57,0.43,0.44,0.01,0.01,77244.66,1776450626000
1776450628.33,28.33,0.56,0.57,0.43,0.44,0.01,0.01,77244.39,1776450627000
1776450628.68,28.68,0.56,0.57,0.43,0.44,0.01,0.01,77244.39,1776450627000
1776450629.048,29.048,0.56,0.57,0.43,0.44,0.01,0.01,77244.39,1776450627000
1776450629.382,29.382,0.55,0.57,0.43,0.44,0.02,0.01,77242.44,1776450628000
1776450629.86,29.86,0.55,0.56,0.44,0.45,0.01,0.01,77242.44,1776450628000
1776450630.452,30.452,0.54,0.55,0.44,0.46,0.01,0.02,77242.44,1776450628000
1776450630.823,30.823,0.54,0.55,0.45,0.46,0.01,0.01,77242.58,1776450629000
1776450631.263,31.263,0.54,0.55,0.45,0.46,0.01,0.01,77242.58,1776450629000
1776450631.658,31.658,0.54,0.55,0.45,0.46,0.01,0.01,77245.66,1776450630000
1776450632.059,32.059,0.54,0.55,0.45,0.46,0.01,0.01,77245.66,1776450630000
1776450632.524,32.524,0.54,0.55,0.45,0.46,0.01,0.01,77245.57,1776450631000
1776450632.914,32.914,0.54,0.55,0.45,0.46,0.01,0.01,77245.57,1776450631000
1776450633.254,33.254,0.54,0.55,0.45,0.46,0.01,0.01,77245.57,1776450631000
1776450633.62,33.62,0.54,0.56,0.45,0.46,0.02,0.01,77245.57,1776450631000
1776450634.161,34.161,0.55,0.56,0.44,0.45,0.01,0.01,77246.86,1776450632000
1776450634.656,34.656,0.55,0.56,0.44,0.45,0.01,0.01,77246.86,1776450633000
1776450635.131,35.131,0.54,0.55,0.45,0.46,0.01,0.01,77246.86,1776450633000
1776450635.505,35.505,0.52,0.53,0.47,0.48,0.01,0.01,77247.07,1776450634000
1776450635.895,35.895,0.52,0.53,0.47,0.48,0.01,0.01,77247.07,1776450634000
1776450636.229,36.229,0.52,0.53,0.47,0.48,0.01,0.01,77247.07,1776450634000
1776450636.695,36.695,0.52,0.53,0.47,0.48,0.01,0.01,77246.26,1776450635000
1776450637.195,37.195,0.52,0.53,0.47,0.48,0.01,0.01,77246.26,1776450635000
1776450637.918,37.918,0.52,0.53,0.47,0.48,0.01,0.01,77245.74,1776450636000
1776450638.257,38.257,0.54,0.55,0.46,0.48,0.01,0.02,77242.44,1776450637000
1776450638.65,38.65,0.55,0.56,0.44,0.45,0.01,0.01,77242.44,1776450637000
1776450639.01,39.01,0.55,0.56,0.44,0.45,0.01,0.01,77242.44,1776450637000
1776450639.684,39.684,0.55,0.56,0.44,0.45,0.01,0.01,77243.39,1776450638000
1776450640.312,40.312,0.55,0.56,0.44,0.45,0.01,0.01,77243.39,1776450638000
1776450640.927,40.927,0.55,0.56,0.44,0.45,0.01,0.01,77245.38,1776450639000
1776450641.777,41.777,0.54,0.56,0.44,0.45,0.02,0.01,77245.38,1776450640000
1776450642.147,42.147,0.51,0.52,0.46,0.49,0.01,0.03,77245.38,1776450640000
1776450642.488,42.488,0.5,0.51,0.49,0.51,0.01,0.02,77248.35,1776450641000
1776450642.895,42.895,0.49,0.5,0.5,0.51,0.01,0.01,77248.35,1776450641000
1776450643.244,43.244,0.5,0.51,0.49,0.5,0.01,0.01,77247.48,1776450642000
1776450643.589,43.589,0.5,0.51,0.49,0.5,0.01,0.01,77247.48,1776450642000
1776450644.003,44.003,0.5,0.51,0.49,0.5,0.01,0.01,77247.48,1776450642000
1776450644.808,44.808,0.5,0.51,0.49,0.5,0.01,0.01,77235.86,1776450643000
1776450645.358,45.358,0.5,0.51,0.49,0.5,0.01,0.01,77236.33,1776450644000
1776450645.704,45.704,0.53,0.55,0.44,0.47,0.02,0.03,77236.33,1776450644000
1776450646.037,46.037,0.56,0.58,0.42,0.44,0.02,0.02,77236.33,1776450644000
1776450646.387,46.387,0.57,0.58,0.42,0.43,0.01,0.01,77236.86,1776450645000
1776450646.874,46.874,0.57,0.58,0.42,0.43,0.01,0.01,77236.86,1776450645000
1776450647.294,47.294,0.57,0.58,0.42,0.43,0.01,0.01,77236.86,1776450645000
1776450647.754,47.754,0.57,0.58,0.42,0.43,0.01,0.01,77236.86,1776450645000
1776450648.106,48.106,0.57,0.58,0.42,0.43,0.01,0.01,77244.1,1776450646000
1776450648.456,48.456,0.58,0.6,0.4,0.42,0.02,0.02,77244.1,1776450646000
1776450648.809,48.809,0.58,0.59,0.41,0.42,0.01,0.01,77244.1,1776450646000
1776450649.271,49.271,0.59,0.6,0.4,0.41,0.01,0.01,77244.36,1776450647000
1776450649.609,49.609,0.59,0.6,0.4,0.41,0.01,0.01,77244.36,1776450647000
1776450649.98,49.98,0.59,0.6,0.4,0.41,0.01,0.01,77245.29,1776450648000
1776450650.444,50.444,0.59,0.6,0.4,0.41,0.01,0.01,77245.29,1776450648000
1776450650.787,50.787,0.59,0.6,0.4,0.41,0.01,0.01,77250.84,1776450649000
1776450651.27,51.27,0.6,0.61,0.39,0.41,0.01,0.02,77254.02,1776450650000
1776450651.617,51.617,0.6,0.61,0.39,0.4,0.01,0.01,77254.02,1776450650000
1776450651.957,51.957,0.6,0.61,0.39,0.4,0.01,0.01,77254.02,1776450650000
1776450652.342,52.342,0.6,0.61,0.39,0.4,0.01,0.01,77254.02,1776450650000
1776450652.812,52.812,0.6,0.61,0.39,0.4,0.01,0.01,77259.23,1776450651000
1776450653.209,53.209,0.6,0.61,0.39,0.4,0.01,0.01,77259.55,1776450652000
1776450653.597,53.597,0.6,0.61,0.39,0.4,0.01,0.01,77259.55,1776450652000
1776450654.123,54.123,0.6,0.62,0.39,0.4,0.02,0.01,77259.55,1776450652000
1776450654.487,54.487,0.61,0.62,0.38,0.39,0.01,0.01,77259.55,1776450652000
1776450654.973,54.973,0.61,0.62,0.38,0.39,0.01,0.01,77259.86,1776450653000
1776450656.477,56.477,0.62,0.64,0.37,0.38,0.02,0.01,77259.86,1776450654000
1776450656.817,56.817,0.64,0.67,0.34,0.36,0.03,0.02,77263.22,1776450655000
1776450657.179,57.179,0.66,0.67,0.33,0.34,0.01,0.01,77263.22,1776450655000
1776450657.55,57.55,0.66,0.67,0.33,0.34,0.01,0.01,77267.73,1776450656000
1776450657.909,57.909,0.65,0.67,0.33,0.34,0.02,0.01,77267.73,1776450656000
1776450658.496,58.496,0.65,0.66,0.34,0.35,0.01,0.01,77270.97,1776450657000
1776450658.84,58.84,0.62,0.63,0.37,0.38,0.01,0.01,77270.97,1776450657000
1776450659.183,59.183,0.61,0.62,0.38,0.39,0.01,0.01,77270.97,1776450657000
1776450659.577,59.577,0.6,0.61,0.39,0.4,0.01,0.01,77272.35,1776450658000
1776450660.197,60.197,0.6,0.61,0.39,0.4,0.01,0.01,77272.35,1776450658000
1776450660.599,60.599,0.6,0.61,0.39,0.4,0.01,0.01,77265.8,1776450659000
1776450661.002,61.002,0.6,0.61,0.39,0.4,0.01,0.01,77265.8,1776450659000
1776450661.374,61.374,0.6,0.61,0.39,0.4,0.01,0.01,77265.8,1776450659000
1776450661.74,61.74,0.6,0.61,0.39,0.4,0.01,0.01,77265.8,1776450659000
1776450662.129,62.129,0.6,0.61,0.39,0.4,0.01,0.01,77261.82,1776450660000
1776450662.492,62.492,0.6,0.61,0.39,0.4,0.01,0.01,77260.39,1776450661000
1776450662.828,62.828,0.53,0.54,0.46,0.47,0.01,0.01,77260.39,1776450661000
1776450663.207,63.207,0.49,0.5,0.48,0.51,0.01,0.03,77260.39,1776450661000
1776450663.562,63.562,0.49,0.5,0.5,0.51,0.01,0.01,77260.39,1776450662000
1776450663.908,63.908,0.48,0.5,0.5,0.52,0.02,0.02,77260.39,1776450662000
1776450664.262,64.262,0.47,0.48,0.51,0.52,0.01,0.01,77260.39,1776450662000
1776450664.635,64.635,0.47,0.48,0.52,0.53,0.01,0.01,77240.94,1776450663000
1776450665.039,65.039,0.47,0.48,0.52,0.54,0.01,0.02,77240.94,1776450663000
1776450665.409,65.409,0.47,0.48,0.52,0.53,0.01,0.01,77239.34,1776450664000
1776450665.783,65.783,0.47,0.48,0.52,0.53,0.01,0.01,77239.34,1776450664000
1776450666.116,66.116,0.48,0.49,0.51,0.52,0.01,0.01,77239.34,1776450664000
1776450666.455,66.455,0.48,0.49,0.51,0.52,0.01,0.01,77239.34,1776450664000
1776450666.816,66.816,0.48,0.49,0.51,0.52,0.01,0.01,77239.34,1776450664000
1776450667.232,67.232,0.48,0.49,0.51,0.52,0.01,0.01,77230.11,1776450665000
1776450667.856,67.856,0.5,0.51,0.49,0.52,0.01,0.03,77230.11,1776450665000
1776450668.276,68.276,0.5,0.51,0.49,0.5,0.01,0.01,77230.11,1776450665000
1776450668.778,68.778,0.5,0.51,0.49,0.5,0.01,0.01,77228.13,1776450666000
1776450669.176,69.176,0.5,0.51,0.49,0.5,0.01,0.01,77228.13,1776450666000
1776450669.526,69.526,0.5,0.51,0.49,0.5,0.01,0.01,77228.13,1776450666000
1776450669.899,69.899,0.5,0.51,0.49,0.5,0.01,0.01,77235.09,1776450668000
1776450670.423,70.423,0.5,0.51,0.49,0.5,0.01,0.01,77235.09,1776450668000
1776450671.283,71.283,0.49,0.5,0.49,0.51,0.01,0.02,77234.76,1776450669000
1776450671.797,71.797,0.48,0.5,0.5,0.51,0.02,0.01,77234.76,1776450669000
1776450672.131,72.131,0.47,0.48,0.52,0.53,0.01,0.01,77234.76,1776450669000
1776450672.558,72.558,0.46,0.47,0.52,0.54,0.01,0.02,77234.76,1776450670000
1776450672.928,72.928,0.46,0.47,0.53,0.54,0.01,0.01,77234.76,1776450670000
1776450673.328,73.328,0.46,0.47,0.53,0.55,0.01,0.02,77234.11,1776450671000
1776450673.813,73.813,0.46,0.47,0.53,0.54,0.01,0.01,77234.11,1776450671000
1776450674.167,74.167,0.46,0.47,0.53,0.54,0.01,0.01,77228.11,1776450672000
1776450674.723,74.723,0.45,0.46,0.54,0.55,0.01,0.01,77228.11,1776450672000
1776450675.106,75.106,0.45,0.46,0.54,0.55,0.01,0.01,77228.11,1776450672000
1776450675.483,75.483,0.45,0.46,0.54,0.55,0.01,0.01,77225.21,1776450673000
1776450675.843,75.843,0.44,0.45,0.54,0.55,0.01,0.01,77225.21,1776450673000
1776450676.275,76.275,0.44,0.45,0.55,0.56,0.01,0.01,77224.22,1776450674000
1776450676.933,76.933,0.44,0.45,0.55,0.56,0.01,0.01,77224.22,1776450674000
1776450677.344,77.344,0.43,0.44,0.55,0.57,0.01,0.02,77223.42,1776450676000
1776450677.832,77.832,0.43,0.44,0.56,0.57,0.01,0.01,77223.42,1776450676000
1776450678.34,78.34,0.42,0.44,0.56,0.57,0.02,0.01,77223.42,1776450676000
1776450678.675,78.675,0.36,0.37,0.63,0.64,0.01,0.01,77223.42,1776450676000
1776450679.023,79.023,0.36,0.37,0.63,0.64,0.01,0.01,77215.34,1776450677000
1776450679.398,79.398,0.36,0.37,0.63,0.64,0.01,0.01,77215.34,1776450677000
1776450679.743,79.743,0.36,0.37,0.63,0.64,0.01,0.01,77215.88,1776450678000
1776450680.304,80.304,0.35,0.36,0.63,0.65,0.01,0.02,77215.88,1776450678000
1776450680.669,80.669,0.26,0.29,0.7,0.73,0.03,0.03,77207.06,1776450679000
1776450681.01,81.01,0.25,0.26,0.74,0.75,0.01,0.01,77207.06,1776450679000
1776450681.355,81.355,0.25,0.26,0.74,0.75,0.01,0.01,77207.06,1776450679000
1776450681.721,81.721,0.24,0.26,0.74,0.76,0.02,0.02,77207.06,1776450679000
1776450682.107,82.107,0.24,0.25,0.75,0.76,0.01,0.01,77189.77,1776450680000
1776450682.48,82.48,0.24,0.25,0.75,0.76,0.01,0.01,77189.77,1776450680000
1776450682.971,82.971,0.24,0.25,0.75,0.76,0.01,0.01,77181.38,1776450681000
1776450683.363,83.363,0.24,0.25,0.75,0.76,0.01,0.01,77181.38,1776450681000
1776450683.84,83.84,0.24,0.25,0.74,0.76,0.01,0.02,77176.13,1776450682000
1776450684.247,84.247,0.27,0.28,0.72,0.73,0.01,0.01,77176.13,1776450682000
1776450684.595,84.595,0.27,0.28,0.72,0.73,0.01,0.01,77173.26,1776450683000
1776450684.998,84.998,0.28,0.29,0.71,0.73,0.01,0.02,77173.26,1776450683000
1776450685.354,85.354,0.28,0.29,0.71,0.72,0.01,0.01,77173.26,1776450683000
1776450685.698,85.698,0.28,0.29,0.71,0.73,0.01,0.02,77173.26,1776450683000
1776450686.035,86.035,0.28,0.29,0.71,0.72,0.01,0.01,77174.09,1776450684000
1776450686.383,86.383,0.28,0.29,0.71,0.72,0.01,0.01,77174.09,1776450684000
1776450686.901,86.901,0.28,0.29,0.71,0.72,0.01,0.01,77179.2,1776450685000
1776450687.714,87.714,0.28,0.29,0.71,0.72,0.01,0.01,77179.2,1776450685000
1776450688.071,88.071,0.28,0.29,0.71,0.72,0.01,0.01,77181.46,1776450686000
1776450688.413,88.413,0.28,0.29,0.71,0.72,0.01,0.01,77181.46,1776450686000
1776450688.765,88.765,0.28,0.29,0.71,0.72,0.01,0.01,77181.46,1776450687000
1776450689.207,89.207,0.28,0.29,0.71,0.72,0.01,0.01,77181.46,1776450687000
1776450689.575,89.575,0.28,0.29,0.71,0.72,0.01,0.01,77181.46,1776450687000
1776450689.934,89.934,0.28,0.29,0.71,0.72,0.01,0.01,77181.4,1776450688000
1776450690.28,90.28,0.28,0.3,0.71,0.72,0.02,0.01,77181.4,1776450688000
1776450690.625,90.625,0.29,0.3,0.7,0.71,0.01,0.01,77181.4,1776450688000
1776450690.99,90.99,0.29,0.3,0.7,0.71,0.01,0.01,77181.09,1776450689000
1776450691.357,91.357,0.29,0.3,0.7,0.71,0.01,0.01,77181.09,1776450689000
1776450691.756,91.756,0.29,0.3,0.7,0.71,0.01,0.01,77180.91,1776450690000
1776450692.343,92.343,0.3,0.31,0.69,0.7,0.01,0.01,77180.91,1776450690000
1776450692.72,92.72,0.3,0.31,0.69,0.7,0.01,0.01,77180.91,1776450690000
1776450693.093,93.093,0.3,0.31,0.69,0.7,0.01,0.01,77180.23,1776450691000
1776450693.548,93.548,0.3,0.31,0.69,0.7,0.01,0.01,77184.8,1776450692000
1776450693.962,93.962,0.31,0.32,0.68,0.7,0.01,0.02,77184.8,1776450692000
1776450694.382,94.382,0.31,0.32,0.68,0.69,0.01,0.01,77184.8,1776450692000
1776450694.768,94.768,0.31,0.32,0.68,0.69,0.01,0.01,77186.75,1776450693000
1776450695.122,95.122,0.31,0.32,0.68,0.69,0.01,0.01,77186.67,1776450694000
1776450695.602,95.602,0.31,0.32,0.68,0.69,0.01,0.01,77186.67,1776450694000
1776450695.983,95.983,0.32,0.33,0.67,0.69,0.01,0.02,77186.67,1776450694000
1776450696.38,96.38,0.32,0.33,0.67,0.68,0.01,0.01,77186.67,1776450694000
1776450696.822,96.822,0.32,0.33,0.67,0.68,0.01,0.01,77186.62,1776450695000
1776450697.207,97.207,0.32,0.33,0.67,0.68,0.01,0.01,77184.92,1776450696000
1776450697.67,97.67,0.32,0.33,0.67,0.68,0.01,0.01,77184.92,1776450696000
1776450698.2,98.2,0.32,0.33,0.67,0.68,0.01,0.01,77186.71,1776450697000
1776450698.69,98.69,0.32,0.33,0.67,0.68,0.01,0.01,77186.71,1776450697000
1776450699.029,99.029,0.34,0.38,0.62,0.66,0.04,0.04,77186.71,1776450697000
1776450699.529,99.529,0.38,0.39,0.61,0.62,0.01,0.01,77186.71,1776450697000
1776450700.0,100.0,0.38,0.4,0.6,0.62,0.02,0.02,77187.64,1776450698000
1776450700.376,100.376,0.39,0.41,0.6,0.61,0.02,0.01,77190.79,1776450699000
1776450700.759,100.759,0.41,0.42,0.58,0.6,0.01,0.02,77190.79,1776450699000
1776450701.176,101.176,0.41,0.42,0.58,0.59,0.01,0.01,77190.79,1776450699000
1776450701.511,101.511,0.39,0.41,0.59,0.6,0.02,0.01,77197.89,1776450700000
1776450701.851,101.851,0.38,0.39,0.61,0.62,0.01,0.01,77197.89,1776450700000
1776450702.204,102.204,0.36,0.38,0.62,0.64,0.02,0.02,77197.89,1776450700000
1776450702.563,102.563,0.35,0.37,0.63,0.64,0.02,0.01,77204.22,1776450701000
1776450702.957,102.957,0.35,0.36,0.64,0.65,0.01,0.01,77204.22,1776450701000
1776450703.345,103.345,0.35,0.36,0.64,0.65,0.01,0.01,77198.51,1776450702000
1776450703.692,103.692,0.35,0.36,0.64,0.65,0.01,0.01,77198.51,1776450702000
1776450704.105,104.105,0.35,0.36,0.64,0.65,0.01,0.01,77197.96,1776450703000
1776450704.65,104.65,0.35,0.36,0.64,0.65,0.01,0.01,77197.96,1776450703000
1776450704.984,104.984,0.35,0.37,0.63,0.65,0.02,0.02,77197.96,1776450703000
1776450705.48,105.48,0.38,0.41,0.59,0.62,0.03,0.03,77195.54,1776450704000
1776450705.813,105.813,0.4,0.41,0.59,0.6,0.01,0.01,77195.54,1776450704000
1776450706.236,106.236,0.41,0.42,0.58,0.6,0.01,0.02,77195.54,1776450704000
1776450707.031,107.031,0.41,0.42,0.58,0.59,0.01,0.01,77195.54,1776450704000
1776450707.434,107.434,0.42,0.43,0.57,0.58,0.01,0.01,77200.42,1776450705000
1776450707.771,107.771,0.42,0.43,0.57,0.58,0.01,0.01,77200.42,1776450705000
1776450708.259,108.259,0.43,0.44,0.56,0.57,0.01,0.01,77205.78,1776450706000
1776450708.718,108.718,0.43,0.44,0.56,0.57,0.01,0.01,77205.78,1776450706000
1776450709.277,109.277,0.43,0.44,0.56,0.57,0.01,0.01,77208.06,1776450707000
1776450709.675,109.675,0.43,0.44,0.56,0.57,0.01,0.01,77208.51,1776450708000
1776450710.011,110.011,0.43,0.44,0.56,0.57,0.01,0.01,77208.51,1776450708000
1776450710.417,110.417,0.43,0.44,0.56,0.57,0.01,0.01,77208.51,1776450709000
1776450710.755,110.755,0.43,0.44,0.56,0.57,0.01,0.01,77208.51,1776450709000
1776450711.106,111.106,0.43,0.44,0.56,0.57,0.01,0.01,77217.46,1776450710000
1776450711.495,111.495,0.42,0.43,0.57,0.58,0.01,0.01,77217.46,1776450710000
1776450712.047,112.047,0.41,0.43,0.57,0.58,0.02,0.01,77217.46,1776450710000
1776450712.385,112.385,0.4,0.41,0.57,0.6,0.01,0.03,77214.08,1776450711000
1776450712.745,112.745,0.37,0.4,0.6,0.61,0.03,0.01,77214.08,1776450711000
1776450713.135,113.135,0.35,0.37,0.63,0.65,0.02,0.02,77209.45,1776450712000
1776450713.573,113.573,0.34,0.35,0.65,0.67,0.01,0.02,77209.45,1776450712000
1776450713.972,113.972,0.34,0.36,0.63,0.66,0.02,0.03,77209.45,1776450712000
1776450714.403,114.403,0.35,0.36,0.64,0.66,0.01,0.02,77209.45,1776450712000
1776450714.774,114.774,0.34,0.35,0.65,0.66,0.01,0.01,77199.14,1776450713000
1776450715.113,115.113,0.34,0.35,0.65,0.66,0.01,0.01,77199.14,1776450713000
1776450715.503,115.503,0.34,0.35,0.65,0.66,0.01,0.01,77199.92,1776450714000
1776450715.907,115.907,0.34,0.35,0.65,0.66,0.01,0.01,77199.92,1776450714000
1776450716.46,116.46,0.33,0.35,0.65,0.67,0.02,0.02,77198.24,1776450715000
1776450717.078,117.078,0.33,0.34,0.66,0.67,0.01,0.01,77198.24,1776450715000
1776450717.483,117.483,0.32,0.34,0.66,0.67,0.02,0.01,77195.64,1776450716000
1776450718.23,118.23,0.31,0.32,0.67,0.68,0.01,0.01,77195.64,1776450716000
1776450718.61,118.61,0.29,0.3,0.7,0.71,0.01,0.01,77193.29,1776450717000
1776450718.955,118.955,0.29,0.3,0.7,0.71,0.01,0.01,77193.29,1776450717000
1776450719.305,119.305,0.27,0.29,0.7,0.71,0.02,0.01,77190.94,1776450718000
1776450719.742,119.742,0.27,0.28,0.72,0.73,0.01,0.01,77190.94,1776450718000
1776450720.119,120.119,0.27,0.28,0.72,0.73,0.01,0.01,77190.94,1776450718000
1776450720.619,120.619,0.27,0.28,0.72,0.73,0.01,0.01,77184.46,1776450719000
1776450721.229,121.229,0.27,0.28,0.72,0.73,0.01,0.01,77184.46,1776450719000
1776450721.628,121.628,0.26,0.27,0.72,0.74,0.01,0.02,77184.46,1776450719000
1776450722.082,122.082,0.26,0.27,0.73,0.74,0.01,0.01,77181.22,1776450720000
1776450722.513,122.513,0.26,0.27,0.73,0.74,0.01,0.01,77181.13,1776450721000
1776450722.96,122.96,0.26,0.27,0.73,0.74,0.01,0.01,77181.13,1776450721000
1776450723.535,123.535,0.26,0.27,0.73,0.74,0.01,0.01,77181.13,1776450721000
1776450723.908,123.908,0.26,0.27,0.73,0.74,0.01,0.01,77182.28,1776450722000
1776450724.478,124.478,0.26,0.27,0.73,0.74,0.01,0.01,77182.28,1776450722000
1776450724.834,124.834,0.26,0.27,0.73,0.74,0.01,0.01,77182.28,1776450723000
1776450725.2,125.2,0.26,0.27,0.73,0.74,0.01,0.01,77182.28,1776450723000
1776450725.975,125.975,0.26,0.27,0.73,0.74,0.01,0.01,77179.42,1776450725000
1776450726.372,126.372,0.26,0.27,0.73,0.74,0.01,0.01,77179.42,1776450725000
1776450726.739,126.739,0.28,0.29,0.71,0.73,0.01,0.02,77179.42,1776450725000
1776450727.175,127.175,0.28,0.29,0.71,0.72,0.01,0.01,77182.33,1776450726000
1776450727.529,127.529,0.28,0.3,0.7,0.72,0.02,0.02,77182.33,1776450726000
1776450728.411,128.411,0.29,0.3,0.7,0.72,0.01,0.02,77182.33,1776450726000
1776450728.867,128.867,0.29,0.3,0.7,0.71,0.01,0.01,77184.83,1776450727000
1776450729.395,129.395,0.29,0.3,0.7,0.71,0.01,0.01,77184.83,1776450727000
1776450729.789,129.789,0.29,0.3,0.7,0.71,0.01,0.01,77187.56,1776450728000
1776450730.231,130.231,0.31,0.32,0.69,0.7,0.01,0.01,77188.1,1776450729000
1776450730.612,130.612,0.32,0.33,0.67,0.68,0.01,0.01,77188.1,1776450729000
1776450730.954,130.954,0.32,0.34,0.66,0.68,0.02,0.02,77188.1,1776450729000
1776450731.375,131.375,0.32,0.34,0.67,0.68,0.02,0.01,77194.19,1776450730000
1776450731.965,131.965,0.33,0.34,0.66,0.67,0.01,0.01,77194.19,1776450730000
1776450732.363,132.363,0.32,0.34,0.66,0.68,0.02,0.02,77197.37,1776450731000
1776450732.915,132.915,0.33,0.34,0.66,0.68,0.01,0.02,77197.37,1776450731000
1776450733.463,133.463,0.33,0.34,0.66,0.67,0.01,0.01,77197.37,1776450732000
1776450733.82,133.82,0.33,0.34,0.66,0.67,0.01,0.01,77197.37,1776450732000
1776450734.421,134.421,0.33,0.34,0.66,0.67,0.01,0.01,77198.18,1776450733000
1776450734.823,134.823,0.31,0.32,0.68,0.69,0.01,0.01,77198.18,1776450733000
1776450735.157,135.157,0.31,0.32,0.68,0.69,0.01,0.01,77198.18,1776450733000
1776450735.576,135.576,0.3,0.31,0.69,0.7,0.01,0.01,77196.49,1776450734000
1776450736.065,136.065,0.3,0.31,0.69,0.7,0.01,0.01,77194.14,1776450735000
1776450736.504,136.504,0.3,0.31,0.69,0.7,0.01,0.01,77194.14,1776450735000
1776450736.86,136.86,0.3,0.31,0.69,0.7,0.01,0.01,77194.14,1776450735000
1776450737.196,137.196,0.3,0.31,0.69,0.7,0.01,0.01,77192.52,1776450736000
1776450737.685,137.685,0.3,0.31,0.69,0.7,0.01,0.01,77192.52,1776450736000
1776450738.381,138.381,0.3,0.31,0.69,0.7,0.01,0.01,77190.96,1776450737000
1776450738.788,138.788,0.3,0.31,0.69,0.7,0.01,0.01,77190.96,1776450737000
1776450739.223,139.223,0.3,0.31,0.69,0.7,0.01,0.01,77192.53,1776450738000
1776450739.794,139.794,0.3,0.31,0.69,0.7,0.01,0.01,77192.53,1776450738000
1776450740.356,140.356,0.3,0.31,0.69,0.7,0.01,0.01,77192.53,1776450738000
1776450740.698,140.698,0.3,0.31,0.69,0.7,0.01,0.01,77192.52,1776450739000
1776450741.047,141.047,0.3,0.31,0.69,0.7,0.01,0.01,77192.52,1776450739000
1776450741.43,141.43,0.3,0.34,0.69,0.7,0.04,0.01,77192.08,1776450740000
1776450741.877,141.877,0.35,0.36,0.63,0.65,0.01,0.02,77192.08,1776450740000
1776450742.228,142.228,0.38,0.4,0.6,0.63,0.02,0.03,77195.68,1776450741000
1776450742.609,142.609,0.39,0.41,0.59,0.61,0.02,0.02,77195.68,1776450741000
1776450742.991,142.991,0.4,0.42,0.58,0.6,0.02,0.02,77195.8,1776450742000
1776450743.395,143.395,0.42,0.43,0.57,0.59,0.01,0.02,77195.8,1776450742000
1776450743.752,143.752,0.43,0.45,0.55,0.57,0.02,0.02,77195.8,1776450742000
1776450744.117,144.117,0.43,0.45,0.55,0.57,0.02,0.02,77205.31,1776450743000
1776450744.459,144.459,0.43,0.44,0.56,0.57,0.01,0.01,77205.31,1776450743000
1776450744.814,144.814,0.5,0.51,0.49,0.5,0.01,0.01,77205.31,1776450743000
1776450745.152,145.152,0.5,0.51,0.46,0.5,0.01,0.04,77205.31,1776450743000
1776450745.587,145.587,0.52,0.54,0.45,0.48,0.02,0.03,77213.71,1776450744000
1776450745.921,145.921,0.52,0.55,0.46,0.48,0.03,0.02,77213.71,1776450744000
1776450746.266,146.266,0.53,0.54,0.46,0.47,0.01,0.01,77226.34,1776450745000
1776450746.64,146.64,0.53,0.54,0.46,0.47,0.01,0.01,77226.34,1776450745000
1776450747.146,147.146,0.53,0.54,0.46,0.47,0.01,0.01,77226.34,1776450745000
1776450747.494,147.494,0.53,0.54,0.46,0.47,0.01,0.01,77234.61,1776450746000
1776450747.833,147.833,0.53,0.54,0.46,0.47,0.01,0.01,77234.61,1776450746000
1776450748.233,148.233,0.53,0.54,0.46,0.47,0.01,0.01,77234.61,1776450746000
1776450748.68,148.68,0.53,0.54,0.46,0.47,0.01,0.01,77234.64,1776450747000
1776450749.12,149.12,0.54,0.55,0.45,0.46,0.01,0.01,77234.64,1776450747000
1776450749.732,149.732,0.55,0.56,0.44,0.46,0.01,0.02,77232.26,1776450748000
1776450750.216,150.216,0.55,0.56,0.44,0.45,0.01,0.01,77233.61,1776450749000
1776450750.555,150.555,0.55,0.56,0.44,0.45,0.01,0.01,77233.61,1776450749000
1776450750.931,150.931,0.54,0.55,0.45,0.46,0.01,0.01,77233.61,1776450749000
1776450751.532,151.532,0.54,0.55,0.45,0.46,0.01,0.01,77237.52,1776450750000
1776450751.888,151.888,0.54,0.55,0.45,0.46,0.01,0.01,77241.16,1776450751000
1776450752.396,152.396,0.54,0.55,0.45,0.46,0.01,0.01,77241.16,1776450751000
1776450752.917,152.917,0.54,0.55,0.45,0.46,0.01,0.01,77241.16,1776450751000
1776450753.367,153.367,0.53,0.54,0.45,0.47,0.01,0.02,77237.36,1776450752000
1776450753.724,153.724,0.52,0.53,0.47,0.49,0.01,0.02,77237.36,1776450752000
1776450754.111,154.111,0.52,0.53,0.47,0.48,0.01,0.01,77237.36,1776450753000
1776450754.494,154.494,0.52,0.53,0.47,0.48,0.01,0.01,77237.36,1776450753000
1776450754.897,154.897,0.52,0.53,0.47,0.48,0.01,0.01,77237.36,1776450753000
1776450755.335,155.335,0.52,0.53,0.47,0.48,0.01,0.01,77234.52,1776450754000
1776450755.698,155.698,0.53,0.57,0.43,0.47,0.04,0.04,77234.52,1776450754000
1776450756.106,156.106,0.54,0.55,0.45,0.46,0.01,0.01,77234.52,1776450754000
1776450756.486,156.486,0.54,0.55,0.45,0.46,0.01,0.01,77235.38,1776450755000
1776450756.915,156.915,0.55,0.56,0.44,0.45,0.01,0.01,77235.38,1776450755000
1776450757.289,157.289,0.55,0.56,0.44,0.45,0.01,0.01,77235.38,1776450755000
1776450757.961,157.961,0.55,0.57,0.44,0.45,0.02,0.01,77241.11,1776450756000
1776450758.315,158.315,0.6,0.62,0.38,0.4,0.02,0.02,77241.11,1776450757000
1776450758.699,158.699,0.6,0.62,0.38,0.4,0.02,0.02,77241.11,1776450757000
1776450759.211,159.211,0.6,0.61,0.39,0.4,0.01,0.01,77242.11,1776450758000
1776450759.656,159.656,0.6,0.61,0.39,0.4,0.01,0.01,77242.11,1776450758000
1776450760.297,160.297,0.6,0.61,0.39,0.4,0.01,0.01,77247.31,1776450759000
1776450760.71,160.71,0.6,0.61,0.39,0.4,0.01,0.01,77247.31,1776450759000
1776450761.049,161.049,0.59,0.61,0.39,0.41,0.02,0.02,77247.31,1776450759000
1776450761.457,161.457,0.6,0.61,0.39,0.4,0.01,0.01,77247.31,1776450759000
1776450761.862,161.862,0.6,0.61,0.39,0.4,0.01,0.01,77247.01,1776450760000
1776450762.287,162.287,0.6,0.61,0.39,0.4,0.01,0.01,77246.72,1776450761000
1776450762.738,162.738,0.6,0.61,0.39,0.4,0.01,0.01,77246.72,1776450761000
1776450763.113,163.113,0.6,0.61,0.39,0.4,0.01,0.01,77246.72,1776450761000
1776450763.526,163.526,0.6,0.61,0.39,0.4,0.01,0.01,77245.15,1776450762000
1776450764.266,164.266,0.6,0.61,0.39,0.4,0.01,0.01,77249.26,1776450763000
1776450764.607,164.607,0.59,0.61,0.39,0.4,0.02,0.01,77249.26,1776450763000
1776450765.204,165.204,0.57,0.59,0.41,0.43,0.02,0.02,77249.26,1776450763000
1776450765.785,165.785,0.6,0.61,0.39,0.42,0.01,0.03,77247.06,1776450764000
1776450766.316,166.316,0.59,0.6,0.39,0.41,0.01,0.02,77247.06,1776450764000
1776450766.845,166.845,0.59,0.6,0.4,0.41,0.01,0.01,77245.93,1776450765000
1776450767.243,167.243,0.6,0.61,0.4,0.41,0.01,0.01,77248.23,1776450766000
1776450767.627,167.627,0.59,0.6,0.39,0.41,0.01,0.02,77248.23,1776450766000
1776450768.127,168.127,0.59,0.6,0.4,0.41,0.01,0.01,77248.23,1776450766000
1776450768.906,168.906,0.58,0.6,0.4,0.42,0.02,0.02,77252.26,1776450767000
1776450769.29,169.29,0.58,0.6,0.4,0.42,0.02,0.02,77252.26,1776450767000
1776450769.793,169.793,0.59,0.6,0.4,0.41,0.01,0.01,77254.68,1776450768000
1776450770.178,170.178,0.59,0.6,0.4,0.41,0.01,0.01,77254.68,1776450768000
1776450770.514,170.514,0.63,0.66,0.34,0.37,0.03,0.03,77254.68,1776450768000
1776450770.879,170.879,0.59,0.6,0.39,0.41,0.01,0.02,77264.41,1776450769000
1776450771.263,171.263,0.66,0.68,0.32,0.34,0.02,0.02,77262.94,1776450770000
1776450771.61,171.61,0.67,0.69,0.31,0.34,0.02,0.03,77262.94,1776450770000
1776450771.954,171.954,0.7,0.71,0.29,0.3,0.01,0.01,77262.94,1776450770000
1776450772.83,172.83,0.7,0.71,0.28,0.32,0.01,0.04,77264.4,1776450771000
1776450773.245,173.245,0.7,0.71,0.29,0.3,0.01,0.01,77264.4,1776450771000
1776450773.771,173.771,0.67,0.68,0.32,0.33,0.01,0.01,77270.65,1776450772000
1776450774.222,174.222,0.67,0.71,0.29,0.33,0.04,0.04,77264.38,1776450773000
1776450774.692,174.692,0.7,0.71,0.29,0.33,0.01,0.04,77264.38,1776450773000
1776450775.053,175.053,0.67,0.71,0.29,0.33,0.04,0.04,77264.38,1776450773000
1776450775.424,175.424,0.7,0.71,0.29,0.34,0.01,0.05,77261.03,1776450774000
1776450775.944,175.944,0.66,0.7,0.29,0.3,0.04,0.01,77261.03,1776450774000
1776450776.39,176.39,0.67,0.7,0.3,0.33,0.03,0.03,77260.85,1776450775000
1776450776.734,176.734,0.68,0.69,0.3,0.33,0.01,0.03,77260.85,1776450775000
1776450777.077,177.077,0.66,0.67,0.33,0.34,0.01,0.01,77260.85,1776450775000
1776450777.422,177.422,0.67,0.68,0.32,0.33,0.01,0.01,77259.09,1776450776000
1776450777.756,177.756,0.66,0.68,0.32,0.33,0.02,0.01,77259.09,1776450776000
1776450778.096,178.096,0.63,0.65,0.35,0.37,0.02,0.02,77259.09,1776450776000
1776450778.441,178.441,0.61,0.62,0.38,0.39,0.01,0.01,77253.85,1776450777000
1776450778.778,178.778,0.61,0.63,0.35,0.39,0.02,0.04,77253.85,1776450777000
1776450779.15,179.15,0.62,0.63,0.36,0.38,0.01,0.02,77253.85,1776450777000
1776450779.495,179.495,0.63,0.64,0.36,0.37,0.01,0.01,77249.02,1776450778000
1776450779.841,179.841,0.64,0.67,0.33,0.36,0.03,0.03,77249.02,1776450778000
1776450781.239,181.239,0.64,0.66,0.34,0.36,0.02,0.02,77258.16,1776450780000
1776450781.921,181.921,0.65,0.66,0.34,0.35,0.01,0.01,77258.16,1776450780000
1776450782.611,182.611,0.65,0.66,0.34,0.35,0.01,0.01,77260.18,1776450781000
1776450783.259,183.259,0.65,0.66,0.34,0.35,0.01,0.01,77256.75,1776450782000
1776450783.945,183.945,0.65,0.66,0.34,0.35,0.01,0.01,77256.75,1776450782000
1776450784.385,184.385,0.65,0.66,0.34,0.35,0.01,0.01,77254.59,1776450783000
1776450784.774,184.774,0.65,0.66,0.34,0.35,0.01,0.01,77254.59,1776450783000
1776450785.227,185.227,0.65,0.66,0.34,0.35,0.01,0.01,77254.59,1776450783000
1776450785.563,185.563,0.65,0.66,0.34,0.36,0.01,0.02,77253.32,1776450784000
1776450785.897,185.897,0.64,0.65,0.35,0.36,0.01,0.01,77253.32,1776450784000
1776450786.239,186.239,0.63,0.66,0.34,0.37,0.03,0.03,77250.13,1776450785000
1776450786.584,186.584,0.63,0.64,0.36,0.37,0.01,0.01,77250.13,1776450785000
1776450786.938,186.938,0.64,0.65,0.35,0.36,0.01,0.01,77250.13,1776450785000
1776450787.305,187.305,0.64,0.65,0.35,0.36,0.01,0.01,77250.92,1776450786000
1776450787.808,187.808,0.64,0.65,0.35,0.36,0.01,0.01,77250.92,1776450786000
1776450788.142,188.142,0.65,0.67,0.33,0.36,0.02,0.03,77250.92,1776450786000
1776450788.551,188.551,0.66,0.67,0.33,0.34,0.01,0.01,77254.14,1776450787000
1776450789.275,189.275,0.66,0.67,0.33,0.34,0.01,0.01,77257.53,1776450788000
1776450790.487,190.487,0.66,0.67,0.33,0.34,0.01,0.01,77265.34,1776450789000
1776450790.905,190.905,0.67,0.68,0.33,0.34,0.01,0.01,77265.34,1776450789000
1776450791.515,191.515,0.67,0.68,0.32,0.33,0.01,0.01,77265.5,1776450790000
1776450791.874,191.874,0.67,0.68,0.32,0.33,0.01,0.01,77265.5,1776450790000
1776450792.283,192.283,0.66,0.68,0.31,0.33,0.02,0.02,77265.5,1776450790000
1776450792.667,192.667,0.66,0.68,0.32,0.34,0.02,0.02,77259.27,1776450791000
1776450793.116,193.116,0.66,0.67,0.33,0.34,0.01,0.01,77259.27,1776450791000
1776450793.48,193.48,0.64,0.65,0.34,0.36,0.01,0.02,77257.72,1776450792000
1776450793.831,193.831,0.64,0.65,0.35,0.36,0.01,0.01,77257.72,1776450792000
1776450794.164,194.164,0.64,0.65,0.35,0.36,0.01,0.01,77257.72,1776450792000
1776450794.602,194.602,0.64,0.65,0.35,0.36,0.01,0.01,77256.52,1776450793000
1776450794.958,194.958,0.64,0.65,0.34,0.36,0.01,0.02,77256.52,1776450793000
1776450795.333,195.333,0.65,0.66,0.34,0.36,0.01,0.02,77254.02,1776450794000
1776450795.76,195.76,0.65,0.66,0.34,0.35,0.01,0.01,77254.02,1776450794000
1776450796.127,196.127,0.65,0.66,0.34,0.35,0.01,0.01,77254.02,1776450794000
1776450796.471,196.471,0.65,0.66,0.34,0.35,0.01,0.01,77256,1776450795000
1776450796.916,196.916,0.65,0.67,0.34,0.35,0.02,0.01,77256,1776450795000
1776450797.299,197.299,0.68,0.69,0.32,0.34,0.01,0.02,77256,1776450795000
1776450797.785,197.785,0.68,0.69,0.31,0.32,0.01,0.01,77258.54,1776450796000
1776450798.35,198.35,0.68,0.69,0.31,0.32,0.01,0.01,77258.54,1776450796000
1776450798.728,198.728,0.7,0.71,0.29,0.32,0.01,0.03,77259.57,1776450797000
1776450799.413,199.413,0.7,0.71,0.29,0.3,0.01,0.01,77259.57,1776450797000
1776450799.757,199.757,0.7,0.71,0.29,0.3,0.01,0.01,77261.05,1776450798000
1776450800.22,200.22,0.7,0.71,0.29,0.3,0.01,0.01,77265.33,1776450799000
1776450801.232,201.232,0.7,0.71,0.29,0.3,0.01,0.01,77265.33,1776450799000
1776450801.6,201.6,0.7,0.71,0.29,0.3,0.01,0.01,77265.33,1776450799000
1776450801.95,201.95,0.7,0.71,0.29,0.3,0.01,0.01,77262.22,1776450800000
1776450802.295,202.295,0.7,0.71,0.29,0.3,0.01,0.01,77262.22,1776450800000
1776450802.64,202.64,0.7,0.71,0.29,0.3,0.01,0.01,77262.22,1776450800000
1776450803.01,203.01,0.7,0.71,0.29,0.3,0.01,0.01,77262.42,1776450801000
1776450803.4,203.4,0.7,0.71,0.29,0.3,0.01,0.01,77262.42,1776450801000
1776450803.761,203.761,0.7,0.71,0.29,0.3,0.01,0.01,77262.48,1776450802000
1776450804.116,204.116,0.7,0.71,0.29,0.3,0.01,0.01,77262.48,1776450802000
1776450804.449,204.449,0.7,0.71,0.29,0.3,0.01,0.01,77262.29,1776450803000
1776450805.202,205.202,0.7,0.71,0.29,0.3,0.01,0.01,77262.1,1776450804000
1776450805.538,205.538,0.73,0.75,0.25,0.27,0.02,0.02,77262.1,1776450804000
1776450805.872,205.872,0.74,0.75,0.25,0.26,0.01,0.01,77262.1,1776450804000
1776450806.345,206.345,0.74,0.76,0.24,0.26,0.02,0.02,77264.97,1776450805000
1776450806.818,206.818,0.74,0.78,0.23,0.26,0.04,0.03,77264.97,1776450805000
1776450807.22,207.22,0.79,0.82,0.19,0.21,0.03,0.02,77264.97,1776450805000
1776450807.578,207.578,0.81,0.82,0.18,0.19,0.01,0.01,77264.97,1776450805000
1776450807.912,207.912,0.81,0.82,0.18,0.19,0.01,0.01,77287.43,1776450806000
1776450808.283,208.283,0.81,0.82,0.18,0.19,0.01,0.01,77287.67,1776450807000
1776450808.617,208.617,0.8,0.82,0.18,0.2,0.02,0.02,77287.67,1776450807000
1776450808.969,208.969,0.8,0.81,0.19,0.2,0.01,0.01,77287.67,1776450807000
1776450809.306,209.306,0.8,0.81,0.19,0.2,0.01,0.01,77287.67,1776450807000
1776450809.648,209.648,0.8,0.82,0.19,0.2,0.02,0.01,77290.08,1776450808000
1776450809.986,209.986,0.81,0.82,0.18,0.19,0.01,0.01,77290.08,1776450808000
1776450810.326,210.326,0.81,0.82,0.18,0.19,0.01,0.01,77290.08,1776450808000
1776450810.673,210.673,0.82,0.83,0.17,0.19,0.01,0.02,77288.14,1776450809000
1776450811.026,211.026,0.82,0.83,0.17,0.18,0.01,0.01,77287.27,1776450810000
1776450811.504,211.504,0.82,0.83,0.17,0.18,0.01,0.01,77287.27,1776450810000
1776450811.865,211.865,0.82,0.83,0.17,0.18,0.01,0.01,77287.27,1776450810000
1776450812.229,212.229,0.82,0.83,0.17,0.18,0.01,0.01,77287.01,1776450811000
1776450812.619,212.619,0.82,0.83,0.17,0.18,0.01,0.01,77287.01,1776450811000
1776450812.955,212.955,0.82,0.83,0.17,0.18,0.01,0.01,77287.01,1776450811000
1776450813.342,213.342,0.83,0.85,0.16,0.17,0.02,0.01,77289.06,1776450812000
1776450813.71,213.71,0.85,0.87,0.15,0.16,0.02,0.01,77289.06,1776450812000
1776450814.091,214.091,0.86,0.87,0.13,0.14,0.01,0.01,77289.06,1776450812000
1776450814.504,214.504,0.87,0.88,0.12,0.14,0.01,0.02,77290.08,1776450813000
1776450814.84,214.84,0.87,0.89,0.12,0.13,0.02,0.01,77290.08,1776450813000
1776450815.178,215.178,0.88,0.89,0.11,0.12,0.01,0.01,77291.23,1776450814000
1776450815.517,215.517,0.88,0.89,0.11,0.12,0.01,0.01,77291.23,1776450814000
1776450815.9,215.9,0.88,0.89,0.11,0.12,0.01,0.01,77291.23,1776450814000
1776450816.274,216.274,0.88,0.89,0.11,0.12,0.01,0.01,77296.65,1776450815000
1776450816.683,216.683,0.88,0.89,0.11,0.12,0.01,0.01,77296.65,1776450815000
1776450817.232,217.232,0.88,0.9,0.11,0.12,0.02,0.01,77296.65,1776450815000
1776450817.581,217.581,0.89,0.9,0.1,0.11,0.01,0.01,77296.65,1776450815000
1776450817.954,217.954,0.89,0.9,0.1,0.11,0.01,0.01,77296.65,1776450815000
1776450818.293,218.293,0.89,0.9,0.1,0.11,0.01,0.01,77302.97,1776450817000
1776450818.636,218.636,0.89,0.9,0.1,0.11,0.01,0.01,77302.97,1776450817000
1776450819.031,219.031,0.89,0.9,0.1,0.11,0.01,0.01,77302.97,1776450817000
1776450819.424,219.424,0.89,0.9,0.1,0.11,0.01,0.01,77302.83,1776450818000
1776450819.929,219.929,0.9,0.91,0.08,0.11,0.01,0.03,77302.83,1776450818000
1776450820.279,220.279,0.91,0.92,0.08,0.1,0.01,0.02,77302.83,1776450818000
1776450820.652,220.652,0.91,0.92,0.08,0.09,0.01,0.01,77301.6,1776450819000
1776450821.049,221.049,0.91,0.92,0.08,0.09,0.01,0.01,77301.6,1776450819000
1776450821.421,221.421,0.91,0.92,0.08,0.09,0.01,0.01,77301.95,1776450820000
1776450821.976,221.976,0.91,0.92,0.08,0.09,0.01,0.01,77301.95,1776450820000
1776450822.453,222.453,0.9,0.91,0.08,0.1,0.01,0.02,77302.63,1776450821000
1776450822.788,222.788,0.9,0.91,0.09,0.1,0.01,0.01,77302.63,1776450821000
1776450823.247,223.247,0.9,0.91,0.09,0.1,0.01,0.01,77304.75,1776450822000
1776450823.591,223.591,0.9,0.91,0.09,0.1,0.01,0.01,77304.75,1776450822000
1776450823.936,223.936,0.9,0.91,0.09,0.1,0.01,0.01,77306.71,1776450823000
1776450824.352,224.352,0.9,0.91,0.09,0.1,0.01,0.01,77306.71,1776450823000
1776450824.708,224.708,0.9,0.91,0.09,0.1,0.01,0.01,77306.71,1776450823000
1776450825.046,225.046,0.9,0.91,0.09,0.1,0.01,0.01,77306.37,1776450824000
1776450825.381,225.381,0.9,0.91,0.09,0.1,0.01,0.01,77306.37,1776450824000
1776450825.736,225.736,0.9,0.91,0.09,0.1,0.01,0.01,77306.37,1776450824000
1776450826.161,226.161,0.9,0.91,0.09,0.1,0.01,0.01,77306.28,1776450825000
1776450826.504,226.504,0.9,0.91,0.09,0.1,0.01,0.01,77306.28,1776450825000
1776450826.864,226.864,0.9,0.91,0.09,0.1,0.01,0.01,77306.28,1776450825000
1776450827.244,227.244,0.91,0.92,0.08,0.09,0.01,0.01,77306.13,1776450826000
1776450827.635,227.635,0.91,0.92,0.08,0.09,0.01,0.01,77306.13,1776450826000
1776450827.978,227.978,0.91,0.92,0.08,0.09,0.01,0.01,77306.13,1776450826000
1776450828.312,228.312,0.91,0.92,0.08,0.09,0.01,0.01,77306.13,1776450826000
1776450828.649,228.649,0.92,0.94,0.07,0.09,0.02,0.02,77305.47,1776450827000
1776450829.335,229.335,0.92,0.94,0.06,0.08,0.02,0.02,77305.59,1776450828000
1776450829.702,229.702,0.93,0.94,0.06,0.07,0.01,0.01,77305.59,1776450828000
1776450830.33,230.33,0.93,0.94,0.06,0.07,0.01,0.01,77305.59,1776450828000
1776450830.774,230.774,0.93,0.94,0.06,0.07,0.01,0.01,77305.55,1776450829000
1776450831.368,231.368,0.93,0.94,0.06,0.07,0.01,0.01,77305.55,1776450829000
1776450831.782,231.782,0.93,0.94,0.06,0.07,0.01,0.01,77306.18,1776450830000
1776450832.124,232.124,0.93,0.94,0.06,0.07,0.01,0.01,77306.18,1776450830000
1776450832.46,232.46,0.93,0.94,0.06,0.07,0.01,0.01,77306.28,1776450831000
1776450832.799,232.799,0.93,0.94,0.06,0.07,0.01,0.01,77306.28,1776450831000
1776450833.338,233.338,0.93,0.94,0.06,0.07,0.01,0.01,77306.28,1776450831000
1776450833.859,233.859,0.93,0.94,0.06,0.07,0.01,0.01,77303.96,1776450832000
1776450834.266,234.266,0.93,0.94,0.06,0.07,0.01,0.01,77303.96,1776450832000
1776450834.696,234.696,0.92,0.93,0.06,0.08,0.01,0.02,77306.52,1776450833000
1776450835.044,235.044,0.92,0.93,0.07,0.08,0.01,0.01,77306.52,1776450833000
1776450835.392,235.392,0.92,0.93,0.07,0.08,0.01,0.01,77306.61,1776450834000
1776450836.144,236.144,0.91,0.92,0.07,0.08,0.01,0.01,77306.61,1776450834000
1776450836.498,236.498,0.9,0.91,0.09,0.1,0.01,0.01,77305.04,1776450835000
1776450836.883,236.883,0.9,0.91,0.09,0.1,0.01,0.01,77301.44,1776450836000
1776450837.279,237.279,0.9,0.91,0.09,0.1,0.01,0.01,77301.44,1776450836000
1776450837.617,237.617,0.9,0.91,0.09,0.1,0.01,0.01,77301.44,1776450836000
1776450838.026,238.026,0.89,0.9,0.1,0.11,0.01,0.01,77300.53,1776450837000
1776450838.482,238.482,0.89,0.9,0.1,0.11,0.01,0.01,77300.53,1776450837000
1776450838.917,238.917,0.89,0.9,0.1,0.11,0.01,0.01,77300.53,1776450837000
1776450839.345,239.345,0.91,0.92,0.08,0.09,0.01,0.01,77297.63,1776450838000
1776450839.754,239.754,0.91,0.92,0.08,0.09,0.01,0.01,77297.63,1776450838000
1776450840.442,240.442,0.91,0.92,0.07,0.09,0.01,0.02,77294.43,1776450839000
1776450840.798,240.798,0.91,0.92,0.08,0.09,0.01,0.01,77294.43,1776450839000
1776450841.152,241.152,0.91,0.92,0.08,0.09,0.01,0.01,77294.67,1776450840000
1776450841.512,241.512,0.85,0.88,0.12,0.14,0.03,0.02,77294.67,1776450840000
1776450841.845,241.845,0.83,0.85,0.15,0.17,0.02,0.02,77294.67,1776450840000
1776450842.239,242.239,0.82,0.83,0.17,0.19,0.01,0.02,77298.34,1776450841000
1776450842.59,242.59,0.82,0.83,0.17,0.18,0.01,0.01,77298.34,1776450841000
1776450843.027,243.027,0.82,0.83,0.17,0.18,0.01,0.01,77298.34,1776450841000
1776450843.373,243.373,0.83,0.84,0.16,0.17,0.01,0.01,77284.58,1776450842000
1776450843.795,243.795,0.83,0.84,0.16,0.17,0.01,0.01,77284.58,1776450842000
1776450844.356,244.356,0.84,0.85,0.15,0.17,0.01,0.02,77277.08,1776450843000
1776450845.006,245.006,0.87,0.88,0.12,0.13,0.01,0.01,77277.08,1776450843000
1776450845.42,245.42,0.87,0.88,0.12,0.13,0.01,0.01,77277.08,1776450843000
1776450845.87,245.87,0.87,0.88,0.12,0.13,0.01,0.01,77276.17,1776450844000
1776450846.205,246.205,0.87,0.91,0.12,0.13,0.04,0.01,77276.17,1776450844000
1776450846.562,246.562,0.9,0.91,0.09,0.1,0.01,0.01,77277.1,1776450845000
1776450846.959,246.959,0.84,0.85,0.15,0.16,0.01,0.01,77277.1,1776450845000
1776450847.32,247.32,0.83,0.84,0.16,0.17,0.01,0.01,77277.1,1776450845000
1776450847.702,247.702,0.83,0.84,0.16,0.17,0.01,0.01,77280.47,1776450846000
1776450848.089,248.089,0.82,0.84,0.16,0.18,0.02,0.02,77280.5,1776450847000
1776450848.485,248.485,0.81,0.82,0.18,0.19,0.01,0.01,77280.5,1776450847000
1776450849.01,249.01,0.81,0.82,0.18,0.19,0.01,0.01,77280.5,1776450847000
1776450849.403,249.403,0.81,0.82,0.18,0.19,0.01,0.01,77280.5,1776450847000
1776450849.938,249.938,0.83,0.84,0.16,0.17,0.01,0.01,77273.57,1776450848000
1776450850.302,250.302,0.83,0.84,0.16,0.17,0.01,0.01,77273.57,1776450848000
1776450850.715,250.715,0.84,0.85,0.13,0.16,0.01,0.03,77273.57,1776450848000
1776450851.048,251.048,0.85,0.86,0.14,0.16,0.01,0.02,77271.32,1776450849000
1776450851.428,251.428,0.85,0.86,0.14,0.15,0.01,0.01,77270.99,1776450850000
1776450852.087,252.087,0.85,0.86,0.14,0.15,0.01,0.01,77270.99,1776450851000
1776450852.523,252.523,0.85,0.86,0.14,0.15,0.01,0.01,77270.99,1776450851000
1776450853.215,253.215,0.85,0.86,0.14,0.15,0.01,0.01,77270.99,1776450851000
1776450853.558,253.558,0.85,0.86,0.14,0.15,0.01,0.01,77270.99,1776450851000
1776450854.037,254.037,0.85,0.86,0.14,0.15,0.01,0.01,77272.39,1776450852000
1776450854.416,254.416,0.85,0.87,0.14,0.15,0.02,0.01,77272.39,1776450852000
1776450854.76,254.76,0.86,0.87,0.13,0.14,0.01,0.01,77272.39,1776450853000
1776450855.1,255.1,0.76,0.8,0.2,0.24,0.04,0.04,77272.39,1776450853000
1776450855.473,255.473,0.75,0.77,0.23,0.26,0.02,0.03,77272.39,1776450853000
1776450855.835,255.835,0.74,0.75,0.25,0.26,0.01,0.01,77272.43,1776450854000
1776450856.18,256.18,0.73,0.74,0.25,0.27,0.01,0.02,77272.43,1776450854000
1776450856.577,256.577,0.72,0.73,0.27,0.28,0.01,0.01,77271.32,1776450855000
1776450856.983,256.983,0.72,0.73,0.27,0.28,0.01,0.01,77271.32,1776450855000
1776450857.336,257.336,0.72,0.73,0.27,0.28,0.01,0.01,77271.32,1776450855000
1776450857.846,257.846,0.72,0.73,0.27,0.28,0.01,0.01,77261.31,1776450856000
1776450858.184,258.184,0.72,0.73,0.27,0.28,0.01,0.01,77261.31,1776450856000
1776450858.651,258.651,0.72,0.73,0.27,0.28,0.01,0.01,77256.82,1776450857000
1776450858.993,258.993,0.72,0.73,0.27,0.28,0.01,0.01,77256.82,1776450857000
1776450859.342,259.342,0.73,0.74,0.26,0.28,0.01,0.02,77256.82,1776450857000
1776450859.685,259.685,0.73,0.76,0.24,0.27,0.03,0.03,77252.32,1776450858000
1776450860.024,260.024,0.75,0.76,0.24,0.25,0.01,0.01,77252.32,1776450858000
1776450860.393,260.393,0.75,0.76,0.24,0.25,0.01,0.01,77252.32,1776450858000
1776450860.821,260.821,0.75,0.76,0.24,0.25,0.01,0.01,77252.5,1776450859000
1776450861.174,261.174,0.74,0.75,0.24,0.26,0.01,0.02,77252.5,1776450859000
1776450861.515,261.515,0.73,0.74,0.25,0.27,0.01,0.02,77252.5,1776450859000
1776450861.927,261.927,0.73,0.74,0.26,0.27,0.01,0.01,77252.91,1776450860000
1776450862.65,262.65,0.73,0.74,0.26,0.27,0.01,0.01,77253.07,1776450861000
1776450862.984,262.984,0.73,0.74,0.26,0.27,0.01,0.01,77253.07,1776450861000
1776450863.515,263.515,0.73,0.74,0.26,0.27,0.01,0.01,77253.07,1776450861000
1776450863.858,263.858,0.73,0.75,0.26,0.27,0.02,0.01,77250.41,1776450862000
1776450864.3,264.3,0.74,0.75,0.25,0.26,0.01,0.01,77250.41,1776450862000
1776450864.64,264.64,0.75,0.76,0.24,0.25,0.01,0.01,77251.72,1776450863000
1776450864.977,264.977,0.71,0.72,0.28,0.29,0.01,0.01,77251.72,1776450863000
1776450865.321,265.321,0.71,0.72,0.28,0.29,0.01,0.01,77251.72,1776450864000
1776450865.662,265.662,0.71,0.72,0.28,0.29,0.01,0.01,77251.72,1776450864000
1776450865.999,265.999,0.73,0.74,0.26,0.27,0.01,0.01,77251.72,1776450864000
1776450866.429,266.429,0.76,0.77,0.23,0.24,0.01,0.01,77251.95,1776450865000
1776450866.832,266.832,0.76,0.77,0.23,0.24,0.01,0.01,77251.95,1776450865000
1776450867.226,267.226,0.76,0.77,0.23,0.24,0.01,0.01,77251.95,1776450865000
1776450867.627,267.627,0.76,0.77,0.23,0.24,0.01,0.01,77250.63,1776450866000
1776450867.999,267.999,0.76,0.77,0.23,0.24,0.01,0.01,77250.63,1776450867000
1776450868.448,268.448,0.75,0.76,0.24,0.25,0.01,0.01,77250.63,1776450867000
1776450868.785,268.785,0.75,0.8,0.24,0.25,0.05,0.01,77250.63,1776450867000
1776450869.183,269.183,0.81,0.82,0.18,0.19,0.01,0.01,77253.45,1776450868000
1776450869.526,269.526,0.82,0.84,0.16,0.17,0.02,0.01,77253.45,1776450868000
1776450869.867,269.867,0.83,0.84,0.15,0.17,0.01,0.02,77253.45,1776450868000
1776450870.212,270.212,0.85,0.87,0.14,0.15,0.02,0.01,77253.53,1776450869000
1776450870.555,270.555,0.86,0.87,0.13,0.14,0.01,0.01,77253.53,1776450869000
1776450871.122,271.122,0.87,0.88,0.12,0.13,0.01,0.01,77259.62,1776450870000
1776450871.487,271.487,0.89,0.9,0.1,0.13,0.01,0.03,77259.62,1776450870000
1776450871.852,271.852,0.9,0.91,0.09,0.11,0.01,0.02,77259.62,1776450870000
1776450872.192,272.192,0.9,0.91,0.09,0.1,0.01,0.01,77259.62,1776450870000
1776450872.685,272.685,0.91,0.92,0.09,0.1,0.01,0.01,77267.09,1776450871000
1776450873.209,273.209,0.91,0.92,0.08,0.09,0.01,0.01,77270.28,1776450872000
1776450873.61,273.61,0.91,0.92,0.08,0.09,0.01,0.01,77270.28,1776450872000
1776450874.177,274.177,0.91,0.92,0.08,0.09,0.01,0.01,77270.28,1776450872000
1776450874.518,274.518,0.86,0.92,0.08,0.09,0.06,0.01,77270.63,1776450873000
1776450874.987,274.987,0.91,0.92,0.08,0.09,0.01,0.01,77270.63,1776450873000
1776450875.322,275.322,0.92,0.93,0.07,0.08,0.01,0.01,77270.63,1776450873000
1776450875.802,275.802,0.92,0.93,0.07,0.08,0.01,0.01,77270.9,1776450874000
1776450876.38,276.38,0.92,0.93,0.07,0.08,0.01,0.01,77270.91,1776450875000
1776450876.721,276.721,0.92,0.93,0.07,0.08,0.01,0.01,77270.91,1776450875000
1776450877.364,277.364,0.93,0.94,0.07,0.08,0.01,0.01,77271.9,1776450876000
1776450877.913,277.913,0.93,0.94,0.06,0.07,0.01,0.01,77271.9,1776450876000
1776450878.256,278.256,0.93,0.94,0.06,0.07,0.01,0.01,77272.45,1776450877000
1776450878.717,278.717,0.94,0.95,0.05,0.06,0.01,0.01,77272.45,1776450877000
1776450879.064,279.064,0.94,0.95,0.05,0.06,0.01,0.01,77272.45,1776450877000
1776450879.735,279.735,0.94,0.95,0.05,0.06,0.01,0.01,77272.68,1776450878000
1776450880.083,280.083,0.94,0.95,0.05,0.06,0.01,0.01,77272.93,1776450879000
1776450880.426,280.426,0.94,0.95,0.05,0.06,0.01,0.01,77272.93,1776450879000
1776450880.833,280.833,0.96,0.97,0.03,0.04,0.01,0.01,77272.93,1776450879000
1776450881.166,281.166,0.96,0.97,0.03,0.04,0.01,0.01,77272.97,1776450880000
1776450881.588,281.588,0.96,0.97,0.03,0.04,0.01,0.01,77272.97,1776450880000
1776450882.04,282.04,0.96,0.97,0.03,0.04,0.01,0.01,77272.97,1776450880000
1776450882.374,282.374,0.96,0.97,0.03,0.04,0.01,0.01,77272.97,1776450880000
1776450882.919,282.919,0.96,0.97,0.03,0.04,0.01,0.01,77278.4,1776450881000
1776450883.378,283.378,0.96,0.97,0.03,0.04,0.01,0.01,77278.79,1776450882000
1776450883.778,283.778,0.96,0.97,0.03,0.04,0.01,0.01,77278.79,1776450882000
1776450884.136,284.136,0.96,0.97,0.03,0.04,0.01,0.01,77278.79,1776450882000
1776450884.544,284.544,0.96,0.97,0.03,0.04,0.01,0.01,77279.66,1776450883000
1776450884.916,284.916,0.96,0.97,0.03,0.04,0.01,0.01,77279.66,1776450883000
1776450885.262,285.262,0.97,0.98,0.02,0.03,0.01,0.01,77279.66,1776450883000
1776450885.624,285.624,0.97,0.98,0.02,0.03,0.01,0.01,77274.79,1776450884000
1776450885.983,285.983,0.97,0.98,0.02,0.03,0.01,0.01,77274.79,1776450884000
1776450886.459,286.459,0.97,0.98,0.02,0.03,0.01,0.01,77274.79,1776450885000
1776450886.821,286.821,0.97,0.98,0.02,0.03,0.01,0.01,77274.79,1776450885000
1776450887.39,287.39,0.97,0.98,0.02,0.03,0.01,0.01,77274.79,1776450885000
1776450887.842,287.842,0.98,0.99,0.01,0.02,0.01,0.01,77283.91,1776450886000
1776450888.197,288.197,0.98,0.99,0.01,0.02,0.01,0.01,77285.2,1776450887000
1776450888.648,288.648,0.99,0.99,0.01,0.01,0.0,0.0,77285.2,1776450887000
1776450888.993,288.993,0.99,0.99,0.01,0.01,0.0,0.0,77285.2,1776450887000
1776450889.502,289.502,0.99,0.99,0.01,0.01,0.0,0.0,77288.13,1776450888000
1776450889.847,289.847,0.99,0.99,0.01,0.01,0.0,0.0,77288.13,1776450888000
1776450890.286,290.286,0.99,0.99,0.01,0.01,0.0,0.0,77296.92,1776450889000
1776450890.722,290.722,0.99,0.99,0.01,0.01,0.0,0.0,77296.92,1776450889000
1776450891.083,291.083,0.99,0.99,0.01,0.01,0.0,0.0,77296.92,1776450889000
1776450891.426,291.426,0.99,0.99,0.01,0.01,0.0,0.0,77305.02,1776450890000
1776450891.812,291.812,0.99,0.99,0.01,0.01,0.0,0.0,77305.02,1776450890000
1776450892.161,292.161,0.99,0.99,0.01,0.01,0.0,0.0,77305.02,1776450890000
1776450892.499,292.499,0.99,0.99,0.01,0.01,0.0,0.0,77305.02,1776450890000
1776450892.847,292.847,0.99,0.99,0.01,0.01,0.0,0.0,77308.34,1776450891000
1776450893.196,293.196,0.99,0.99,0.01,0.01,0.0,0.0,77305.59,1776450892000
1776450893.561,293.561,0.99,0.99,0.01,0.01,0.0,0.0,77305.59,1776450892000
1776450893.986,293.986,0.99,0.99,0.01,0.01,0.0,0.0,77305.59,1776450892000
1776450894.357,294.357,0.99,0.99,0.01,0.01,0.0,0.0,77301.12,1776450893000
1776450895.957,295.957,0.99,0.99,0.01,0.01,0.0,0.0,77301.12,1776450893000
1776450896.755,296.755,0.99,0.99,0.01,0.01,0.0,0.0,77300.91,1776450895000
1776450897.093,297.093,0.99,0.99,0.01,0.01,0.0,0.0,77300.91,1776450895000
1776450897.557,297.557,0.99,0.99,0.01,0.01,0.0,0.0,77299.82,1776450896000
1776450898.121,298.121,0.99,0.99,0.01,0.01,0.0,0.0,77299.76,1776450897000
1776450898.84,298.84,0.99,0.99,0.01,0.01,0.0,0.0,77299.76,1776450897000
1776450899.306,299.306,0.99,0.99,0.01,0.01,0.0,0.0,77300.66,1776450898000
1776450899.863,299.863,0.99,0.99,0.01,0.01,0.0,0.0,77300.66,1776450898000
1776450900.731,300.731,0.99,0.99,0.01,0.01,0.0,0.0,77302.7,1776450899000

# RESULT,winner=Up,slug=btc-updown-5m-1776450600,ticks=699
