timestamp,elapsed_sec,up_bid,up_ask,down_bid,down_ask,up_spread,down_spread,btc_price
1775905800.536,0.536,0.48,0.49,0.51,0.52,0.01,0.01,72908.23
1775905800.929,0.929,0.48,0.49,0.51,0.52,0.01,0.01,72908.23
1775905801.298,1.298,0.48,0.49,0.51,0.52,0.01,0.01,72908.23
1775905801.685,1.685,0.48,0.49,0.51,0.52,0.01,0.01,72908.23
1775905802.058,2.058,0.47,0.49,0.51,0.53,0.02,0.02,72908.23
1775905802.582,2.582,0.47,0.48,0.51,0.53,0.01,0.02,72908.31
1775905802.924,2.924,0.45,0.49,0.52,0.54,0.04,0.02,72908.31
1775905803.353,3.353,0.48,0.49,0.52,0.53,0.01,0.01,72908.31
1775905803.707,3.707,0.48,0.49,0.51,0.52,0.01,0.01,72908.31
1775905804.074,4.074,0.47,0.48,0.51,0.53,0.01,0.02,72908.24
1775905804.477,4.477,0.46,0.47,0.53,0.54,0.01,0.01,72908.46
1775905805.005,5.005,0.45,0.46,0.53,0.54,0.01,0.01,72908.46
1775905805.354,5.354,0.45,0.46,0.54,0.55,0.01,0.01,72908.46
1775905805.693,5.693,0.45,0.46,0.54,0.55,0.01,0.01,72908.46
1775905806.121,6.121,0.45,0.46,0.54,0.55,0.01,0.01,72907.91
1775905806.477,6.477,0.44,0.45,0.55,0.56,0.01,0.01,72907.91
1775905806.846,6.846,0.44,0.45,0.55,0.56,0.01,0.01,72907.91
1775905807.332,7.332,0.44,0.45,0.54,0.56,0.01,0.02,72907.91
1775905807.668,7.668,0.44,0.45,0.54,0.55,0.01,0.01,72907.91
1775905808.02,8.02,0.45,0.46,0.54,0.56,0.01,0.02,72907.91
1775905809.133,9.133,0.46,0.47,0.54,0.55,0.01,0.01,72907.92
1775905809.716,9.716,0.45,0.46,0.53,0.55,0.01,0.02,72907.92
1775905810.186,10.186,0.45,0.46,0.54,0.55,0.01,0.01,72907.92
1775905810.566,10.566,0.45,0.46,0.54,0.55,0.01,0.01,72907.92
1775905810.938,10.938,0.45,0.46,0.54,0.55,0.01,0.01,72907.92
1775905811.541,11.541,0.46,0.48,0.52,0.55,0.02,0.03,72907.91
1775905811.978,11.978,0.47,0.48,0.51,0.54,0.01,0.03,72907.91
1775905812.361,12.361,0.46,0.47,0.52,0.54,0.01,0.02,72907.91
1775905812.806,12.806,0.46,0.47,0.53,0.54,0.01,0.01,72907.91
1775905813.262,13.262,0.46,0.47,0.53,0.54,0.01,0.01,72907.91
1775905813.677,13.677,0.46,0.47,0.53,0.54,0.01,0.01,72907.91
1775905814.018,14.018,0.46,0.47,0.53,0.54,0.01,0.01,72907.91
1775905814.613,14.613,0.46,0.47,0.53,0.54,0.01,0.01,72907.91
1775905814.952,14.952,0.46,0.47,0.53,0.54,0.01,0.01,72907.91
1775905815.378,15.378,0.46,0.47,0.53,0.54,0.01,0.01,72907.92
1775905815.813,15.813,0.47,0.48,0.52,0.54,0.01,0.02,72907.92
1775905816.944,16.944,0.46,0.47,0.53,0.54,0.01,0.01,72907.96
1775905817.436,17.436,0.46,0.47,0.53,0.54,0.01,0.01,72907.96
1775905817.854,17.854,0.46,0.47,0.53,0.54,0.01,0.01,72907.96
1775905818.248,18.248,0.46,0.47,0.53,0.54,0.01,0.01,72907.96
1775905818.756,18.756,0.46,0.47,0.53,0.54,0.01,0.01,72907.66
1775905819.213,19.213,0.47,0.48,0.52,0.53,0.01,0.01,72907.66
1775905819.629,19.629,0.48,0.49,0.51,0.52,0.01,0.01,72907.66
1775905819.966,19.966,0.49,0.5,0.51,0.52,0.01,0.01,72907.66
1775905820.356,20.356,0.49,0.5,0.5,0.51,0.01,0.01,72907.66
1775905820.89,20.89,0.49,0.5,0.5,0.51,0.01,0.01,72907.66
1775905821.387,21.387,0.49,0.5,0.5,0.51,0.01,0.01,72907.88
1775905822.114,22.114,0.48,0.5,0.5,0.51,0.02,0.01,72907.88
1775905822.76,22.76,0.48,0.49,0.51,0.52,0.01,0.01,72907.88
1775905823.197,23.197,0.49,0.5,0.5,0.51,0.01,0.01,72907.88
1775905823.567,23.567,0.47,0.5,0.5,0.51,0.03,0.01,72907.88
1775905823.932,23.932,0.48,0.49,0.51,0.52,0.01,0.01,72907.88
1775905824.275,24.275,0.47,0.48,0.51,0.53,0.01,0.02,72907.86
1775905824.628,24.628,0.47,0.49,0.52,0.53,0.02,0.01,72907.86
1775905825.001,25.001,0.47,0.48,0.51,0.53,0.01,0.02,72907.86
1775905825.409,25.409,0.47,0.48,0.52,0.53,0.01,0.01,72907.85
1775905825.926,25.926,0.46,0.47,0.53,0.54,0.01,0.01,72907.85
1775905826.318,26.318,0.48,0.49,0.51,0.52,0.01,0.01,72907.61
1775905826.653,26.653,0.52,0.53,0.43,0.5,0.01,0.07,72907.61
1775905827.018,27.018,0.5,0.51,0.49,0.5,0.01,0.01,72907.6
1775905827.379,27.379,0.52,0.53,0.47,0.48,0.01,0.01,72907.6
1775905827.717,27.717,0.53,0.54,0.47,0.48,0.01,0.01,72907.6
1775905828.081,28.081,0.51,0.54,0.44,0.46,0.03,0.02,72907.81
1775905828.693,28.693,0.5,0.52,0.48,0.49,0.02,0.01,72907.81
1775905829.046,29.046,0.48,0.49,0.51,0.52,0.01,0.01,72907.78
1775905829.432,29.432,0.47,0.49,0.51,0.52,0.02,0.01,72907.78
1775905829.78,29.78,0.41,0.42,0.56,0.59,0.01,0.03,72907.78
1775905830.132,30.132,0.38,0.42,0.58,0.59,0.04,0.01,72907.55
1775905830.484,30.484,0.38,0.39,0.61,0.62,0.01,0.01,72907.55
1775905830.844,30.844,0.37,0.38,0.62,0.63,0.01,0.01,72907.55
1775905831.593,31.593,0.37,0.38,0.62,0.64,0.01,0.02,72905.46
1775905831.926,31.926,0.37,0.38,0.62,0.63,0.01,0.01,72905.46
1775905832.356,32.356,0.35,0.36,0.63,0.65,0.01,0.02,72903.14
1775905832.746,32.746,0.33,0.36,0.64,0.65,0.03,0.01,72903.14
1775905833.164,33.164,0.29,0.3,0.7,0.71,0.01,0.01,72903.14
1775905833.529,33.529,0.29,0.3,0.7,0.71,0.01,0.01,72902.75
1775905833.891,33.891,0.29,0.3,0.7,0.71,0.01,0.01,72902.75
1775905834.281,34.281,0.29,0.3,0.7,0.71,0.01,0.01,72900.83
1775905834.624,34.624,0.29,0.31,0.69,0.7,0.02,0.01,72900.83
1775905834.989,34.989,0.28,0.29,0.71,0.72,0.01,0.01,72897.16
1775905835.353,35.353,0.3,0.31,0.69,0.71,0.01,0.02,72897.16
1775905835.818,35.818,0.3,0.31,0.69,0.7,0.01,0.01,72897.16
1775905836.334,36.334,0.3,0.31,0.69,0.7,0.01,0.01,72896.3
1775905836.682,36.682,0.3,0.31,0.69,0.7,0.01,0.01,72896.3
1775905837.062,37.062,0.3,0.31,0.68,0.7,0.01,0.02,72896.3
1775905837.504,37.504,0.31,0.32,0.68,0.69,0.01,0.01,72896.3
1775905837.875,37.875,0.31,0.32,0.68,0.69,0.01,0.01,72896.92
1775905838.21,38.21,0.32,0.33,0.68,0.69,0.01,0.01,72896.92
1775905838.587,38.587,0.33,0.34,0.66,0.67,0.01,0.01,72896.92
1775905838.999,38.999,0.33,0.34,0.66,0.67,0.01,0.01,72896.92
1775905839.726,39.726,0.33,0.34,0.66,0.67,0.01,0.01,72897.72
1775905840.073,40.073,0.33,0.34,0.66,0.67,0.01,0.01,72897.72
1775905840.575,40.575,0.34,0.35,0.65,0.66,0.01,0.01,72897.72
1775905840.928,40.928,0.34,0.35,0.65,0.66,0.01,0.01,72897.72
1775905841.367,41.367,0.37,0.38,0.62,0.66,0.01,0.04,72897.88
1775905841.844,41.844,0.35,0.36,0.63,0.65,0.01,0.02,72897.88
1775905842.198,42.198,0.35,0.36,0.64,0.65,0.01,0.01,72897.97
1775905842.569,42.569,0.35,0.36,0.64,0.65,0.01,0.01,72897.97
1775905843.023,43.023,0.35,0.36,0.64,0.65,0.01,0.01,72897.97
1775905843.608,43.608,0.35,0.36,0.64,0.65,0.01,0.01,72898.13
1775905843.969,43.969,0.35,0.36,0.64,0.65,0.01,0.01,72898.13
1775905844.502,44.502,0.35,0.36,0.64,0.65,0.01,0.01,72898.15
1775905844.852,44.852,0.35,0.36,0.63,0.65,0.01,0.02,72898.15
1775905845.219,45.219,0.36,0.37,0.64,0.65,0.01,0.01,72898.15
1775905845.59,45.59,0.36,0.37,0.63,0.64,0.01,0.01,72897.98
1775905846.141,46.141,0.36,0.37,0.63,0.64,0.01,0.01,72897.98
1775905846.522,46.522,0.36,0.37,0.63,0.64,0.01,0.01,72898.14
1775905847.21,47.21,0.36,0.37,0.63,0.64,0.01,0.01,72898.14
1775905847.703,47.703,0.36,0.38,0.63,0.64,0.02,0.01,72897.96
1775905848.672,48.672,0.37,0.38,0.62,0.64,0.01,0.02,72897.96
1775905849.144,49.144,0.37,0.38,0.62,0.63,0.01,0.01,72897.96
1775905849.844,49.844,0.37,0.38,0.62,0.63,0.01,0.01,72898.23
1775905850.42,50.42,0.37,0.38,0.62,0.63,0.01,0.01,72898.18
1775905850.788,50.788,0.37,0.38,0.62,0.63,0.01,0.01,72898.18
1775905851.152,51.152,0.37,0.38,0.62,0.63,0.01,0.01,72898.18
1775905851.548,51.548,0.38,0.39,0.61,0.63,0.01,0.02,72898.18
1775905852.204,52.204,0.38,0.39,0.61,0.62,0.01,0.01,72898.18
1775905852.816,52.816,0.38,0.39,0.61,0.62,0.01,0.01,72898.18
1775905853.509,53.509,0.38,0.39,0.61,0.62,0.01,0.01,72898.19
1775905854.433,54.433,0.38,0.39,0.61,0.62,0.01,0.01,72898.19
1775905854.823,54.823,0.39,0.4,0.6,0.62,0.01,0.02,72898.19
1775905855.285,55.285,0.39,0.41,0.6,0.61,0.02,0.01,72898.19
1775905855.868,55.868,0.38,0.39,0.61,0.62,0.01,0.01,72898.53
1775905856.383,56.383,0.39,0.4,0.61,0.62,0.01,0.01,72898.53
1775905856.894,56.894,0.39,0.4,0.6,0.61,0.01,0.01,72898.53
1775905857.28,57.28,0.39,0.4,0.6,0.61,0.01,0.01,72898.53
1775905857.809,57.809,0.39,0.4,0.6,0.61,0.01,0.01,72898.4
1775905858.387,58.387,0.36,0.38,0.62,0.63,0.02,0.01,72898.55
1775905858.797,58.797,0.36,0.37,0.63,0.64,0.01,0.01,72898.55
1775905859.234,59.234,0.36,0.37,0.63,0.64,0.01,0.01,72898.55
1775905859.567,59.567,0.33,0.34,0.66,0.67,0.01,0.01,72898.35
1775905859.975,59.975,0.32,0.33,0.67,0.68,0.01,0.01,72898.35
1775905860.337,60.337,0.31,0.32,0.68,0.69,0.01,0.01,72898.35
1775905860.74,60.74,0.31,0.32,0.68,0.69,0.01,0.01,72898.35
1775905861.222,61.222,0.31,0.32,0.68,0.69,0.01,0.01,72898.35
1775905861.671,61.671,0.31,0.32,0.68,0.69,0.01,0.01,72898.4
1775905862.045,62.045,0.31,0.32,0.68,0.69,0.01,0.01,72898.4
1775905862.466,62.466,0.32,0.33,0.67,0.68,0.01,0.01,72898.4
1775905862.875,62.875,0.32,0.33,0.67,0.68,0.01,0.01,72898.37
1775905863.244,63.244,0.32,0.33,0.67,0.68,0.01,0.01,72898.37
1775905863.586,63.586,0.32,0.33,0.67,0.68,0.01,0.01,72898.35
1775905863.984,63.984,0.31,0.32,0.67,0.69,0.01,0.02,72898.35
1775905864.525,64.525,0.31,0.33,0.68,0.69,0.02,0.01,72898.35
1775905864.964,64.964,0.32,0.33,0.67,0.68,0.01,0.01,72898.19
1775905865.418,65.418,0.32,0.33,0.67,0.68,0.01,0.01,72898.2
1775905865.84,65.84,0.33,0.35,0.66,0.67,0.02,0.01,72898.2
1775905866.26,66.26,0.38,0.39,0.61,0.62,0.01,0.01,72898.2
1775905866.892,66.892,0.36,0.37,0.62,0.64,0.01,0.02,72898.18
1775905867.353,67.353,0.36,0.37,0.62,0.64,0.01,0.02,72898.19
1775905867.916,67.916,0.36,0.37,0.63,0.64,0.01,0.01,72898.19
1775905868.551,68.551,0.03,0.36,0.63,0.65,0.33,0.02,72898.33
1775905868.899,68.899,0.35,0.36,0.64,0.65,0.01,0.01,72898.33
1775905869.286,69.286,0.27,0.28,0.72,0.73,0.01,0.01,72898.4
1775905869.699,69.699,0.32,0.33,0.67,0.68,0.01,0.01,72898.4
1775905870.039,70.039,0.31,0.32,0.68,0.69,0.01,0.01,72898.4
1775905870.508,70.508,0.32,0.33,0.67,0.68,0.01,0.01,72898.4
1775905870.896,70.896,0.31,0.32,0.68,0.69,0.01,0.01,72898.4
1775905871.295,71.295,0.31,0.32,0.68,0.69,0.01,0.01,72898.25
1775905871.657,71.657,0.31,0.32,0.67,0.69,0.01,0.02,72898.25
1775905872.044,72.044,0.31,0.33,0.68,0.69,0.02,0.01,72898.25
1775905872.42,72.42,0.31,0.32,0.68,0.69,0.01,0.01,72898.29
1775905872.86,72.86,0.31,0.32,0.68,0.69,0.01,0.01,72898.29
1775905873.232,73.232,0.31,0.32,0.68,0.69,0.01,0.01,72898.29
1775905873.652,73.652,0.3,0.31,0.68,0.7,0.01,0.02,72898.24
1775905874.071,74.071,0.3,0.31,0.68,0.7,0.01,0.02,72898.24
1775905874.434,74.434,0.29,0.3,0.69,0.71,0.01,0.02,72898.24
1775905874.835,74.835,0.29,0.3,0.7,0.71,0.01,0.01,72898.24
1775905875.201,75.201,0.28,0.29,0.7,0.72,0.01,0.02,72898.24
1775905875.86,75.86,0.26,0.27,0.73,0.74,0.01,0.01,72898.21
1775905876.214,76.214,0.26,0.27,0.72,0.74,0.01,0.02,72898.21
1775905876.569,76.569,0.27,0.28,0.72,0.73,0.01,0.01,72898.21
1775905876.985,76.985,0.26,0.27,0.73,0.74,0.01,0.01,72897.99
1775905877.554,77.554,0.26,0.28,0.73,0.74,0.02,0.01,72897.99
1775905877.902,77.902,0.27,0.28,0.72,0.74,0.01,0.02,72897.99
1775905878.369,78.369,0.26,0.27,0.73,0.74,0.01,0.01,72896.03
1775905878.786,78.786,0.01,0.29,0.71,0.99,0.28,0.28,72896.03
1775905879.141,79.141,0.25,0.26,0.74,0.75,0.01,0.01,72896.03
1775905879.475,79.475,0.19,0.2,0.8,0.81,0.01,0.01,72895.97
1775905879.816,79.816,0.18,0.2,0.81,0.82,0.02,0.01,72895.97
1775905880.165,80.165,0.18,0.19,0.81,0.82,0.01,0.01,72895.76
1775905880.535,80.535,0.17,0.18,0.81,0.82,0.01,0.01,72895.76
1775905881.043,81.043,0.17,0.18,0.82,0.83,0.01,0.01,72894.99
1775905881.443,81.443,0.16,0.19,0.81,0.82,0.03,0.01,72894.99
1775905881.822,81.822,0.16,0.18,0.83,0.84,0.02,0.01,72894.99
1775905882.177,82.177,0.17,0.18,0.81,0.83,0.01,0.02,72893.06
1775905882.523,82.523,0.17,0.18,0.82,0.83,0.01,0.01,72893.06
1775905882.902,82.902,0.18,0.19,0.81,0.82,0.01,0.01,72893.06
1775905883.273,83.273,0.19,0.2,0.8,0.82,0.01,0.02,72891.52
1775905883.681,83.681,0.19,0.2,0.8,0.81,0.01,0.01,72891.52
1775905884.066,84.066,0.19,0.21,0.8,0.81,0.02,0.01,72890.99
1775905884.448,84.448,0.2,0.21,0.79,0.8,0.01,0.01,72890.99
1775905884.8,84.8,0.2,0.21,0.79,0.8,0.01,0.01,72890.99
1775905885.164,85.164,0.19,0.21,0.79,0.8,0.02,0.01,72891.27
1775905885.571,85.571,0.19,0.2,0.8,0.81,0.01,0.01,72891.27
1775905886.07,86.07,0.2,0.21,0.79,0.8,0.01,0.01,72891.55
1775905886.523,86.523,0.19,0.21,0.79,0.81,0.02,0.02,72891.55
1775905886.869,86.869,0.21,0.23,0.77,0.78,0.02,0.01,72891.55
1775905887.334,87.334,0.21,0.22,0.77,0.79,0.01,0.02,72891.84
1775905887.918,87.918,0.2,0.22,0.78,0.8,0.02,0.02,72891.84
1775905888.382,88.382,0.21,0.22,0.78,0.79,0.01,0.01,72891.82
1775905888.874,88.874,0.19,0.2,0.78,0.82,0.01,0.04,72891.82
1775905889.504,89.504,0.19,0.2,0.8,0.81,0.01,0.01,72891.83
1775905890.001,90.001,0.19,0.21,0.8,0.81,0.02,0.01,72891.83
1775905890.448,90.448,0.21,0.22,0.78,0.79,0.01,0.01,72891.55
1775905890.829,90.829,0.2,0.22,0.78,0.79,0.02,0.01,72891.55
1775905891.356,91.356,0.2,0.21,0.78,0.79,0.01,0.01,72891.55
1775905891.772,91.772,0.21,0.22,0.78,0.79,0.01,0.01,72891.55
1775905892.704,92.704,0.21,0.22,0.78,0.79,0.01,0.01,72891.55
1775905893.236,93.236,0.19,0.2,0.78,0.81,0.01,0.03,72891.89
1775905894.268,94.268,0.2,0.22,0.79,0.8,0.02,0.01,72891.89
1775905894.622,94.622,0.21,0.22,0.78,0.79,0.01,0.01,72891.89
1775905895.028,95.028,0.21,0.22,0.78,0.79,0.01,0.01,72891.89
1775905895.503,95.503,0.21,0.23,0.77,0.79,0.02,0.02,72891.89
1775905895.88,95.88,0.22,0.23,0.77,0.78,0.01,0.01,72891.89
1775905896.457,96.457,0.22,0.23,0.77,0.78,0.01,0.01,72891.67
1775905896.876,96.876,0.21,0.22,0.77,0.8,0.01,0.03,72891.67
1775905897.435,97.435,0.21,0.22,0.78,0.79,0.01,0.01,72891.67
1775905898.021,98.021,0.22,0.23,0.78,0.79,0.01,0.01,72891.67
1775905898.861,98.861,0.16,0.23,0.77,0.78,0.07,0.01,72891.64
1775905899.464,99.464,0.2,0.21,0.79,0.8,0.01,0.01,72891.57
1775905899.911,99.911,0.2,0.21,0.79,0.8,0.01,0.01,72891.57
1775905900.58,100.58,0.2,0.21,0.79,0.8,0.01,0.01,72891.69
1775905901.073,101.073,0.2,0.21,0.79,0.8,0.01,0.01,72891.69
1775905901.412,101.412,0.2,0.21,0.79,0.8,0.01,0.01,72891.69
1775905901.98,101.98,0.2,0.21,0.79,0.8,0.01,0.01,72891.69
1775905902.324,102.324,0.21,0.22,0.78,0.79,0.01,0.01,72891.69
1775905902.669,102.669,0.21,0.22,0.78,0.79,0.01,0.01,72891.69
1775905903.043,103.043,0.21,0.22,0.78,0.79,0.01,0.01,72891.69
1775905903.445,103.445,0.22,0.23,0.77,0.78,0.01,0.01,72891.69
1775905903.877,103.877,0.21,0.22,0.77,0.79,0.01,0.02,72891.69
1775905904.734,104.734,0.21,0.22,0.78,0.79,0.01,0.01,72891.8
1775905905.08,105.08,0.2,0.21,0.78,0.8,0.01,0.02,72891.8
1775905906.364,106.364,0.2,0.21,0.79,0.8,0.01,0.01,72892.11
1775905906.987,106.987,0.2,0.22,0.79,0.8,0.02,0.01,72892.11
1775905907.718,107.718,0.21,0.22,0.79,0.8,0.01,0.01,72891.83
1775905908.31,108.31,0.21,0.22,0.78,0.79,0.01,0.01,72892.11
1775905908.893,108.893,0.21,0.22,0.78,0.79,0.01,0.01,72892.11
1775905909.641,109.641,0.21,0.22,0.78,0.79,0.01,0.01,72891.78
1775905910.077,110.077,0.2,0.22,0.78,0.79,0.02,0.01,72891.78
1775905910.552,110.552,0.2,0.21,0.79,0.8,0.01,0.01,72891.78
1775905911.148,111.148,0.2,0.21,0.79,0.8,0.01,0.01,72891.78
1775905911.645,111.645,0.2,0.21,0.79,0.8,0.01,0.01,72891.78
1775905913.081,113.081,0.2,0.21,0.79,0.8,0.01,0.01,72892.06
1775905914.144,114.144,0.19,0.21,0.79,0.8,0.02,0.01,72892.06
1775905914.621,114.621,0.19,0.2,0.8,0.81,0.01,0.01,72892.06
1775905914.989,114.989,0.21,0.23,0.78,0.81,0.02,0.03,72891.84
1775905915.339,115.339,0.21,0.22,0.78,0.79,0.01,0.01,72891.84
1775905915.848,115.848,0.21,0.22,0.78,0.79,0.01,0.01,72891.84
1775905916.238,116.238,0.22,0.23,0.77,0.78,0.01,0.01,72891.85
1775905916.838,116.838,0.22,0.23,0.77,0.78,0.01,0.01,72889.64
1775905918.111,118.111,0.21,0.22,0.77,0.79,0.01,0.02,72892.11
1775905918.837,118.837,0.21,0.22,0.78,0.79,0.01,0.01,72892.11
1775905919.205,119.205,0.21,0.22,0.78,0.79,0.01,0.01,72892.11
1775905919.632,119.632,0.21,0.22,0.78,0.79,0.01,0.01,72892.11
1775905920.24,120.24,0.21,0.22,0.78,0.79,0.01,0.01,72892.11
1775905920.769,120.769,0.2,0.21,0.78,0.79,0.01,0.01,72891.83
1775905921.218,121.218,0.2,0.21,0.79,0.8,0.01,0.01,72891.83
1775905921.618,121.618,0.2,0.21,0.79,0.8,0.01,0.01,72891.83
1775905922.098,122.098,0.2,0.21,0.79,0.8,0.01,0.01,72891.84
1775905922.492,122.492,0.2,0.21,0.79,0.8,0.01,0.01,72891.84
1775905923.086,123.086,0.2,0.21,0.79,0.8,0.01,0.01,72891.84
1775905923.506,123.506,0.19,0.21,0.79,0.8,0.02,0.01,72891.84
1775905923.997,123.997,0.18,0.2,0.8,0.81,0.02,0.01,72891.8
1775905924.362,124.362,0.19,0.2,0.8,0.82,0.01,0.02,72891.81
1775905925.066,125.066,0.18,0.19,0.8,0.81,0.01,0.01,72891.81
1775905925.541,125.541,0.18,0.2,0.8,0.82,0.02,0.02,72892.1
1775905925.987,125.987,0.18,0.19,0.81,0.82,0.01,0.01,72892.1
1775905926.407,126.407,0.18,0.19,0.81,0.82,0.01,0.01,72892.1
1775905926.863,126.863,0.18,0.19,0.81,0.82,0.01,0.01,72892.1
1775905927.373,127.373,0.19,0.2,0.81,0.82,0.01,0.01,72892.1
1775905927.926,127.926,0.19,0.2,0.8,0.81,0.01,0.01,72891.89
1775905928.396,128.396,0.19,0.2,0.8,0.81,0.01,0.01,72891.89
1775905928.889,128.889,0.19,0.2,0.8,0.81,0.01,0.01,72891.89
1775905929.346,129.346,0.19,0.2,0.8,0.81,0.01,0.01,72891.63
1775905929.718,129.718,0.18,0.19,0.8,0.82,0.01,0.02,72891.63
1775905930.07,130.07,0.18,0.19,0.81,0.82,0.01,0.01,72891.63
1775905930.67,130.67,0.18,0.19,0.81,0.82,0.01,0.01,72891.63
1775905931.535,131.535,0.18,0.19,0.81,0.82,0.01,0.01,72891.95
1775905931.996,131.996,0.18,0.19,0.81,0.82,0.01,0.01,72891.95
1775905932.957,132.957,0.18,0.2,0.81,0.82,0.02,0.01,72891.95
1775905933.29,133.29,0.2,0.21,0.79,0.8,0.01,0.01,72891.95
1775905933.628,133.628,0.2,0.21,0.79,0.8,0.01,0.01,72891.95
1775905934.47,134.47,0.2,0.21,0.79,0.8,0.01,0.01,72892.22
1775905934.874,134.874,0.2,0.21,0.79,0.8,0.01,0.01,72892.22
1775905935.756,135.756,0.2,0.21,0.79,0.8,0.01,0.01,72892.21
1775905936.225,136.225,0.18,0.19,0.81,0.82,0.01,0.01,72892.21
1775905936.987,136.987,0.19,0.2,0.8,0.81,0.01,0.01,72891.94
1775905937.441,137.441,0.18,0.19,0.8,0.81,0.01,0.01,72891.94
1775905937.85,137.85,0.18,0.19,0.81,0.82,0.01,0.01,72891.94
1775905938.382,138.382,0.17,0.18,0.81,0.84,0.01,0.03,72891.89
1775905938.825,138.825,0.17,0.18,0.82,0.83,0.01,0.01,72891.89
1775905939.23,139.23,0.17,0.18,0.82,0.83,0.01,0.01,72892.12
1775905940.782,140.782,0.17,0.18,0.82,0.83,0.01,0.01,72892.12
1775905941.185,141.185,0.17,0.99,0.82,0.83,0.82,0.01,72892.29
1775905941.558,141.558,0.23,0.24,0.75,0.77,0.01,0.02,72892.29
1775905941.99,141.99,0.22,0.23,0.77,0.78,0.01,0.01,72892.29
1775905942.34,142.34,0.22,0.23,0.77,0.78,0.01,0.01,72892.29
1775905942.749,142.749,0.21,0.22,0.78,0.79,0.01,0.01,72892.29
1775905943.129,143.129,0.19,0.2,0.8,0.81,0.01,0.01,72892.29
1775905943.64,143.64,0.19,0.2,0.79,0.81,0.01,0.02,72892.29
1775905944.346,144.346,0.19,0.2,0.8,0.81,0.01,0.01,72892.56
1775905944.687,144.687,0.19,0.2,0.8,0.81,0.01,0.01,72892.56
1775905945.067,145.067,0.19,0.2,0.8,0.81,0.01,0.01,72892.56
1775905945.656,145.656,0.18,0.19,0.81,0.82,0.01,0.01,72892.3
1775905946.355,146.355,0.18,0.19,0.81,0.82,0.01,0.01,72892.3
1775905947.286,147.286,0.18,0.19,0.81,0.82,0.01,0.01,72892.49
1775905947.626,147.626,0.18,0.19,0.81,0.82,0.01,0.01,72892.49
1775905948.271,148.271,0.18,0.99,0.8,0.81,0.81,0.01,72892.75
1775905948.697,148.697,0.22,0.23,0.74,0.81,0.01,0.07,72892.75
1775905949.065,149.065,0.26,0.28,0.72,0.73,0.02,0.01,72892.75
1775905949.764,149.764,0.24,0.25,0.75,0.76,0.01,0.01,72892.76
1775905950.1,150.1,0.24,0.25,0.75,0.76,0.01,0.01,72892.76
1775905950.529,150.529,0.25,0.26,0.74,0.75,0.01,0.01,72892.76
1775905951.099,151.099,0.24,0.25,0.75,0.76,0.01,0.01,72892.76
1775905951.521,151.521,0.24,0.25,0.75,0.76,0.01,0.01,72892.65
1775905951.868,151.868,0.23,0.24,0.76,0.77,0.01,0.01,72892.65
1775905952.29,152.29,0.22,0.24,0.76,0.77,0.02,0.01,72893.06
1775905953.299,153.299,0.22,0.23,0.76,0.78,0.01,0.02,72893.19
1775905953.64,153.64,0.21,0.22,0.78,0.79,0.01,0.01,72893.19
1775905953.976,153.976,0.21,0.23,0.78,0.79,0.02,0.01,72893.19
1775905954.478,154.478,0.21,0.22,0.77,0.79,0.01,0.02,72894.54
1775905954.832,154.832,0.21,0.22,0.78,0.79,0.01,0.01,72894.54
1775905955.495,155.495,0.21,0.22,0.77,0.79,0.01,0.02,72894.44
1775905955.95,155.95,0.21,0.22,0.78,0.79,0.01,0.01,72894.44
1775905956.553,156.553,0.21,0.23,0.78,0.79,0.02,0.01,72894.31
1775905957.01,157.01,0.22,0.23,0.77,0.78,0.01,0.01,72894.44
1775905958.252,158.252,0.21,0.23,0.77,0.78,0.02,0.01,72894.31
1775905958.822,158.822,0.21,0.99,0.78,0.79,0.78,0.01,72894.31
1775905959.219,159.219,0.23,0.24,0.76,0.77,0.01,0.01,72894.6
1775905959.569,159.569,0.24,0.25,0.75,0.76,0.01,0.01,72894.6
1775905960.028,160.028,0.24,0.25,0.75,0.76,0.01,0.01,72894.6
1775905960.661,160.661,0.24,0.25,0.75,0.76,0.01,0.01,72894.37
1775905961.121,161.121,0.24,0.25,0.75,0.76,0.01,0.01,72894.37
1775905962.065,162.065,0.24,0.26,0.75,0.76,0.02,0.01,72894.5
1775905962.851,162.851,0.25,0.26,0.74,0.75,0.01,0.01,72894.5
1775905963.499,163.499,0.24,0.25,0.75,0.76,0.01,0.01,72894.46
1775905964.105,164.105,0.16,0.25,0.75,0.76,0.09,0.01,72894.46
1775905964.48,164.48,0.21,0.22,0.75,0.84,0.01,0.09,72894.46
1775905964.836,164.836,0.21,0.23,0.78,0.79,0.02,0.01,72894.46
1775905965.582,165.582,0.21,0.22,0.78,0.79,0.01,0.01,72894.46
1775905965.922,165.922,0.21,0.22,0.78,0.79,0.01,0.01,72894.46
1775905966.28,166.28,0.21,0.22,0.78,0.79,0.01,0.01,72894.46
1775905966.768,166.768,0.21,0.22,0.78,0.79,0.01,0.01,72894.46
1775905967.421,167.421,0.21,0.22,0.78,0.79,0.01,0.01,72894.33
1775905968.384,168.384,0.21,0.22,0.78,0.79,0.01,0.01,72894.36
1775905968.755,168.755,0.2,0.21,0.79,0.8,0.01,0.01,72894.36
1775905969.458,169.458,0.2,0.21,0.79,0.8,0.01,0.01,72894.36
1775905969.846,169.846,0.2,0.21,0.79,0.8,0.01,0.01,72895.12
1775905970.377,170.377,0.2,0.21,0.79,0.8,0.01,0.01,72895.12
1775905970.817,170.817,0.19,0.2,0.79,0.8,0.01,0.01,72895.12
1775905971.714,171.714,0.19,0.2,0.8,0.81,0.01,0.01,72895.32
1775905972.375,172.375,0.21,0.23,0.77,0.79,0.02,0.02,72895.32
1775905973.088,173.088,0.21,0.22,0.77,0.79,0.01,0.02,72894.85
1775905973.918,173.918,0.2,0.21,0.78,0.79,0.01,0.01,72894.85
1775905974.361,174.361,0.21,0.22,0.78,0.79,0.01,0.01,72895.38
1775905974.847,174.847,0.21,0.22,0.78,0.79,0.01,0.01,72895.38
1775905975.343,175.343,0.21,0.22,0.78,0.79,0.01,0.01,72895.38
1775905975.955,175.955,0.2,0.21,0.79,0.8,0.01,0.01,72895.99
1775905976.357,176.357,0.2,0.21,0.79,0.8,0.01,0.01,72895.99
1775905976.898,176.898,0.2,0.21,0.79,0.8,0.01,0.01,72895.99
1775905978.54,178.54,0.2,0.21,0.79,0.8,0.01,0.01,72895.61
1775905979.174,179.174,0.2,0.21,0.79,0.8,0.01,0.01,72895.62
1775905979.746,179.746,0.2,0.21,0.79,0.8,0.01,0.01,72895.62
1775905980.257,180.257,0.2,0.21,0.79,0.8,0.01,0.01,72895.62
1775905980.677,180.677,0.19,0.2,0.8,0.81,0.01,0.01,72895.69
1775905981.157,181.157,0.18,0.19,0.81,0.82,0.01,0.01,72895.69
1775905981.511,181.511,0.17,0.19,0.82,0.83,0.02,0.01,72895.69
1775905981.924,181.924,0.18,0.19,0.81,0.82,0.01,0.01,72895.69
1775905982.258,182.258,0.19,0.2,0.8,0.81,0.01,0.01,72895.69
1775905982.676,182.676,0.19,0.2,0.8,0.81,0.01,0.01,72895.22
1775905983.165,183.165,0.17,0.18,0.81,0.82,0.01,0.01,72895.22
1775905983.651,183.651,0.17,0.18,0.82,0.83,0.01,0.01,72895.22
1775905984.123,184.123,0.17,0.18,0.82,0.83,0.01,0.01,72895.22
1775905984.585,184.585,0.17,0.18,0.82,0.83,0.01,0.01,72895.22
1775905984.922,184.922,0.17,0.18,0.82,0.83,0.01,0.01,72895.23
1775905985.467,185.467,0.16,0.18,0.82,0.83,0.02,0.01,72895.23
1775905985.904,185.904,0.17,0.18,0.82,0.84,0.01,0.02,72895.23
1775905986.634,186.634,0.17,0.18,0.82,0.83,0.01,0.01,72895.24
1775905987.21,187.21,0.16,0.17,0.83,0.84,0.01,0.01,72895.56
1775905987.577,187.577,0.17,0.18,0.82,0.84,0.01,0.02,72895.56
1775905987.951,187.951,0.16,0.19,0.83,0.84,0.03,0.01,72895.56
1775905988.386,188.386,0.17,0.19,0.82,0.83,0.02,0.01,72895.56
1775905988.765,188.765,0.18,0.19,0.81,0.82,0.01,0.01,72895.25
1775905989.111,189.111,0.17,0.19,0.82,0.83,0.02,0.01,72894.81
1775905989.909,189.909,0.18,0.19,0.81,0.83,0.01,0.02,72894.81
1775905990.586,190.586,0.18,0.19,0.81,0.82,0.01,0.01,72894.9
1775905991.346,191.346,0.18,0.19,0.81,0.82,0.01,0.01,72894.94
1775905992.541,192.541,0.16,0.17,0.81,0.84,0.01,0.03,72895.08
1775905992.913,192.913,0.16,0.17,0.83,0.84,0.01,0.01,72895.08
1775905993.396,193.396,0.16,0.17,0.83,0.84,0.01,0.01,72895.08
1775905993.931,193.931,0.16,0.17,0.83,0.84,0.01,0.01,72895.08
1775905994.268,194.268,0.16,0.17,0.83,0.84,0.01,0.01,72895.36
1775905995.288,195.288,0.16,0.18,0.83,0.84,0.02,0.01,72895.36
1775905995.688,195.688,0.18,0.19,0.81,0.83,0.01,0.02,72894.2
1775905996.303,196.303,0.17,0.18,0.81,0.83,0.01,0.02,72894.96
1775905996.663,196.663,0.17,0.18,0.82,0.83,0.01,0.01,72894.96
1775905997.484,197.484,0.17,0.18,0.82,0.83,0.01,0.01,72894.96
1775905997.872,197.872,0.17,0.18,0.82,0.83,0.01,0.01,72895.06
1775905998.475,198.475,0.17,0.18,0.82,0.83,0.01,0.01,72895.26
1775905999.582,199.582,0.17,0.18,0.82,0.83,0.01,0.01,72895.26
1775905999.951,199.951,0.17,0.18,0.82,0.83,0.01,0.01,72895.26
1775906000.381,200.381,0.17,0.18,0.82,0.83,0.01,0.01,72895.26
1775906000.808,200.808,0.16,0.18,0.82,0.83,0.02,0.01,72895.07
1775906002.699,202.699,0.16,0.17,0.82,0.84,0.01,0.02,72895.1
1775906003.66,203.66,0.17,0.19,0.82,0.83,0.02,0.01,72895.1
1775906004.993,204.993,0.16,0.17,0.82,0.83,0.01,0.01,72895.09
1775906005.556,205.556,0.15,0.16,0.83,0.84,0.01,0.01,72895.08
1775906005.893,205.893,0.15,0.16,0.84,0.85,0.01,0.01,72895.08
1775906006.385,206.385,0.15,0.16,0.84,0.85,0.01,0.01,72895.07
1775906006.957,206.957,0.15,0.16,0.84,0.85,0.01,0.01,72895.07
1775906007.296,207.296,0.15,0.16,0.84,0.85,0.01,0.01,72895.4
1775906007.631,207.631,0.15,0.16,0.84,0.85,0.01,0.01,72895.4
1775906008.055,208.055,0.15,0.16,0.84,0.85,0.01,0.01,72895.4
1775906008.579,208.579,0.15,0.16,0.84,0.85,0.01,0.01,72895.47
1775906009.172,209.172,0.15,0.16,0.84,0.85,0.01,0.01,72895.23
1775906009.558,209.558,0.15,0.16,0.84,0.85,0.01,0.01,72895.23
1775906010.136,210.136,0.15,0.16,0.84,0.85,0.01,0.01,72895.13
1775906010.625,210.625,0.14,0.16,0.84,0.85,0.02,0.01,72895.13
1775906011.126,211.126,0.14,0.15,0.84,0.86,0.01,0.02,72895.38
1775906011.527,211.527,0.12,0.14,0.86,0.87,0.02,0.01,72895.38
1775906011.915,211.915,0.12,0.13,0.86,0.88,0.01,0.02,72895.38
1775906012.261,212.261,0.08,0.09,0.91,0.92,0.01,0.01,72895.4
1775906012.671,212.671,0.07,0.08,0.92,0.93,0.01,0.01,72895.4
1775906013.027,213.027,0.07,0.08,0.92,0.93,0.01,0.01,72895.4
1775906013.437,213.437,0.07,0.08,0.92,0.93,0.01,0.01,72895.12
1775906013.876,213.876,0.08,0.09,0.91,0.92,0.01,0.01,72895.12
1775906014.223,214.223,0.08,0.09,0.91,0.92,0.01,0.01,72895.12
1775906014.557,214.557,0.08,0.09,0.91,0.92,0.01,0.01,72893.29
1775906014.95,214.95,0.08,0.09,0.91,0.92,0.01,0.01,72893.29
1775906015.416,215.416,0.07,0.08,0.91,0.93,0.01,0.02,72893.29
1775906015.774,215.774,0.07,0.09,0.92,0.93,0.02,0.01,72891.78
1775906016.125,216.125,0.07,0.08,0.92,0.93,0.01,0.01,72891.78
1775906016.462,216.462,0.08,0.09,0.91,0.92,0.01,0.01,72891.63
1775906016.942,216.942,0.08,0.09,0.91,0.92,0.01,0.01,72891.63
1775906017.305,217.305,0.07,0.09,0.92,0.93,0.02,0.01,72891.21
1775906017.737,217.737,0.07,0.08,0.91,0.93,0.01,0.02,72891.21
1775906018.25,218.25,0.07,0.08,0.92,0.94,0.01,0.02,72891.21
1775906018.591,218.591,0.07,0.08,0.92,0.93,0.01,0.01,72891.25
1775906018.924,218.924,0.07,0.08,0.93,0.94,0.01,0.01,72891.25
1775906019.258,219.258,0.06,0.08,0.91,0.94,0.02,0.03,72891.25
1775906019.596,219.596,0.07,0.09,0.92,0.93,0.02,0.01,72891.25
1775906020.095,220.095,0.07,0.08,0.91,0.93,0.01,0.02,72891.25
1775906020.447,220.447,0.08,0.09,0.91,0.92,0.01,0.01,72891.25
1775906020.92,220.92,0.08,0.09,0.91,0.92,0.01,0.01,72891.23
1775906021.403,221.403,0.07,0.09,0.91,0.92,0.02,0.01,72891.23
1775906021.914,221.914,0.07,0.08,0.92,0.93,0.01,0.01,72891.23
1775906022.25,222.25,0.07,0.08,0.92,0.93,0.01,0.01,72891.23
1775906022.632,222.632,0.06,0.07,0.92,0.94,0.01,0.02,72891.22
1775906023.012,223.012,0.06,0.07,0.93,0.94,0.01,0.01,72891.22
1775906023.777,223.777,0.06,0.07,0.93,0.94,0.01,0.01,72891.22
1775906024.333,224.333,0.06,0.07,0.93,0.94,0.01,0.01,72891.22
1775906024.798,224.798,0.06,0.07,0.93,0.94,0.01,0.01,72891.23
1775906025.222,225.222,0.08,0.1,0.91,0.92,0.02,0.01,72891.23
1775906025.741,225.741,0.09,0.1,0.9,0.91,0.01,0.01,72891.47
1775906026.077,226.077,0.09,0.1,0.9,0.91,0.01,0.01,72891.47
1775906026.541,226.541,0.09,0.1,0.9,0.91,0.01,0.01,72891.38
1775906027.024,227.024,0.09,0.1,0.9,0.91,0.01,0.01,72891.38
1775906027.717,227.717,0.09,0.1,0.9,0.91,0.01,0.01,72891.27
1775906028.183,228.183,0.09,0.1,0.9,0.91,0.01,0.01,72891.27
1775906028.826,228.826,0.09,0.1,0.9,0.91,0.01,0.01,72891.27
1775906029.708,229.708,0.08,0.1,0.9,0.91,0.02,0.01,72891.45
1775906030.109,230.109,0.09,0.1,0.9,0.91,0.01,0.01,72891.45
1775906030.476,230.476,0.09,0.1,0.9,0.91,0.01,0.01,72891.45
1775906031.236,231.236,0.09,0.1,0.9,0.91,0.01,0.01,72891.63
1775906031.761,231.761,0.08,0.09,0.9,0.92,0.01,0.02,72891.63
1775906032.095,232.095,0.08,0.09,0.91,0.92,0.01,0.01,72891.63
1775906032.615,232.615,0.08,0.09,0.91,0.92,0.01,0.01,72891.92
1775906033.056,233.056,0.1,0.11,0.91,0.92,0.01,0.01,72891.92
1775906033.508,233.508,0.11,0.12,0.88,0.89,0.01,0.01,72891.93
1775906033.943,233.943,0.11,0.12,0.88,0.89,0.01,0.01,72891.93
1775906034.283,234.283,0.11,0.12,0.88,0.89,0.01,0.01,72891.93
1775906034.814,234.814,0.11,0.12,0.88,0.89,0.01,0.01,72891.99
1775906035.164,235.164,0.1,0.12,0.88,0.89,0.02,0.01,72891.99
1775906035.502,235.502,0.11,0.12,0.88,0.89,0.01,0.01,72892.01
1775906035.941,235.941,0.11,0.12,0.88,0.89,0.01,0.01,72892.01
1775906036.4,236.4,0.1,0.12,0.89,0.9,0.02,0.01,72892.48
1775906036.918,236.918,0.11,0.12,0.87,0.88,0.01,0.01,72892.48
1775906037.287,237.287,0.1,0.11,0.89,0.9,0.01,0.01,72892.48
1775906037.764,237.764,0.1,0.11,0.89,0.9,0.01,0.01,72893.23
1775906038.1,238.1,0.13,0.14,0.86,0.87,0.01,0.01,72893.23
1775906038.441,238.441,0.13,0.14,0.86,0.87,0.01,0.01,72893.23
1775906038.891,238.891,0.12,0.13,0.87,0.88,0.01,0.01,72893.23
1775906039.287,239.287,0.09,0.1,0.9,0.91,0.01,0.01,72893.27
1775906039.656,239.656,0.09,0.1,0.9,0.91,0.01,0.01,72893.27
1775906040.008,240.008,0.08,0.09,0.91,0.92,0.01,0.01,72893.27
1775906040.346,240.346,0.07,0.08,0.92,0.93,0.01,0.01,72895.11
1775906040.834,240.834,0.07,0.08,0.92,0.93,0.01,0.01,72895.11
1775906041.17,241.17,0.09,0.1,0.9,0.91,0.01,0.01,72895.11
1775906041.569,241.569,0.08,0.09,0.91,0.92,0.01,0.01,72897.92
1775906042.003,242.003,0.08,0.09,0.91,0.92,0.01,0.01,72897.92
1775906042.349,242.349,0.07,0.08,0.91,0.92,0.01,0.01,72896.4
1775906043.043,243.043,0.07,0.08,0.92,0.93,0.01,0.01,72896.4
1775906043.535,243.535,0.07,0.08,0.92,0.93,0.01,0.01,72896.39
1775906044.05,244.05,0.07,0.08,0.92,0.93,0.01,0.01,72896.39
1775906044.48,244.48,0.07,0.08,0.92,0.93,0.01,0.01,72896.55
1775906044.928,244.928,0.07,0.08,0.92,0.93,0.01,0.01,72896.55
1775906045.356,245.356,0.07,0.08,0.92,0.93,0.01,0.01,72896.57
1775906045.697,245.697,0.07,0.08,0.92,0.93,0.01,0.01,72896.57
1775906046.298,246.298,0.07,0.08,0.92,0.94,0.01,0.02,72896.57
1775906046.75,246.75,0.07,0.08,0.92,0.93,0.01,0.01,72896.57
1775906047.296,247.296,0.06,0.07,0.92,0.93,0.01,0.01,72896.57
1775906047.897,247.897,0.07,0.08,0.93,0.94,0.01,0.01,72896.79
1775906048.791,248.791,0.07,0.08,0.92,0.93,0.01,0.01,72896.79
1775906049.187,249.187,0.06,0.08,0.92,0.93,0.02,0.01,72896.76
1775906049.581,249.581,0.07,0.08,0.93,0.94,0.01,0.01,72896.76
1775906050.047,250.047,0.07,0.08,0.92,0.93,0.01,0.01,72896.76
1775906050.389,250.389,0.07,0.08,0.92,0.93,0.01,0.01,72896.8
1775906051.116,251.116,0.06,0.07,0.92,0.93,0.01,0.01,72896.8
1775906052.338,252.338,0.06,0.07,0.93,0.94,0.01,0.01,72896.76
1775906052.823,252.823,0.06,0.07,0.93,0.94,0.01,0.01,72896.76
1775906053.354,253.354,0.06,0.07,0.93,0.94,0.01,0.01,72896.77
1775906053.774,253.774,0.05,0.06,0.94,0.95,0.01,0.01,72896.77
1775906054.455,254.455,0.05,0.06,0.94,0.95,0.01,0.01,72896.77
1775906054.79,254.79,0.05,0.07,0.93,0.95,0.02,0.02,72896.77
1775906055.228,255.228,0.05,0.06,0.94,0.95,0.01,0.01,72896.59
1775906055.619,255.619,0.05,0.06,0.94,0.95,0.01,0.01,72896.59
1775906056.019,256.019,0.05,0.06,0.94,0.95,0.01,0.01,72896.59
1775906056.409,256.409,0.05,0.06,0.94,0.95,0.01,0.01,72896.59
1775906056.853,256.853,0.06,0.07,0.93,0.95,0.01,0.02,72896.59
1775906057.251,257.251,0.05,0.06,0.94,0.95,0.01,0.01,72896.59
1775906057.634,257.634,0.05,0.07,0.93,0.95,0.02,0.02,72896.59
1775906058.139,258.139,0.05,0.06,0.93,0.95,0.01,0.02,72896.59
1775906058.484,258.484,0.05,0.06,0.94,0.95,0.01,0.01,72896.59
1775906058.954,258.954,0.05,0.06,0.94,0.95,0.01,0.01,72896.92
1775906059.551,259.551,0.05,0.06,0.94,0.95,0.01,0.01,72896.63
1775906059.952,259.952,0.05,0.06,0.94,0.95,0.01,0.01,72896.63
1775906060.303,260.303,0.05,0.06,0.94,0.95,0.01,0.01,72896.63
1775906060.678,260.678,0.05,0.06,0.94,0.95,0.01,0.01,72896.63
1775906061.035,261.035,0.06,0.07,0.93,0.94,0.01,0.01,72896.63
1775906061.681,261.681,0.06,0.07,0.93,0.94,0.01,0.01,72896.59
1775906062.255,262.255,0.06,0.07,0.93,0.94,0.01,0.01,72896.93
1775906062.626,262.626,0.06,0.07,0.93,0.94,0.01,0.01,72896.93
1775906063.336,263.336,0.06,0.07,0.93,0.94,0.01,0.01,72896.93
1775906063.883,263.883,0.06,0.07,0.93,0.94,0.01,0.01,72896.93
1775906064.227,264.227,0.06,0.07,0.93,0.94,0.01,0.01,72896.61
1775906064.689,264.689,0.06,0.07,0.93,0.94,0.01,0.01,72896.61
1775906065.121,265.121,0.06,0.07,0.93,0.94,0.01,0.01,72896.61
1775906065.749,265.749,0.06,0.07,0.93,0.94,0.01,0.01,72896.61
1775906066.109,266.109,0.06,0.07,0.93,0.94,0.01,0.01,72896.61
1775906066.474,266.474,0.06,0.07,0.93,0.94,0.01,0.01,72896.6
1775906066.831,266.831,0.06,0.07,0.93,0.94,0.01,0.01,72896.6
1775906067.167,267.167,0.05,0.06,0.94,0.95,0.01,0.01,72896.6
1775906067.646,267.646,0.05,0.06,0.94,0.95,0.01,0.01,72896.6
1775906068.161,268.161,0.05,0.06,0.94,0.95,0.01,0.01,72896.6
1775906068.808,268.808,0.05,0.06,0.94,0.95,0.01,0.01,72896.95
1775906069.339,269.339,0.05,0.06,0.94,0.95,0.01,0.01,72896.63
1775906069.84,269.84,0.05,0.06,0.94,0.95,0.01,0.01,72896.63
1775906070.222,270.222,0.05,0.06,0.94,0.95,0.01,0.01,72896.63
1775906070.662,270.662,0.05,0.06,0.94,0.95,0.01,0.01,72896.63
1775906071.536,271.536,0.05,0.06,0.94,0.95,0.01,0.01,72896.62
1775906072.096,272.096,0.05,0.06,0.94,0.95,0.01,0.01,72896.62
1775906072.501,272.501,0.05,0.06,0.94,0.95,0.01,0.01,72896.63
1775906072.835,272.835,0.05,0.06,0.94,0.95,0.01,0.01,72896.63
1775906073.468,273.468,0.05,0.06,0.94,0.95,0.01,0.01,72896.88
1775906073.825,273.825,0.05,0.06,0.94,0.95,0.01,0.01,72896.88
1775906074.241,274.241,0.05,0.06,0.94,0.95,0.01,0.01,72896.88
1775906074.747,274.747,0.05,0.06,0.94,0.95,0.01,0.01,72896.88
1775906075.239,275.239,0.05,0.06,0.94,0.95,0.01,0.01,72896.63
1775906075.675,275.675,0.05,0.06,0.94,0.95,0.01,0.01,72896.63
1775906076.129,276.129,0.05,0.06,0.94,0.95,0.01,0.01,72896.63
1775906076.471,276.471,0.04,0.06,0.94,0.95,0.02,0.01,72896.74
1775906076.845,276.845,0.05,0.06,0.95,0.96,0.01,0.01,72896.74
1775906077.497,277.497,0.05,0.06,0.94,0.95,0.01,0.01,72896.74
1775906077.907,277.907,0.05,0.06,0.94,0.96,0.01,0.02,72896.74
1775906078.444,278.444,0.04,0.05,0.95,0.96,0.01,0.01,72896.74
1775906078.779,278.779,0.04,0.05,0.95,0.96,0.01,0.01,72896.74
1775906079.174,279.174,0.04,0.05,0.95,0.96,0.01,0.01,72896.71
1775906079.509,279.509,0.05,0.06,0.94,0.95,0.01,0.01,72896.71
1775906079.845,279.845,0.04,0.05,0.94,0.97,0.01,0.03,72896.71
1775906080.217,280.217,0.03,0.04,0.95,0.97,0.01,0.02,72896.68
1775906080.573,280.573,0.03,0.04,0.96,0.97,0.01,0.01,72896.68
1775906080.929,280.929,0.03,0.04,0.96,0.97,0.01,0.01,72896.68
1775906081.303,281.303,0.03,0.05,0.96,0.97,0.02,0.01,72896.76
1775906081.66,281.66,0.01,0.04,0.95,0.98,0.03,0.03,72896.76
1775906082.011,282.011,0.02,0.03,0.97,0.98,0.01,0.01,72896.76
1775906082.411,282.411,0.02,0.03,0.96,0.98,0.01,0.02,72896.7
1775906082.764,282.764,0.01,0.02,0.98,0.99,0.01,0.01,72896.7
1775906083.198,283.198,0.01,0.02,0.98,0.99,0.01,0.01,72896.7
1775906083.684,283.684,0.01,0.02,0.98,0.99,0.01,0.01,72896.7
1775906084.143,284.143,0.01,0.02,0.98,0.99,0.01,0.01,72896.7
1775906084.764,284.764,0.01,0.02,0.98,0.99,0.01,0.01,72896.78
1775906085.483,285.483,0.01,0.02,0.98,0.99,0.01,0.01,72896.93
1775906085.846,285.846,0.01,0.02,0.98,0.99,0.01,0.01,72896.93
1775906086.577,286.577,0.01,0.02,0.98,0.99,0.01,0.01,72896.6
1775906087.128,287.128,0.01,0.02,0.98,0.99,0.01,0.01,72896.6
1775906087.883,287.883,0.01,0.02,0.98,0.99,0.01,0.01,72896.6
1775906088.217,288.217,0.01,0.02,0.98,0.99,0.01,0.01,72896.6
1775906088.704,288.704,0.01,0.02,0.98,0.99,0.01,0.01,72896.7
1775906089.307,289.307,0.01,0.02,0.97,0.99,0.01,0.02,72896.6
1775906089.738,289.738,0.01,0.02,0.98,0.99,0.01,0.01,72896.6
1775906090.177,290.177,0.01,0.02,0.98,0.99,0.01,0.01,72896.6
1775906090.589,290.589,0.01,0.02,0.98,0.99,0.01,0.01,72896.74
1775906091.076,291.076,0.01,0.02,0.98,0.99,0.01,0.01,72896.74
1775906091.594,291.594,0.01,0.02,0.98,0.99,0.01,0.01,72896.68
1775906091.928,291.928,0.01,0.02,0.98,0.99,0.01,0.01,72896.69
1775906092.304,292.304,0.01,0.02,0.98,0.99,0.01,0.01,72896.69
1775906092.833,292.833,0.01,0.02,0.98,0.99,0.01,0.01,72896.69
1775906093.273,293.273,0.01,0.02,0.98,0.99,0.01,0.01,72896.69
1775906093.641,293.641,0.01,0.02,0.98,0.99,0.01,0.01,72896.69
1775906094.109,294.109,0.01,0.02,0.98,0.99,0.01,0.01,72896.69
1775906094.869,294.869,0.01,0.02,0.98,0.99,0.01,0.01,72896.69
1775906095.232,295.232,0.01,0.02,0.98,0.99,0.01,0.01,72896.69
1775906095.581,295.581,0.01,0.02,0.98,0.99,0.01,0.01,72896.69
1775906095.955,295.955,0.01,0.02,0.98,0.99,0.01,0.01,72896.69
1775906096.401,296.401,0.01,0.02,0.98,0.99,0.01,0.01,72896.69
1775906096.752,296.752,0.01,0.02,0.98,0.99,0.01,0.01,72896.9
1775906097.217,297.217,0.01,0.02,0.98,0.99,0.01,0.01,72896.96
1775906097.55,297.55,0.01,0.02,0.98,0.99,0.01,0.01,72896.96
1775906097.887,297.887,0.01,0.02,0.98,0.99,0.01,0.01,72896.96
1775906098.222,298.222,0.01,0.02,0.98,0.99,0.01,0.01,72897.34
1775906098.593,298.593,0.01,0.01,0.99,0.99,0.0,0.0,72897.34
1775906098.94,298.94,0.01,0.01,0.99,0.99,0.0,0.0,72897.34
1775906099.429,299.429,0.01,0.01,0.99,0.99,0.0,0.0,72897.33
1775906100.517,300.517,0.01,0.01,0.99,0.99,0.0,0.0,72897.07
