timestamp,elapsed_sec,up_bid,up_ask,down_bid,down_ask,up_spread,down_spread,btc_price,btc_oracle_ts
1776076500.518,0.518,0.48,0.49,0.5,0.51,0.01,0.01,70752.29,1776076499000
1776076500.987,0.987,0.5,0.51,0.49,0.51,0.01,0.02,70752.29,1776076499000
1776076501.321,1.321,0.49,0.5,0.5,0.51,0.01,0.01,70752.31,1776076500000
1776076501.781,1.781,0.51,0.52,0.5,0.51,0.01,0.01,70752.31,1776076500000
1776076502.371,2.371,0.51,0.52,0.48,0.49,0.01,0.01,70752.31,1776076500000
1776076502.705,2.705,0.51,0.52,0.48,0.49,0.01,0.01,70752.53,1776076501000
1776076503.041,3.041,0.51,0.52,0.48,0.49,0.01,0.01,70754.51,1776076502000
1776076503.47,3.47,0.51,0.52,0.48,0.49,0.01,0.01,70754.51,1776076502000
1776076503.856,3.856,0.51,0.52,0.48,0.49,0.01,0.01,70754.51,1776076502000
1776076504.281,4.281,0.51,0.52,0.48,0.49,0.01,0.01,70754.51,1776076502000
1776076504.729,4.729,0.51,0.52,0.48,0.49,0.01,0.01,70752.67,1776076503000
1776076505.658,5.658,0.51,0.52,0.48,0.49,0.01,0.01,70755.37,1776076504000
1776076506.001,6.001,0.51,0.52,0.48,0.49,0.01,0.01,70755.37,1776076504000
1776076506.436,6.436,0.51,0.52,0.48,0.49,0.01,0.01,70757.9,1776076505000
1776076506.965,6.965,0.51,0.52,0.48,0.49,0.01,0.01,70757.9,1776076505000
1776076507.33,7.33,0.5,0.52,0.48,0.49,0.02,0.01,70757.9,1776076505000
1776076507.898,7.898,0.5,0.51,0.48,0.49,0.01,0.01,70755.1,1776076506000
1776076508.318,8.318,0.5,0.51,0.49,0.5,0.01,0.01,70752.99,1776076507000
1776076508.696,8.696,0.51,0.52,0.48,0.5,0.01,0.02,70752.99,1776076507000
1776076509.103,9.103,0.51,0.53,0.47,0.49,0.02,0.02,70752.99,1776076507000
1776076509.842,9.842,0.52,0.53,0.47,0.48,0.01,0.01,70753.1,1776076508000
1776076510.522,10.522,0.52,0.53,0.47,0.48,0.01,0.01,70753.1,1776076509000
1776076510.863,10.863,0.52,0.53,0.47,0.48,0.01,0.01,70753.1,1776076509000
1776076511.247,11.247,0.52,0.53,0.47,0.48,0.01,0.01,70753.1,1776076510000
1776076511.748,11.748,0.52,0.53,0.47,0.48,0.01,0.01,70753.1,1776076510000
1776076512.241,12.241,0.52,0.53,0.47,0.48,0.01,0.01,70753.04,1776076511000
1776076512.984,12.984,0.52,0.53,0.47,0.48,0.01,0.01,70753.04,1776076511000
1776076513.557,13.557,0.51,0.52,0.47,0.49,0.01,0.02,70753.04,1776076511000
1776076513.898,13.898,0.44,0.45,0.55,0.56,0.01,0.01,70753.04,1776076511000
1776076514.232,14.232,0.45,0.47,0.53,0.56,0.02,0.03,70753.04,1776076512000
1776076514.594,14.594,0.45,0.46,0.54,0.55,0.01,0.01,70753.04,1776076513000
1776076515.012,15.012,0.45,0.46,0.54,0.55,0.01,0.01,70753.04,1776076513000
1776076515.451,15.451,0.44,0.45,0.54,0.55,0.01,0.01,70753.04,1776076514000
1776076515.867,15.867,0.44,0.45,0.55,0.56,0.01,0.01,70753.04,1776076514000
1776076516.251,16.251,0.44,0.45,0.55,0.56,0.01,0.01,70750.05,1776076515000
1776076516.587,16.587,0.45,0.46,0.54,0.55,0.01,0.01,70750.05,1776076515000
1776076516.933,16.933,0.45,0.46,0.54,0.55,0.01,0.01,70750.05,1776076515000
1776076517.385,17.385,0.45,0.47,0.53,0.55,0.02,0.02,70748.52,1776076516000
1776076517.927,17.927,0.46,0.47,0.54,0.55,0.01,0.01,70748.52,1776076516000
1776076518.286,18.286,0.45,0.46,0.53,0.54,0.01,0.01,70748.52,1776076516000
1776076518.622,18.622,0.45,0.46,0.54,0.55,0.01,0.01,70748.49,1776076517000
1776076518.963,18.963,0.45,0.46,0.54,0.55,0.01,0.01,70748.49,1776076518000
1776076519.374,19.374,0.45,0.46,0.54,0.55,0.01,0.01,70748.49,1776076518000
1776076520.256,20.256,0.45,0.46,0.54,0.55,0.01,0.01,70748.49,1776076518000
1776076520.78,20.78,0.46,0.47,0.53,0.54,0.01,0.01,70748.5,1776076519000
1776076521.123,21.123,0.43,0.46,0.53,0.54,0.03,0.01,70748.5,1776076519000
1776076521.459,21.459,0.32,0.37,0.65,0.68,0.05,0.03,70748.5,1776076519000
1776076521.799,21.799,0.28,0.32,0.68,0.76,0.04,0.08,70748.46,1776076520000
1776076522.132,22.132,0.3,0.31,0.69,0.7,0.01,0.01,70747.86,1776076521000
1776076522.51,22.51,0.24,0.25,0.75,0.76,0.01,0.01,70747.86,1776076521000
1776076522.859,22.859,0.24,0.25,0.75,0.76,0.01,0.01,70747.86,1776076521000
1776076523.232,23.232,0.24,0.25,0.75,0.76,0.01,0.01,70727.04,1776076522000
1776076523.567,23.567,0.23,0.24,0.76,0.77,0.01,0.01,70727.04,1776076522000
1776076523.948,23.948,0.23,0.24,0.76,0.77,0.01,0.01,70727.04,1776076522000
1776076524.345,24.345,0.23,0.24,0.76,0.77,0.01,0.01,70720.11,1776076523000
1776076524.728,24.728,0.23,0.24,0.76,0.77,0.01,0.01,70720.11,1776076523000
1776076525.09,25.09,0.23,0.24,0.76,0.77,0.01,0.01,70720.11,1776076523000
1776076525.445,25.445,0.23,0.24,0.76,0.77,0.01,0.01,70720.11,1776076523000
1776076526.031,26.031,0.23,0.24,0.76,0.77,0.01,0.01,70716.82,1776076524000
1776076526.364,26.364,0.22,0.23,0.76,0.77,0.01,0.01,70716.82,1776076524000
1776076526.734,26.734,0.22,0.23,0.77,0.78,0.01,0.01,70717.35,1776076525000
1776076527.348,27.348,0.23,0.24,0.76,0.78,0.01,0.02,70717.33,1776076526000
1776076527.693,27.693,0.22,0.23,0.76,0.78,0.01,0.02,70717.33,1776076526000
1776076528.166,28.166,0.22,0.23,0.77,0.78,0.01,0.01,70717.33,1776076526000
1776076528.523,28.523,0.22,0.24,0.76,0.78,0.02,0.02,70717.27,1776076527000
1776076528.897,28.897,0.23,0.24,0.76,0.77,0.01,0.01,70717.45,1776076528000
1776076529.24,29.24,0.23,0.24,0.76,0.77,0.01,0.01,70717.45,1776076528000
1776076529.628,29.628,0.24,0.25,0.75,0.76,0.01,0.01,70717.45,1776076528000
1776076530.038,30.038,0.24,0.25,0.75,0.76,0.01,0.01,70717.45,1776076529000
1776076530.382,30.382,0.24,0.25,0.75,0.76,0.01,0.01,70717.45,1776076529000
1776076530.724,30.724,0.25,0.27,0.73,0.75,0.02,0.02,70717.45,1776076529000
1776076531.066,31.066,0.27,0.28,0.72,0.73,0.01,0.01,70717.23,1776076530000
1776076531.407,31.407,0.27,0.28,0.72,0.73,0.01,0.01,70717.23,1776076530000
1776076531.877,31.877,0.27,0.28,0.72,0.73,0.01,0.01,70717.23,1776076530000
1776076532.237,32.237,0.27,0.28,0.72,0.73,0.01,0.01,70717.23,1776076530000
1776076532.582,32.582,0.27,0.28,0.72,0.73,0.01,0.01,70718.19,1776076531000
1776076533.01,33.01,0.27,0.28,0.72,0.73,0.01,0.01,70718.19,1776076531000
1776076533.373,33.373,0.28,0.29,0.71,0.72,0.01,0.01,70719.91,1776076532000
1776076533.849,33.849,0.26,0.27,0.72,0.74,0.01,0.02,70719.91,1776076532000
1776076534.194,34.194,0.25,0.26,0.74,0.75,0.01,0.01,70719.89,1776076533000
1776076534.576,34.576,0.22,0.23,0.77,0.78,0.01,0.01,70719.89,1776076533000
1776076535.026,35.026,0.21,0.22,0.77,0.79,0.01,0.02,70719.89,1776076533000
1776076535.391,35.391,0.21,0.22,0.78,0.79,0.01,0.01,70719.61,1776076534000
1776076535.745,35.745,0.21,0.22,0.78,0.79,0.01,0.01,70719.61,1776076534000
1776076536.16,36.16,0.21,0.22,0.78,0.79,0.01,0.01,70719.61,1776076534000
1776076536.509,36.509,0.18,0.21,0.79,0.81,0.03,0.02,70717.66,1776076535000
1776076536.868,36.868,0.17,0.19,0.81,0.82,0.02,0.01,70717.66,1776076535000
1776076537.217,37.217,0.16,0.17,0.83,0.84,0.01,0.01,70715.15,1776076536000
1776076537.599,37.599,0.16,0.17,0.83,0.84,0.01,0.01,70715.15,1776076536000
1776076538.032,38.032,0.16,0.17,0.83,0.84,0.01,0.01,70713.88,1776076537000
1776076538.457,38.457,0.15,0.16,0.84,0.85,0.01,0.01,70713.88,1776076537000
1776076538.802,38.802,0.15,0.16,0.84,0.85,0.01,0.01,70713.88,1776076537000
1776076539.143,39.143,0.15,0.16,0.84,0.85,0.01,0.01,70705.97,1776076538000
1776076539.494,39.494,0.15,0.16,0.84,0.85,0.01,0.01,70705.97,1776076538000
1776076539.854,39.854,0.15,0.16,0.84,0.85,0.01,0.01,70705.97,1776076538000
1776076540.32,40.32,0.15,0.16,0.84,0.85,0.01,0.01,70704.54,1776076539000
1776076540.771,40.771,0.15,0.16,0.84,0.85,0.01,0.01,70704.54,1776076539000
1776076541.213,41.213,0.15,0.16,0.84,0.85,0.01,0.01,70704.54,1776076539000
1776076541.582,41.582,0.15,0.16,0.84,0.85,0.01,0.01,70704.05,1776076540000
1776076541.921,41.921,0.15,0.16,0.84,0.85,0.01,0.01,70704.05,1776076540000
1776076542.262,42.262,0.14,0.16,0.84,0.85,0.02,0.01,70704.05,1776076540000
1776076542.598,42.598,0.13,0.14,0.86,0.87,0.01,0.01,70703.97,1776076541000
1776076542.946,42.946,0.1,0.11,0.89,0.9,0.01,0.01,70703.97,1776076541000
1776076543.288,43.288,0.1,0.11,0.89,0.9,0.01,0.01,70703.97,1776076541000
1776076543.651,43.651,0.1,0.11,0.89,0.9,0.01,0.01,70703.97,1776076541000
1776076543.991,43.991,0.1,0.11,0.89,0.9,0.01,0.01,70703.84,1776076542000
1776076544.372,44.372,0.1,0.11,0.89,0.9,0.01,0.01,70700.39,1776076543000
1776076544.745,44.745,0.1,0.11,0.89,0.9,0.01,0.01,70700.39,1776076543000
1776076545.151,45.151,0.1,0.11,0.89,0.9,0.01,0.01,70700.39,1776076543000
1776076545.535,45.535,0.11,0.12,0.88,0.9,0.01,0.02,70695.99,1776076544000
1776076545.943,45.943,0.13,0.14,0.85,0.87,0.01,0.02,70695.99,1776076544000
1776076546.277,46.277,0.13,0.14,0.86,0.87,0.01,0.01,70694.58,1776076545000
1776076546.663,46.663,0.13,0.14,0.86,0.87,0.01,0.01,70694.58,1776076545000
1776076547.035,47.035,0.13,0.14,0.86,0.87,0.01,0.01,70694.58,1776076545000
1776076547.589,47.589,0.13,0.14,0.86,0.88,0.01,0.02,70694.8,1776076546000
1776076547.971,47.971,0.15,0.16,0.84,0.85,0.01,0.01,70694.8,1776076546000
1776076548.304,48.304,0.17,0.18,0.82,0.83,0.01,0.01,70694.8,1776076546000
1776076548.712,48.712,0.17,0.18,0.82,0.83,0.01,0.01,70696.64,1776076547000
1776076549.081,49.081,0.17,0.18,0.82,0.83,0.01,0.01,70696.64,1776076547000
1776076549.461,49.461,0.17,0.18,0.82,0.83,0.01,0.01,70699.81,1776076548000
1776076549.807,49.807,0.17,0.18,0.82,0.83,0.01,0.01,70699.81,1776076548000
1776076550.216,50.216,0.17,0.18,0.82,0.83,0.01,0.01,70701.83,1776076549000
1776076550.55,50.55,0.17,0.18,0.82,0.83,0.01,0.01,70701.83,1776076549000
1776076550.902,50.902,0.17,0.18,0.82,0.83,0.01,0.01,70701.83,1776076549000
1776076551.324,51.324,0.17,0.18,0.82,0.83,0.01,0.01,70702.21,1776076550000
1776076551.66,51.66,0.18,0.19,0.81,0.82,0.01,0.01,70702.21,1776076550000
1776076552.042,52.042,0.2,0.21,0.79,0.8,0.01,0.01,70702.21,1776076550000
1776076552.4,52.4,0.2,0.21,0.79,0.8,0.01,0.01,70701.24,1776076551000
1776076552.778,52.778,0.21,0.22,0.78,0.79,0.01,0.01,70701.24,1776076551000
1776076553.221,53.221,0.21,0.22,0.78,0.79,0.01,0.01,70701.24,1776076551000
1776076553.656,53.656,0.21,0.22,0.78,0.79,0.01,0.01,70704.8,1776076552000
1776076554.117,54.117,0.21,0.22,0.78,0.79,0.01,0.01,70704.8,1776076552000
1776076554.722,54.722,0.21,0.22,0.78,0.79,0.01,0.01,70707.04,1776076553000
1776076555.216,55.216,0.2,0.21,0.78,0.8,0.01,0.02,70707.04,1776076553000
1776076555.639,55.639,0.18,0.19,0.81,0.82,0.01,0.01,70707.88,1776076554000
1776076556.348,56.348,0.18,0.19,0.81,0.82,0.01,0.01,70707.88,1776076554000
1776076556.692,56.692,0.17,0.18,0.82,0.83,0.01,0.01,70707.88,1776076554000
1776076557.233,57.233,0.17,0.18,0.82,0.83,0.01,0.01,70708.0,1776076556000
1776076557.708,57.708,0.16,0.17,0.82,0.84,0.01,0.02,70708.0,1776076556000
1776076558.191,58.191,0.16,0.17,0.83,0.84,0.01,0.01,70708.0,1776076556000
1776076558.686,58.686,0.19,0.2,0.8,0.83,0.01,0.03,70707.19,1776076557000
1776076559.396,59.396,0.2,0.21,0.79,0.8,0.01,0.01,70707.19,1776076557000
1776076559.882,59.882,0.22,0.23,0.78,0.79,0.01,0.01,70707.38,1776076558000
1776076560.352,60.352,0.22,0.23,0.77,0.78,0.01,0.01,70707.97,1776076559000
1776076560.744,60.744,0.2,0.21,0.79,0.8,0.01,0.01,70707.97,1776076559000
1776076561.156,61.156,0.2,0.21,0.79,0.8,0.01,0.01,70708.71,1776076560000
1776076561.675,61.675,0.19,0.2,0.8,0.81,0.01,0.01,70708.71,1776076560000
1776076562.158,62.158,0.19,0.2,0.8,0.81,0.01,0.01,70710.64,1776076561000
1776076562.682,62.682,0.19,0.2,0.8,0.81,0.01,0.01,70710.64,1776076561000
1776076563.121,63.121,0.19,0.2,0.8,0.81,0.01,0.01,70710.64,1776076561000
1776076563.613,63.613,0.19,0.2,0.8,0.81,0.01,0.01,70710.64,1776076561000
1776076563.982,63.982,0.18,0.2,0.8,0.81,0.02,0.01,70710.3,1776076562000
1776076564.37,64.37,0.19,0.2,0.8,0.81,0.01,0.01,70710.3,1776076562000
1776076564.809,64.809,0.18,0.19,0.81,0.82,0.01,0.01,70710.3,1776076563000
1776076565.157,65.157,0.18,0.19,0.81,0.82,0.01,0.01,70709.37,1776076564000
1776076565.623,65.623,0.18,0.19,0.81,0.82,0.01,0.01,70709.37,1776076564000
1776076566.156,66.156,0.18,0.19,0.81,0.82,0.01,0.01,70709.37,1776076564000
1776076566.772,66.772,0.19,0.2,0.8,0.82,0.01,0.02,70709.5,1776076565000
1776076567.106,67.106,0.19,0.2,0.8,0.81,0.01,0.01,70709.5,1776076565000
1776076567.507,67.507,0.19,0.2,0.8,0.81,0.01,0.01,70709.63,1776076566000
1776076567.889,67.889,0.19,0.2,0.8,0.81,0.01,0.01,70709.63,1776076566000
1776076568.33,68.33,0.23,0.24,0.76,0.81,0.01,0.05,70709.63,1776076566000
1776076568.722,68.722,0.22,0.24,0.76,0.77,0.02,0.01,70710.23,1776076567000
1776076569.092,69.092,0.22,0.23,0.77,0.78,0.01,0.01,70710.5,1776076568000
1776076569.601,69.601,0.22,0.24,0.77,0.78,0.02,0.01,70710.5,1776076568000
1776076570.27,70.27,0.23,0.24,0.76,0.77,0.01,0.01,70710.77,1776076569000
1776076570.637,70.637,0.23,0.24,0.76,0.77,0.01,0.01,70710.77,1776076569000
1776076571.278,71.278,0.23,0.24,0.76,0.77,0.01,0.01,70710.77,1776076569000
1776076571.622,71.622,0.22,0.23,0.76,0.78,0.01,0.02,70711.09,1776076570000
1776076572.036,72.036,0.22,0.23,0.77,0.78,0.01,0.01,70711.09,1776076570000
1776076572.441,72.441,0.22,0.23,0.77,0.78,0.01,0.01,70711.09,1776076570000
1776076572.872,72.872,0.16,0.17,0.83,0.84,0.01,0.01,70711.09,1776076571000
1776076573.257,73.257,0.16,0.17,0.83,0.84,0.01,0.01,70711.64,1776076572000
1776076573.657,73.657,0.16,0.17,0.83,0.84,0.01,0.01,70711.64,1776076572000
1776076574.106,74.106,0.16,0.17,0.83,0.84,0.01,0.01,70711.64,1776076572000
1776076574.441,74.441,0.19,0.2,0.82,0.83,0.01,0.01,70711.64,1776076572000
1776076574.852,74.852,0.19,0.2,0.8,0.81,0.01,0.01,70712.05,1776076573000
1776076575.244,75.244,0.2,0.21,0.79,0.8,0.01,0.01,70711.98,1776076574000
1776076575.884,75.884,0.2,0.21,0.79,0.8,0.01,0.01,70711.98,1776076574000
1776076576.226,76.226,0.2,0.21,0.79,0.8,0.01,0.01,70713.98,1776076575000
1776076576.837,76.837,0.2,0.21,0.79,0.8,0.01,0.01,70713.98,1776076575000
1776076577.202,77.202,0.2,0.21,0.79,0.8,0.01,0.01,70713.98,1776076575000
1776076577.537,77.537,0.2,0.21,0.79,0.8,0.01,0.01,70715.62,1776076576000
1776076577.945,77.945,0.2,0.21,0.79,0.8,0.01,0.01,70715.62,1776076577000
1776076578.32,78.32,0.2,0.21,0.79,0.8,0.01,0.01,70715.62,1776076577000
1776076578.919,78.919,0.2,0.21,0.79,0.8,0.01,0.01,70715.62,1776076577000
1776076579.296,79.296,0.21,0.23,0.78,0.8,0.02,0.02,70715.51,1776076578000
1776076579.632,79.632,0.22,0.23,0.77,0.78,0.01,0.01,70715.51,1776076578000
1776076579.972,79.972,0.23,0.26,0.74,0.77,0.03,0.03,70715.51,1776076578000
1776076580.608,80.608,0.26,0.28,0.74,0.77,0.02,0.03,70715.64,1776076579000
1776076580.995,80.995,0.29,0.3,0.67,0.71,0.01,0.04,70715.64,1776076579000
1776076581.378,81.378,0.32,0.34,0.66,0.68,0.02,0.02,70715.64,1776076579000
1776076581.808,81.808,0.33,0.34,0.66,0.67,0.01,0.01,70718.41,1776076580000
1776076582.261,82.261,0.33,0.34,0.66,0.67,0.01,0.01,70718.41,1776076580000
1776076582.838,82.838,0.36,0.37,0.63,0.66,0.01,0.03,70728.26,1776076581000
1776076583.2,83.2,0.38,0.39,0.61,0.62,0.01,0.01,70728.65,1776076582000
1776076583.637,83.637,0.39,0.4,0.6,0.61,0.01,0.01,70728.65,1776076582000
1776076584.017,84.017,0.4,0.41,0.59,0.6,0.01,0.01,70728.65,1776076582000
1776076584.361,84.361,0.4,0.43,0.57,0.6,0.03,0.03,70729.93,1776076583000
1776076584.71,84.71,0.42,0.45,0.57,0.58,0.03,0.01,70729.93,1776076583000
1776076585.073,85.073,0.44,0.45,0.56,0.57,0.01,0.01,70729.93,1776076583000
1776076585.419,85.419,0.45,0.46,0.54,0.55,0.01,0.01,70736.37,1776076584000
1776076585.763,85.763,0.45,0.46,0.54,0.55,0.01,0.01,70736.37,1776076584000
1776076586.114,86.114,0.44,0.45,0.55,0.56,0.01,0.01,70736.37,1776076584000
1776076586.537,86.537,0.44,0.45,0.55,0.56,0.01,0.01,70741.45,1776076585000
1776076586.904,86.904,0.43,0.44,0.56,0.57,0.01,0.01,70741.45,1776076585000
1776076587.261,87.261,0.44,0.45,0.55,0.56,0.01,0.01,70741.45,1776076585000
1776076587.646,87.646,0.47,0.48,0.52,0.54,0.01,0.02,70743.65,1776076586000
1776076588.019,88.019,0.51,0.52,0.48,0.49,0.01,0.01,70743.65,1776076586000
1776076588.365,88.365,0.51,0.53,0.47,0.49,0.02,0.02,70744.57,1776076587000
1776076588.705,88.705,0.51,0.52,0.47,0.49,0.01,0.02,70744.57,1776076587000
1776076589.048,89.048,0.51,0.54,0.48,0.49,0.03,0.01,70744.57,1776076587000
1776076589.411,89.411,0.53,0.54,0.46,0.47,0.01,0.01,70746.07,1776076588000
1776076589.831,89.831,0.53,0.54,0.46,0.47,0.01,0.01,70746.07,1776076588000
1776076590.171,90.171,0.54,0.56,0.45,0.47,0.02,0.02,70746.07,1776076588000
1776076590.561,90.561,0.58,0.59,0.41,0.42,0.01,0.01,70751.76,1776076589000
1776076590.902,90.902,0.58,0.59,0.41,0.42,0.01,0.01,70751.76,1776076589000
1776076591.275,91.275,0.57,0.58,0.41,0.43,0.01,0.02,70754.52,1776076590000
1776076591.632,91.632,0.57,0.58,0.42,0.43,0.01,0.01,70754.52,1776076590000
1776076592.097,92.097,0.57,0.58,0.42,0.43,0.01,0.01,70754.52,1776076590000
1776076592.434,92.434,0.56,0.57,0.42,0.44,0.01,0.02,70758.33,1776076591000
1776076592.829,92.829,0.57,0.58,0.42,0.43,0.01,0.01,70758.33,1776076591000
1776076593.249,93.249,0.57,0.58,0.42,0.43,0.01,0.01,70759.71,1776076592000
1776076593.706,93.706,0.57,0.58,0.42,0.43,0.01,0.01,70759.71,1776076592000
1776076594.067,94.067,0.57,0.58,0.42,0.43,0.01,0.01,70759.71,1776076593000
1776076594.625,94.625,0.57,0.6,0.42,0.43,0.03,0.01,70759.71,1776076593000
1776076594.988,94.988,0.59,0.6,0.4,0.41,0.01,0.01,70759.71,1776076593000
1776076595.385,95.385,0.59,0.6,0.4,0.41,0.01,0.01,70759.71,1776076594000
1776076595.763,95.763,0.59,0.6,0.4,0.41,0.01,0.01,70759.71,1776076594000
1776076596.111,96.111,0.59,0.61,0.4,0.41,0.02,0.01,70761.28,1776076595000
1776076596.447,96.447,0.6,0.61,0.39,0.4,0.01,0.01,70761.28,1776076595000
1776076596.864,96.864,0.62,0.63,0.37,0.38,0.01,0.01,70761.28,1776076595000
1776076597.3,97.3,0.6,0.61,0.39,0.4,0.01,0.01,70761.74,1776076596000
1776076597.659,97.659,0.6,0.61,0.39,0.4,0.01,0.01,70761.74,1776076596000
1776076597.992,97.992,0.61,0.62,0.38,0.4,0.01,0.02,70764.26,1776076597000
1776076598.363,98.363,0.62,0.63,0.37,0.38,0.01,0.01,70764.26,1776076597000
1776076598.831,98.831,0.62,0.63,0.37,0.38,0.01,0.01,70764.26,1776076597000
1776076599.176,99.176,0.63,0.64,0.36,0.37,0.01,0.01,70764.16,1776076598000
1776076599.588,99.588,0.63,0.64,0.36,0.37,0.01,0.01,70764.16,1776076598000
1776076599.971,99.971,0.63,0.64,0.36,0.37,0.01,0.01,70764.16,1776076598000
1776076600.329,100.329,0.63,0.64,0.36,0.37,0.01,0.01,70764.16,1776076598000
1776076600.891,100.891,0.58,0.59,0.38,0.43,0.01,0.05,70764.16,1776076598000
1776076601.384,101.384,0.57,0.58,0.42,0.43,0.01,0.01,70765.68,1776076599000
1776076601.83,101.83,0.57,0.58,0.42,0.43,0.01,0.01,70764.44,1776076600000
1776076602.251,102.251,0.57,0.58,0.42,0.43,0.01,0.01,70764.35,1776076601000
1776076602.593,102.593,0.57,0.58,0.42,0.43,0.01,0.01,70764.35,1776076601000
1776076603.047,103.047,0.57,0.58,0.42,0.43,0.01,0.01,70764.35,1776076601000
1776076603.712,103.712,0.57,0.58,0.42,0.43,0.01,0.01,70764.35,1776076601000
1776076604.059,104.059,0.57,0.58,0.42,0.43,0.01,0.01,70762.48,1776076602000
1776076604.396,104.396,0.57,0.58,0.42,0.43,0.01,0.01,70762.48,1776076602000
1776076604.883,104.883,0.55,0.56,0.42,0.43,0.01,0.01,70762.48,1776076603000
1776076605.217,105.217,0.53,0.54,0.45,0.47,0.01,0.02,70762.48,1776076603000
1776076605.634,105.634,0.53,0.54,0.46,0.47,0.01,0.01,70762.48,1776076604000
1776076606.0,106.0,0.53,0.54,0.46,0.47,0.01,0.01,70762.48,1776076604000
1776076606.505,106.505,0.53,0.54,0.46,0.47,0.01,0.01,70762.48,1776076604000
1776076606.848,106.848,0.48,0.53,0.46,0.51,0.05,0.05,70762.35,1776076605000
1776076607.206,107.206,0.47,0.49,0.51,0.53,0.02,0.02,70762.35,1776076605000
1776076607.584,107.584,0.46,0.48,0.52,0.53,0.02,0.01,70761.11,1776076606000
1776076608.084,108.084,0.43,0.45,0.55,0.57,0.02,0.02,70760.95,1776076607000
1776076608.479,108.479,0.44,0.45,0.55,0.56,0.01,0.01,70760.95,1776076607000
1776076609.123,109.123,0.45,0.46,0.54,0.55,0.01,0.01,70760.95,1776076607000
1776076609.504,109.504,0.46,0.47,0.53,0.6,0.01,0.07,70752.96,1776076608000
1776076609.839,109.839,0.45,0.46,0.54,0.55,0.01,0.01,70752.96,1776076608000
1776076610.257,110.257,0.45,0.46,0.54,0.55,0.01,0.01,70752.2,1776076609000
1776076610.873,110.873,0.45,0.46,0.54,0.55,0.01,0.01,70752.2,1776076609000
1776076611.208,111.208,0.51,0.53,0.48,0.49,0.02,0.01,70752.2,1776076609000
1776076611.545,111.545,0.55,0.56,0.44,0.45,0.01,0.01,70752.2,1776076609000
1776076611.898,111.898,0.56,0.57,0.43,0.45,0.01,0.02,70752.18,1776076610000
1776076612.308,112.308,0.56,0.58,0.42,0.44,0.02,0.02,70752.28,1776076611000
1776076612.737,112.737,0.57,0.58,0.42,0.43,0.01,0.01,70752.28,1776076611000
1776076613.093,113.093,0.57,0.58,0.42,0.43,0.01,0.01,70752.28,1776076611000
1776076613.5,113.5,0.57,0.58,0.42,0.43,0.01,0.01,70752.28,1776076611000
1776076613.863,113.863,0.68,0.71,0.29,0.32,0.03,0.03,70756.19,1776076612000
1776076614.237,114.237,0.72,0.74,0.27,0.28,0.02,0.01,70756.19,1776076612000
1776076614.607,114.607,0.73,0.74,0.26,0.27,0.01,0.01,70758.14,1776076613000
1776076614.962,114.962,0.73,0.74,0.26,0.27,0.01,0.01,70758.14,1776076613000
1776076615.319,115.319,0.74,0.77,0.25,0.27,0.03,0.02,70758.14,1776076613000
1776076615.734,115.734,0.75,0.76,0.24,0.25,0.01,0.01,70777.44,1776076614000
1776076616.088,116.088,0.75,0.77,0.24,0.25,0.02,0.01,70777.44,1776076614000
1776076616.431,116.431,0.76,0.77,0.23,0.24,0.01,0.01,70779.5,1776076615000
1776076616.767,116.767,0.76,0.77,0.23,0.24,0.01,0.01,70779.5,1776076615000
1776076617.338,117.338,0.75,0.76,0.24,0.25,0.01,0.01,70779.76,1776076616000
1776076617.768,117.768,0.7,0.71,0.26,0.29,0.01,0.03,70779.76,1776076616000
1776076618.119,118.119,0.7,0.71,0.29,0.3,0.01,0.01,70779.76,1776076616000
1776076618.573,118.573,0.69,0.7,0.3,0.31,0.01,0.01,70779.76,1776076616000
1776076619.061,119.061,0.68,0.69,0.3,0.32,0.01,0.02,70781.51,1776076617000
1776076619.399,119.399,0.68,0.69,0.31,0.32,0.01,0.01,70781.51,1776076617000
1776076619.912,119.912,0.68,0.69,0.31,0.32,0.01,0.01,70781.34,1776076618000
1776076620.485,120.485,0.68,0.69,0.31,0.32,0.01,0.01,70780.4,1776076619000
1776076620.952,120.952,0.68,0.69,0.31,0.32,0.01,0.01,70780.4,1776076619000
1776076621.297,121.297,0.68,0.69,0.31,0.32,0.01,0.01,70780.4,1776076619000
1776076621.829,121.829,0.71,0.72,0.28,0.3,0.01,0.02,70780.43,1776076620000
1776076622.187,122.187,0.74,0.76,0.24,0.27,0.02,0.03,70780.63,1776076621000
1776076622.535,122.535,0.77,0.79,0.21,0.24,0.02,0.03,70780.63,1776076621000
1776076622.874,122.874,0.79,0.8,0.21,0.22,0.01,0.01,70780.63,1776076621000
1776076623.246,123.246,0.8,0.81,0.19,0.2,0.01,0.01,70780.63,1776076621000
1776076623.602,123.602,0.8,0.81,0.19,0.2,0.01,0.01,70780.63,1776076622000
1776076624.095,124.095,0.8,0.81,0.19,0.2,0.01,0.01,70780.63,1776076622000
1776076624.432,124.432,0.8,0.81,0.19,0.2,0.01,0.01,70780.63,1776076622000
1776076624.771,124.771,0.81,0.82,0.18,0.19,0.01,0.01,70780.63,1776076622000
1776076625.111,125.111,0.81,0.82,0.18,0.19,0.01,0.01,70790.54,1776076624000
1776076625.611,125.611,0.81,0.82,0.18,0.19,0.01,0.01,70790.54,1776076624000
1776076625.951,125.951,0.81,0.82,0.18,0.19,0.01,0.01,70790.54,1776076624000
1776076626.303,126.303,0.81,0.82,0.18,0.19,0.01,0.01,70790.54,1776076624000
1776076626.676,126.676,0.81,0.82,0.18,0.19,0.01,0.01,70790.51,1776076625000
1776076627.063,127.063,0.81,0.82,0.18,0.19,0.01,0.01,70790.51,1776076625000
1776076627.421,127.421,0.81,0.82,0.18,0.19,0.01,0.01,70790.51,1776076625000
1776076627.789,127.789,0.81,0.82,0.16,0.19,0.01,0.03,70793.26,1776076626000
1776076628.155,128.155,0.82,0.84,0.17,0.18,0.02,0.01,70793.26,1776076626000
1776076629.046,129.046,0.83,0.84,0.17,0.18,0.01,0.01,70793.38,1776076627000
1776076629.73,129.73,0.84,0.85,0.15,0.16,0.01,0.01,70793.55,1776076628000
1776076630.111,130.111,0.84,0.85,0.15,0.16,0.01,0.01,70793.55,1776076628000
1776076630.445,130.445,0.84,0.85,0.15,0.16,0.01,0.01,70793.55,1776076628000
1776076630.803,130.803,0.86,0.87,0.13,0.14,0.01,0.01,70795.56,1776076629000
1776076631.266,131.266,0.87,0.88,0.12,0.13,0.01,0.01,70796.77,1776076630000
1776076631.726,131.726,0.87,0.88,0.12,0.13,0.01,0.01,70796.77,1776076630000
1776076632.066,132.066,0.87,0.89,0.12,0.13,0.02,0.01,70796.77,1776076630000
1776076632.467,132.467,0.88,0.89,0.11,0.12,0.01,0.01,70798.04,1776076631000
1776076632.87,132.87,0.88,0.89,0.11,0.12,0.01,0.01,70798.04,1776076631000
1776076633.251,133.251,0.89,0.9,0.1,0.12,0.01,0.02,70798.04,1776076631000
1776076633.709,133.709,0.88,0.89,0.11,0.12,0.01,0.01,70805.21,1776076632000
1776076634.053,134.053,0.91,0.92,0.08,0.09,0.01,0.01,70805.21,1776076632000
1776076634.433,134.433,0.91,0.92,0.08,0.09,0.01,0.01,70805.45,1776076633000
1776076635.023,135.023,0.91,0.92,0.08,0.09,0.01,0.01,70805.45,1776076633000
1776076635.362,135.362,0.91,0.92,0.08,0.09,0.01,0.01,70808.26,1776076634000
1776076635.738,135.738,0.91,0.92,0.08,0.09,0.01,0.01,70808.26,1776076634000
1776076636.15,136.15,0.91,0.92,0.08,0.09,0.01,0.01,70817.15,1776076635000
1776076636.522,136.522,0.94,0.95,0.05,0.06,0.01,0.01,70817.15,1776076635000
1776076636.863,136.863,0.94,0.95,0.05,0.06,0.01,0.01,70817.15,1776076635000
1776076637.28,137.28,0.93,0.94,0.06,0.07,0.01,0.01,70818.05,1776076636000
1776076637.631,137.631,0.93,0.94,0.05,0.07,0.01,0.02,70818.05,1776076636000
1776076637.997,137.997,0.94,0.95,0.05,0.06,0.01,0.01,70824.42,1776076637000
1776076638.469,138.469,0.93,0.94,0.05,0.07,0.01,0.02,70824.42,1776076637000
1776076638.959,138.959,0.93,0.94,0.06,0.07,0.01,0.01,70824.42,1776076637000
1776076639.329,139.329,0.94,0.95,0.05,0.06,0.01,0.01,70826.64,1776076638000
1776076639.675,139.675,0.94,0.95,0.05,0.07,0.01,0.02,70826.64,1776076638000
1776076640.151,140.151,0.94,0.95,0.05,0.06,0.01,0.01,70826.95,1776076639000
1776076640.599,140.599,0.94,0.95,0.05,0.06,0.01,0.01,70826.95,1776076639000
1776076640.953,140.953,0.93,0.94,0.06,0.07,0.01,0.01,70826.71,1776076640000
1776076641.349,141.349,0.93,0.94,0.06,0.07,0.01,0.01,70826.71,1776076640000
1776076641.704,141.704,0.93,0.94,0.06,0.07,0.01,0.01,70826.71,1776076640000
1776076642.287,142.287,0.91,0.92,0.08,0.09,0.01,0.01,70826.61,1776076641000
1776076642.829,142.829,0.91,0.93,0.07,0.09,0.02,0.02,70826.6,1776076642000
1776076643.306,143.306,0.91,0.92,0.08,0.09,0.01,0.01,70826.6,1776076642000
1776076643.737,143.737,0.91,0.93,0.08,0.09,0.02,0.01,70826.6,1776076642000
1776076644.215,144.215,0.92,0.93,0.07,0.08,0.01,0.01,70824.49,1776076643000
1776076644.549,144.549,0.92,0.93,0.07,0.08,0.01,0.01,70824.49,1776076643000
1776076645.053,145.053,0.94,0.95,0.06,0.07,0.01,0.01,70819.62,1776076644000
1776076645.653,145.653,0.94,0.95,0.05,0.06,0.01,0.01,70819.62,1776076644000
1776076646.053,146.053,0.94,0.95,0.05,0.06,0.01,0.01,70819.62,1776076644000
1776076646.403,146.403,0.94,0.95,0.05,0.06,0.01,0.01,70819.62,1776076644000
1776076646.967,146.967,0.94,0.95,0.05,0.06,0.01,0.01,70821.19,1776076646000
1776076647.511,147.511,0.94,0.95,0.05,0.06,0.01,0.01,70821.19,1776076646000
1776076647.868,147.868,0.94,0.95,0.05,0.06,0.01,0.01,70821.19,1776076646000
1776076648.376,148.376,0.94,0.95,0.05,0.06,0.01,0.01,70821.19,1776076646000
1776076648.758,148.758,0.94,0.95,0.05,0.06,0.01,0.01,70820.69,1776076647000
1776076649.127,149.127,0.94,0.95,0.05,0.06,0.01,0.01,70820.69,1776076648000
1776076649.934,149.934,0.94,0.95,0.05,0.06,0.01,0.01,70820.69,1776076648000
1776076650.366,150.366,0.94,0.95,0.05,0.06,0.01,0.01,70820.03,1776076649000
1776076650.713,150.713,0.94,0.95,0.05,0.06,0.01,0.01,70820.03,1776076649000
1776076651.059,151.059,0.94,0.95,0.05,0.06,0.01,0.01,70820.03,1776076649000
1776076651.7,151.7,0.93,0.94,0.05,0.07,0.01,0.02,70820.03,1776076650000
1776076652.152,152.152,0.93,0.94,0.06,0.07,0.01,0.01,70820.03,1776076650000
1776076652.657,152.657,0.93,0.95,0.06,0.07,0.02,0.01,70820.03,1776076651000
1776076654.211,154.211,0.93,0.94,0.05,0.07,0.01,0.02,70819.86,1776076652000
1776076655.145,155.145,0.93,0.94,0.06,0.07,0.01,0.01,70819.86,1776076653000
1776076655.543,155.543,0.93,0.94,0.06,0.07,0.01,0.01,70818.31,1776076654000
1776076655.96,155.96,0.93,0.94,0.06,0.07,0.01,0.01,70818.31,1776076654000
1776076656.325,156.325,0.93,0.94,0.06,0.07,0.01,0.01,70819.1,1776076655000
1776076656.799,156.799,0.94,0.95,0.05,0.06,0.01,0.01,70819.1,1776076655000
1776076657.216,157.216,0.94,0.95,0.05,0.06,0.01,0.01,70819.1,1776076655000
1776076657.962,157.962,0.94,0.95,0.05,0.06,0.01,0.01,70819.1,1776076656000
1776076658.395,158.395,0.93,0.94,0.06,0.07,0.01,0.01,70819.1,1776076656000
1776076658.978,158.978,0.93,0.94,0.06,0.07,0.01,0.01,70819.1,1776076657000
1776076659.587,159.587,0.93,0.94,0.06,0.07,0.01,0.01,70819.29,1776076658000
1776076659.932,159.932,0.93,0.94,0.06,0.07,0.01,0.01,70819.29,1776076658000
1776076660.707,160.707,0.92,0.94,0.06,0.07,0.02,0.01,70819.29,1776076659000
1776076661.368,161.368,0.93,0.94,0.06,0.07,0.01,0.01,70819.29,1776076659000
1776076661.741,161.741,0.91,0.92,0.07,0.09,0.01,0.02,70819.29,1776076659000
1776076662.205,162.205,0.91,0.92,0.08,0.09,0.01,0.01,70819.68,1776076660000
1776076663.116,163.116,0.91,0.92,0.08,0.09,0.01,0.01,70820.03,1776076661000
1776076663.489,163.489,0.91,0.92,0.08,0.09,0.01,0.01,70818.05,1776076662000
1776076664.049,164.049,0.91,0.92,0.08,0.09,0.01,0.01,70818.05,1776076662000
1776076664.452,164.452,0.91,0.92,0.08,0.09,0.01,0.01,70815.51,1776076663000
1776076664.822,164.822,0.92,0.93,0.07,0.09,0.01,0.02,70815.51,1776076663000
1776076665.161,165.161,0.92,0.93,0.07,0.08,0.01,0.01,70815.51,1776076663000
1776076666.058,166.058,0.92,0.93,0.07,0.08,0.01,0.01,70814.65,1776076664000
1776076666.508,166.508,0.93,0.94,0.07,0.08,0.01,0.01,70813.28,1776076665000
1776076666.944,166.944,0.93,0.94,0.06,0.07,0.01,0.01,70813.28,1776076665000
1776076667.457,167.457,0.93,0.94,0.06,0.07,0.01,0.01,70814.55,1776076666000
1776076668.057,168.057,0.93,0.94,0.06,0.07,0.01,0.01,70814.55,1776076666000
1776076668.517,168.517,0.93,0.94,0.06,0.07,0.01,0.01,70814.27,1776076667000
1776076668.857,168.857,0.93,0.94,0.06,0.07,0.01,0.01,70814.27,1776076667000
1776076669.357,169.357,0.93,0.94,0.06,0.07,0.01,0.01,70814.27,1776076668000
1776076669.783,169.783,0.93,0.94,0.06,0.07,0.01,0.01,70814.27,1776076668000
1776076670.192,170.192,0.93,0.94,0.06,0.07,0.01,0.01,70814.28,1776076669000
1776076670.628,170.628,0.93,0.94,0.06,0.07,0.01,0.01,70814.28,1776076669000
1776076671.01,171.01,0.93,0.94,0.06,0.07,0.01,0.01,70814.28,1776076669000
1776076671.518,171.518,0.94,0.95,0.05,0.06,0.01,0.01,70814.63,1776076670000
1776076671.98,171.98,0.94,0.95,0.05,0.06,0.01,0.01,70814.63,1776076670000
1776076672.322,172.322,0.94,0.95,0.05,0.06,0.01,0.01,70814.65,1776076671000
1776076672.783,172.783,0.94,0.95,0.05,0.06,0.01,0.01,70814.65,1776076671000
1776076673.442,173.442,0.94,0.95,0.05,0.07,0.01,0.02,70814.35,1776076672000
1776076673.796,173.796,0.94,0.95,0.05,0.06,0.01,0.01,70814.35,1776076672000
1776076674.169,174.169,0.95,0.96,0.04,0.06,0.01,0.02,70814.35,1776076672000
1776076674.548,174.548,0.95,0.96,0.04,0.05,0.01,0.01,70814.44,1776076673000
1776076675.047,175.047,0.95,0.96,0.04,0.05,0.01,0.01,70814.44,1776076673000
1776076675.637,175.637,0.94,0.95,0.05,0.06,0.01,0.01,70814.43,1776076674000
1776076676.108,176.108,0.94,0.95,0.05,0.06,0.01,0.01,70814.43,1776076674000
1776076676.619,176.619,0.94,0.95,0.05,0.06,0.01,0.01,70814.58,1776076675000
1776076677.777,177.777,0.94,0.95,0.05,0.06,0.01,0.01,70815.52,1776076676000
1776076678.325,178.325,0.94,0.95,0.05,0.06,0.01,0.01,70814.58,1776076677000
1776076678.789,178.789,0.94,0.95,0.05,0.06,0.01,0.01,70814.58,1776076677000
1776076679.277,179.277,0.94,0.95,0.05,0.06,0.01,0.01,70814.57,1776076678000
1776076679.688,179.688,0.94,0.95,0.05,0.06,0.01,0.01,70814.57,1776076678000
1776076680.316,180.316,0.94,0.95,0.05,0.06,0.01,0.01,70814.25,1776076679000
1776076680.887,180.887,0.95,0.96,0.04,0.05,0.01,0.01,70814.25,1776076679000
1776076681.274,181.274,0.95,0.96,0.04,0.05,0.01,0.01,70814.25,1776076680000
1776076681.669,181.669,0.96,0.97,0.03,0.04,0.01,0.01,70814.25,1776076680000
1776076682.009,182.009,0.96,0.97,0.03,0.04,0.01,0.01,70814.25,1776076680000
1776076682.364,182.364,0.96,0.97,0.03,0.04,0.01,0.01,70814.25,1776076680000
1776076682.84,182.84,0.96,0.97,0.03,0.04,0.01,0.01,70816.02,1776076681000
1776076683.816,183.816,0.96,0.97,0.03,0.04,0.01,0.01,70818.8,1776076682000
1776076684.287,184.287,0.96,0.97,0.03,0.04,0.01,0.01,70819.88,1776076683000
1776076684.665,184.665,0.96,0.97,0.03,0.04,0.01,0.01,70819.88,1776076683000
1776076685.243,185.243,0.96,0.97,0.03,0.04,0.01,0.01,70820.13,1776076684000
1776076685.723,185.723,0.96,0.97,0.03,0.04,0.01,0.01,70820.13,1776076684000
1776076686.214,186.214,0.96,0.97,0.03,0.04,0.01,0.01,70820.3,1776076685000
1776076686.637,186.637,0.96,0.97,0.03,0.04,0.01,0.01,70820.3,1776076685000
1776076687.27,187.27,0.96,0.97,0.03,0.04,0.01,0.01,70820.3,1776076685000
1776076687.662,187.662,0.96,0.97,0.03,0.04,0.01,0.01,70820.29,1776076686000
1776076688.041,188.041,0.96,0.97,0.03,0.04,0.01,0.01,70820.29,1776076686000
1776076688.374,188.374,0.96,0.97,0.03,0.04,0.01,0.01,70820.29,1776076686000
1776076688.716,188.716,0.96,0.97,0.03,0.04,0.01,0.01,70820.05,1776076687000
1776076689.119,189.119,0.96,0.97,0.03,0.04,0.01,0.01,70820.05,1776076688000
1776076689.453,189.453,0.96,0.97,0.03,0.04,0.01,0.01,70820.05,1776076688000
1776076690.291,190.291,0.96,0.97,0.03,0.04,0.01,0.01,70819.62,1776076689000
1776076690.706,190.706,0.96,0.97,0.03,0.04,0.01,0.01,70819.62,1776076689000
1776076691.333,191.333,0.96,0.97,0.03,0.04,0.01,0.01,70819.67,1776076690000
1776076691.681,191.681,0.96,0.97,0.03,0.04,0.01,0.01,70819.67,1776076690000
1776076692.092,192.092,0.96,0.97,0.03,0.04,0.01,0.01,70819.94,1776076691000
1776076692.444,192.444,0.96,0.97,0.03,0.04,0.01,0.01,70819.94,1776076691000
1776076692.947,192.947,0.96,0.97,0.03,0.04,0.01,0.01,70819.94,1776076691000
1776076693.437,193.437,0.96,0.97,0.03,0.04,0.01,0.01,70819.83,1776076692000
1776076693.804,193.804,0.96,0.97,0.03,0.04,0.01,0.01,70819.83,1776076692000
1776076694.225,194.225,0.96,0.97,0.03,0.04,0.01,0.01,70819.91,1776076693000
1776076694.593,194.593,0.96,0.97,0.03,0.04,0.01,0.01,70819.91,1776076693000
1776076694.984,194.984,0.96,0.97,0.03,0.04,0.01,0.01,70819.91,1776076693000
1776076695.319,195.319,0.95,0.97,0.03,0.05,0.02,0.02,70819.94,1776076694000
1776076695.688,195.688,0.96,0.97,0.03,0.04,0.01,0.01,70819.94,1776076694000
1776076696.129,196.129,0.96,0.97,0.03,0.04,0.01,0.01,70819.94,1776076694000
1776076696.468,196.468,0.96,0.97,0.03,0.04,0.01,0.01,70819.93,1776076695000
1776076696.905,196.905,0.96,0.97,0.03,0.04,0.01,0.01,70821.03,1776076696000
1776076697.336,197.336,0.96,0.97,0.03,0.04,0.01,0.01,70821.03,1776076696000
1776076697.675,197.675,0.96,0.97,0.03,0.04,0.01,0.01,70821.03,1776076696000
1776076698.018,198.018,0.96,0.97,0.03,0.04,0.01,0.01,70821.03,1776076696000
1776076698.391,198.391,0.96,0.97,0.03,0.04,0.01,0.01,70826.88,1776076697000
1776076698.81,198.81,0.96,0.97,0.03,0.04,0.01,0.01,70826.88,1776076697000
1776076699.436,199.436,0.96,0.97,0.03,0.04,0.01,0.01,70826.59,1776076698000
1776076699.857,199.857,0.96,0.97,0.03,0.04,0.01,0.01,70826.59,1776076698000
1776076700.258,200.258,0.96,0.97,0.03,0.04,0.01,0.01,70825.53,1776076699000
1776076700.648,200.648,0.96,0.97,0.03,0.04,0.01,0.01,70825.53,1776076699000
1776076701.008,201.008,0.94,0.95,0.05,0.06,0.01,0.01,70825.53,1776076699000
1776076701.357,201.357,0.94,0.95,0.05,0.06,0.01,0.01,70824.3,1776076700000
1776076701.779,201.779,0.94,0.95,0.05,0.06,0.01,0.01,70824.3,1776076700000
1776076702.116,202.116,0.94,0.95,0.05,0.06,0.01,0.01,70824.09,1776076701000
1776076702.533,202.533,0.94,0.95,0.05,0.06,0.01,0.01,70824.09,1776076701000
1776076703.052,203.052,0.94,0.95,0.05,0.06,0.01,0.01,70824.09,1776076701000
1776076703.403,203.403,0.95,0.96,0.04,0.05,0.01,0.01,70824.09,1776076701000
1776076704.151,204.151,0.95,0.96,0.04,0.05,0.01,0.01,70816.54,1776076703000
1776076705.09,205.09,0.96,0.97,0.04,0.05,0.01,0.01,70816.54,1776076703000
1776076706.15,206.15,0.96,0.97,0.03,0.04,0.01,0.01,70816.81,1776076704000
1776076706.49,206.49,0.97,0.98,0.02,0.04,0.01,0.02,70819.84,1776076705000
1776076706.94,206.94,0.97,0.98,0.02,0.03,0.01,0.01,70819.84,1776076705000
1776076707.429,207.429,0.97,0.98,0.02,0.03,0.01,0.01,70822.46,1776076706000
1776076707.878,207.878,0.97,0.98,0.02,0.03,0.01,0.01,70822.46,1776076706000
1776076708.318,208.318,0.97,0.98,0.02,0.03,0.01,0.01,70822.49,1776076707000
1776076708.901,208.901,0.95,0.98,0.02,0.03,0.03,0.01,70822.49,1776076707000
1776076709.413,209.413,0.96,0.97,0.03,0.04,0.01,0.01,70823.77,1776076708000
1776076709.845,209.845,0.96,0.97,0.03,0.04,0.01,0.01,70823.77,1776076708000
1776076710.347,210.347,0.96,0.97,0.03,0.04,0.01,0.01,70822.9,1776076709000
1776076710.681,210.681,0.96,0.97,0.03,0.04,0.01,0.01,70822.9,1776076709000
1776076711.021,211.021,0.96,0.97,0.03,0.05,0.01,0.02,70822.9,1776076709000
1776076711.417,211.417,0.97,0.98,0.02,0.04,0.01,0.02,70822.75,1776076710000
1776076711.799,211.799,0.97,0.98,0.02,0.03,0.01,0.01,70822.75,1776076710000
1776076712.201,212.201,0.97,0.98,0.02,0.03,0.01,0.01,70822.75,1776076710000
1776076712.626,212.626,0.97,0.98,0.02,0.03,0.01,0.01,70822.85,1776076711000
1776076712.965,212.965,0.97,0.98,0.02,0.03,0.01,0.01,70822.85,1776076711000
1776076713.576,213.576,0.97,0.98,0.02,0.03,0.01,0.01,70822.99,1776076712000
1776076713.942,213.942,0.97,0.98,0.02,0.03,0.01,0.01,70822.99,1776076712000
1776076714.276,214.276,0.94,0.98,0.02,0.06,0.04,0.04,70822.99,1776076712000
1776076714.679,214.679,0.95,0.96,0.04,0.05,0.01,0.01,70822.57,1776076713000
1776076715.046,215.046,0.95,0.96,0.04,0.05,0.01,0.01,70822.57,1776076713000
1776076715.589,215.589,0.95,0.96,0.04,0.05,0.01,0.01,70822.57,1776076714000
1776076716.019,216.019,0.95,0.96,0.04,0.05,0.01,0.01,70822.57,1776076714000
1776076716.36,216.36,0.95,0.96,0.04,0.05,0.01,0.01,70822.59,1776076715000
1776076716.851,216.851,0.95,0.96,0.04,0.05,0.01,0.01,70822.59,1776076715000
1776076717.248,217.248,0.95,0.96,0.04,0.05,0.01,0.01,70822.59,1776076715000
1776076717.672,217.672,0.97,0.98,0.02,0.04,0.01,0.02,70822.59,1776076715000
1776076718.058,218.058,0.98,0.99,0.01,0.02,0.01,0.01,70822.59,1776076715000
1776076718.467,218.467,0.98,0.99,0.01,0.02,0.01,0.01,70820.58,1776076716000
1776076718.877,218.877,0.98,0.99,0.01,0.02,0.01,0.01,70820.58,1776076716000
1776076719.532,219.532,0.98,0.99,0.01,0.02,0.01,0.01,70821.0,1776076718000
1776076720.077,220.077,0.98,0.99,0.01,0.02,0.01,0.01,70821.0,1776076718000
1776076720.468,220.468,0.98,0.99,0.01,0.02,0.01,0.01,70821.0,1776076719000
1776076721.0,221.0,0.98,0.99,0.01,0.02,0.01,0.01,70821.0,1776076719000
1776076721.396,221.396,0.98,0.99,0.01,0.02,0.01,0.01,70821.0,1776076719000
1776076722.0,222.0,0.98,0.99,0.01,0.02,0.01,0.01,70821.05,1776076720000
1776076722.343,222.343,0.98,0.99,0.01,0.02,0.01,0.01,70821.0,1776076721000
1776076723.378,223.378,0.98,0.99,0.01,0.02,0.01,0.01,70821.0,1776076721000
1776076723.922,223.922,0.98,0.99,0.01,0.03,0.01,0.02,70820.92,1776076722000
1776076724.31,224.31,0.97,0.99,0.02,0.03,0.02,0.01,70820.92,1776076723000
1776076725.134,225.134,0.98,0.99,0.01,0.02,0.01,0.01,70820.92,1776076723000
1776076726.338,226.338,0.98,0.99,0.01,0.02,0.01,0.01,70820.98,1776076724000
1776076726.692,226.692,0.98,0.99,0.01,0.02,0.01,0.01,70821.67,1776076725000
1776076727.047,227.047,0.98,0.99,0.01,0.02,0.01,0.01,70821.67,1776076725000
1776076728.154,228.154,0.98,0.99,0.01,0.02,0.01,0.01,70821.65,1776076726000
1776076728.616,228.616,0.98,0.99,0.01,0.02,0.01,0.01,70821.65,1776076726000
1776076728.963,228.963,0.98,0.99,0.01,0.02,0.01,0.01,70821.63,1776076727000
1776076729.354,229.354,0.99,0.99,0.01,0.01,0.0,0.0,70821.63,1776076727000
1776076729.913,229.913,0.99,0.99,0.01,0.01,0.0,0.0,70821.63,1776076728000
1776076730.517,230.517,0.99,0.99,0.01,0.01,0.0,0.0,70822.42,1776076729000
1776076731.711,231.711,0.99,0.99,0.01,0.01,0.0,0.0,70826.62,1776076730000
1776076732.092,232.092,0.99,0.99,0.01,0.01,0.0,0.0,70826.62,1776076730000
1776076732.5,232.5,0.99,0.99,0.01,0.01,0.0,0.0,70827.68,1776076731000
1776076732.834,232.834,0.99,0.99,0.01,0.01,0.0,0.0,70827.68,1776076731000
1776076733.256,233.256,0.99,0.99,0.01,0.01,0.0,0.0,70828.69,1776076732000
1776076733.613,233.613,0.99,0.99,0.01,0.01,0.0,0.0,70828.69,1776076732000
1776076734.085,234.085,0.99,0.99,0.01,0.01,0.0,0.0,70828.69,1776076732000
1776076734.421,234.421,0.99,0.99,0.01,0.01,0.0,0.0,70834.23,1776076733000
1776076734.767,234.767,0.99,0.99,0.01,0.01,0.0,0.0,70834.23,1776076733000
1776076735.36,235.36,0.99,0.99,0.01,0.01,0.0,0.0,70835.53,1776076734000
1776076735.727,235.727,0.99,0.99,0.01,0.01,0.0,0.0,70835.53,1776076734000
1776076736.797,236.797,0.99,0.99,0.01,0.01,0.0,0.0,70836.2,1776076736000
1776076737.796,237.796,0.99,0.99,0.01,0.01,0.0,0.0,70836.2,1776076736000
1776076738.883,238.883,0.99,0.99,0.01,0.01,0.0,0.0,70836.08,1776076737000
1776076739.902,239.902,0.99,0.99,0.01,0.01,0.0,0.0,70836.07,1776076738000
1776076740.786,240.786,0.99,0.99,0.01,0.01,0.0,0.0,70836.05,1776076739000
1776076741.93,241.93,0.99,0.99,0.01,0.01,0.0,0.0,70836.11,1776076741000
1776076742.896,242.896,0.99,0.99,0.01,0.01,0.0,0.0,70836.11,1776076741000
1776076743.769,243.769,0.99,0.99,0.01,0.01,0.0,0.0,70836.11,1776076742000
1776076745.051,245.051,0.99,0.99,0.01,0.01,0.0,0.0,70835.43,1776076744000
1776076745.439,245.439,0.99,0.99,0.01,0.01,0.0,0.0,70835.43,1776076744000
1776076746.149,246.149,0.99,0.99,0.01,0.01,0.0,0.0,70835.29,1776076745000
1776076746.993,246.993,0.99,0.99,0.01,0.01,0.0,0.0,70835.29,1776076745000
1776076747.823,247.823,0.99,0.99,0.01,0.01,0.0,0.0,70829.61,1776076746000
1776076748.908,248.908,0.99,0.99,0.01,0.01,0.0,0.0,70828.86,1776076747000
1776076749.632,249.632,0.99,0.99,0.01,0.01,0.0,0.0,70828.65,1776076748000
1776076750.318,250.318,0.99,0.99,0.01,0.01,0.0,0.0,70828.83,1776076749000
1776076751.791,251.791,0.99,0.99,0.01,0.01,0.0,0.0,70828.2,1776076750000
1776076752.296,252.296,0.99,0.99,0.01,0.01,0.0,0.0,70828.2,1776076750000
1776076753.412,253.412,0.99,0.99,0.01,0.01,0.0,0.0,70828.49,1776076752000
1776076754.639,254.639,0.99,0.99,0.01,0.01,0.0,0.0,70828.53,1776076753000
1776076755.16,255.16,0.99,0.99,0.01,0.01,0.0,0.0,70828.53,1776076753000
1776076756.535,256.535,0.99,0.99,0.01,0.01,0.0,0.0,70828.52,1776076755000
1776076757.177,257.177,0.99,0.99,0.01,0.01,0.0,0.0,70828.21,1776076756000
1776076758.426,258.426,0.99,0.99,0.01,0.01,0.0,0.0,70827.97,1776076757000
1776076759.112,259.112,0.99,0.99,0.01,0.01,0.0,0.0,70828.01,1776076758000
1776076759.523,259.523,0.99,0.99,0.01,0.01,0.0,0.0,70828.01,1776076758000
1776076760.448,260.448,0.99,0.99,0.01,0.01,0.0,0.0,70828.09,1776076759000
1776076761.121,261.121,0.99,0.99,0.01,0.01,0.0,0.0,70827.84,1776076760000
1776076761.552,261.552,0.99,0.99,0.01,0.01,0.0,0.0,70827.84,1776076760000
1776076762.287,262.287,0.99,0.99,0.01,0.01,0.0,0.0,70828.06,1776076761000
1776076763.605,263.605,0.99,0.99,0.01,0.01,0.0,0.0,70828.0,1776076762000
1776076764.359,264.359,0.99,0.99,0.01,0.01,0.0,0.0,70828.01,1776076763000
1776076765.524,265.524,0.99,0.99,0.01,0.01,0.0,0.0,70828.01,1776076764000
1776076766.071,266.071,0.99,0.99,0.01,0.01,0.0,0.0,70830.3,1776076765000
1776076766.738,266.738,0.99,0.99,0.01,0.01,0.0,0.0,70830.3,1776076765000
1776076767.238,267.238,0.99,0.99,0.01,0.01,0.0,0.0,70832.42,1776076766000
1776076768.348,268.348,0.99,0.99,0.01,0.01,0.0,0.0,70832.97,1776076767000
1776076768.703,268.703,0.99,0.99,0.01,0.01,0.0,0.0,70832.97,1776076767000
1776076770.323,270.323,0.99,0.99,0.01,0.01,0.0,0.0,70839.83,1776076769000
1776076771.393,271.393,0.99,0.99,0.01,0.01,0.0,0.0,70840.32,1776076770000
1776076771.969,271.969,0.99,0.99,0.01,0.01,0.0,0.0,70843.68,1776076771000
1776076772.964,272.964,0.99,0.99,0.01,0.01,0.0,0.0,70843.71,1776076772000
1776076774.131,274.131,0.99,0.99,0.01,0.01,0.0,0.0,70843.61,1776076773000
1776076775.242,275.242,0.99,0.99,0.01,0.01,0.0,0.0,70843.09,1776076774000
1776076776.473,276.473,0.99,0.99,0.01,0.01,0.0,0.0,70843.61,1776076775000
1776076777.009,277.009,0.99,0.99,0.01,0.01,0.0,0.0,70843.09,1776076776000
1776076778.221,278.221,0.99,0.99,0.01,0.01,0.0,0.0,70842.74,1776076777000
1776076779.511,279.511,0.99,0.99,0.01,0.01,0.0,0.0,70842.74,1776076778000
1776076780.223,280.223,0.99,0.99,0.01,0.01,0.0,0.0,70842.74,1776076778000
1776076781.081,281.081,0.99,0.99,0.01,0.01,0.0,0.0,70843.04,1776076780000
1776076782.802,282.802,0.99,0.99,0.01,0.01,0.0,0.0,70843.52,1776076781000
1776076783.646,283.646,0.99,0.99,0.01,0.01,0.0,0.0,70843.52,1776076782000
1776076784.273,284.273,0.99,0.99,0.01,0.01,0.0,0.0,70843.28,1776076783000
1776076784.793,284.793,0.99,0.99,0.01,0.01,0.0,0.0,70843.28,1776076783000
1776076785.509,285.509,0.99,0.99,0.01,0.01,0.0,0.0,70843.76,1776076784000
1776076786.128,286.128,0.99,0.99,0.01,0.01,0.0,0.0,70843.76,1776076785000
1776076787.313,287.313,0.99,0.99,0.01,0.01,0.0,0.0,70843.53,1776076786000
1776076788.459,288.459,0.99,0.99,0.01,0.01,0.0,0.0,70843.34,1776076787000
1776076789.037,289.037,0.99,0.99,0.01,0.01,0.0,0.0,70843.34,1776076788000
1776076790.822,290.822,0.99,0.99,0.01,0.01,0.0,0.0,70843.56,1776076789000
1776076791.517,291.517,0.99,0.99,0.01,0.01,0.0,0.0,70843.81,1776076790000
1776076791.878,291.878,0.99,0.99,0.01,0.01,0.0,0.0,70843.81,1776076790000
1776076793.393,293.393,0.99,0.99,0.01,0.01,0.0,0.0,70843.57,1776076792000
1776076794.106,294.106,0.99,0.99,0.01,0.01,0.0,0.0,70843.57,1776076793000
1776076795.194,295.194,0.99,0.99,0.01,0.01,0.0,0.0,70843.57,1776076793000
1776076795.713,295.713,0.99,0.99,0.01,0.01,0.0,0.0,70843.62,1776076794000
1776076796.078,296.078,0.99,0.99,0.01,0.01,0.0,0.0,70843.71,1776076795000
1776076797.007,297.007,0.99,0.99,0.01,0.01,0.0,0.0,70844.26,1776076796000
1776076798.009,298.009,0.99,0.99,0.01,0.01,0.0,0.0,70843.85,1776076797000
1776076798.827,298.827,0.99,0.99,0.01,0.01,0.0,0.0,70843.85,1776076797000
1776076800.09,300.09,0.99,0.99,0.01,0.01,0.0,0.0,70844.21,1776076799000
1776076801.089,301.089,0.99,0.99,0.01,0.01,0.0,0.0,70844.15,1776076800000
1776076802.132,302.132,0.99,0.99,0.01,0.01,0.0,0.0,70844.17,1776076801000

# RESULT,winner=Up,slug=btc-updown-5m-1776076500,ticks=606
