timestamp,elapsed_sec,up_bid,up_ask,down_bid,down_ask,up_spread,down_spread,btc_price,btc_oracle_ts
1776974100.521,0.521,0.5,0.52,0.48,0.5,0.02,0.02,77735.77,1776974099000
1776974100.915,0.915,0.47,0.51,0.49,0.5,0.04,0.01,77735.77,1776974099000
1776974101.273,1.273,0.51,0.53,0.47,0.49,0.02,0.02,77736.54,1776974100000
1776974102.05,2.05,0.52,0.53,0.47,0.48,0.01,0.01,77736.54,1776974100000
1776974102.408,2.408,0.52,0.53,0.47,0.48,0.01,0.01,77736.54,1776974100000
1776974102.774,2.774,0.56,0.58,0.43,0.46,0.02,0.03,77737.41,1776974101000
1776974103.149,3.149,0.56,0.57,0.43,0.44,0.01,0.01,77737.41,1776974101000
1776974103.519,3.519,0.56,0.57,0.43,0.45,0.01,0.02,77741.37,1776974102000
1776974104.028,4.028,0.56,0.57,0.43,0.44,0.01,0.01,77741.37,1776974102000
1776974104.516,4.516,0.56,0.57,0.43,0.44,0.01,0.01,77748.83,1776974103000
1776974105.477,5.477,0.52,0.53,0.46,0.49,0.01,0.03,77748.83,1776974103000
1776974106.43,6.43,0.52,0.53,0.47,0.48,0.01,0.01,77751.19,1776974105000
1776974106.765,6.765,0.52,0.53,0.47,0.48,0.01,0.01,77751.19,1776974105000
1776974107.142,7.142,0.5,0.52,0.48,0.49,0.02,0.01,77751.19,1776974105000
1776974107.493,7.493,0.46,0.49,0.51,0.54,0.03,0.03,77732.56,1776974106000
1776974107.829,7.829,0.46,0.49,0.51,0.54,0.03,0.03,77732.56,1776974106000
1776974108.361,8.361,0.46,0.5,0.5,0.54,0.04,0.04,77732.56,1776974106000
1776974108.719,8.719,0.47,0.49,0.51,0.53,0.02,0.02,77732.56,1776974106000
1776974109.302,9.302,0.47,0.48,0.52,0.53,0.01,0.01,77733.91,1776974107000
1776974109.682,9.682,0.47,0.48,0.52,0.53,0.01,0.01,77734.95,1776974108000
1776974110.025,10.025,0.47,0.48,0.52,0.53,0.01,0.01,77734.95,1776974108000
1776974110.378,10.378,0.47,0.48,0.52,0.53,0.01,0.01,77734.95,1776974108000
1776974110.815,10.815,0.47,0.48,0.52,0.53,0.01,0.01,77734.6,1776974109000
1776974111.206,11.206,0.47,0.48,0.52,0.53,0.01,0.01,77734.75,1776974110000
1776974111.603,11.603,0.47,0.48,0.52,0.53,0.01,0.01,77734.75,1776974110000
1776974112.099,12.099,0.47,0.48,0.52,0.53,0.01,0.01,77733.33,1776974111000
1776974112.788,12.788,0.47,0.48,0.52,0.53,0.01,0.01,77733.33,1776974111000
1776974113.125,13.125,0.47,0.48,0.52,0.53,0.01,0.01,77733.33,1776974112000
1776974114.105,14.105,0.47,0.48,0.52,0.53,0.01,0.01,77733.01,1776974113000
1776974114.484,14.484,0.47,0.48,0.52,0.53,0.01,0.01,77733.01,1776974113000
1776974115.053,15.053,0.47,0.49,0.52,0.53,0.02,0.01,77733.01,1776974113000
1776974115.636,15.636,0.48,0.49,0.51,0.53,0.01,0.02,77732.85,1776974114000
1776974116.125,16.125,0.52,0.54,0.46,0.48,0.02,0.02,77733.79,1776974115000
1776974116.672,16.672,0.52,0.54,0.46,0.48,0.02,0.02,77733.79,1776974115000
1776974117.036,17.036,0.53,0.54,0.46,0.47,0.01,0.01,77733.79,1776974115000
1776974117.445,17.445,0.55,0.56,0.44,0.46,0.01,0.02,77739.97,1776974116000
1776974117.792,17.792,0.55,0.57,0.44,0.45,0.02,0.01,77739.97,1776974116000
1776974118.157,18.157,0.56,0.57,0.43,0.44,0.01,0.01,77746.74,1776974117000
1776974118.741,18.741,0.56,0.57,0.43,0.44,0.01,0.01,77746.74,1776974117000
1776974119.1,19.1,0.56,0.57,0.43,0.44,0.01,0.01,77752.31,1776974118000
1776974119.615,19.615,0.56,0.57,0.43,0.44,0.01,0.01,77752.31,1776974118000
1776974120.025,20.025,0.56,0.57,0.43,0.44,0.01,0.01,77752.31,1776974118000
1776974120.526,20.526,0.56,0.57,0.43,0.44,0.01,0.01,77758.6,1776974119000
1776974121.204,21.204,0.56,0.57,0.43,0.44,0.01,0.01,77758.59,1776974120000
1776974121.76,21.76,0.56,0.57,0.43,0.44,0.01,0.01,77758.59,1776974120000
1776974122.151,22.151,0.56,0.57,0.43,0.44,0.01,0.01,77757.21,1776974121000
1776974122.717,22.717,0.56,0.57,0.43,0.44,0.01,0.01,77757.21,1776974121000
1776974123.257,23.257,0.57,0.58,0.42,0.44,0.01,0.02,77757.21,1776974121000
1776974123.878,23.878,0.57,0.58,0.42,0.43,0.01,0.01,77757.4,1776974122000
1776974124.229,24.229,0.57,0.58,0.42,0.43,0.01,0.01,77757.4,1776974122000
1776974124.739,24.739,0.55,0.57,0.43,0.44,0.02,0.01,77756.2,1776974123000
1776974125.336,25.336,0.55,0.56,0.43,0.45,0.01,0.02,77756.34,1776974124000
1776974126.193,26.193,0.55,0.56,0.44,0.45,0.01,0.01,77751.69,1776974125000
1776974126.602,26.602,0.55,0.57,0.44,0.45,0.02,0.01,77751.69,1776974125000
1776974126.999,26.999,0.56,0.57,0.43,0.44,0.01,0.01,77751.69,1776974125000
1776974127.403,27.403,0.56,0.57,0.43,0.44,0.01,0.01,77751.69,1776974125000
1776974127.923,27.923,0.56,0.58,0.42,0.44,0.02,0.02,77751.7,1776974127000
1776974128.951,28.951,0.57,0.58,0.42,0.43,0.01,0.01,77753.67,1776974128000
1776974129.317,29.317,0.57,0.58,0.42,0.43,0.01,0.01,77753.67,1776974128000
1776974129.769,29.769,0.57,0.58,0.42,0.43,0.01,0.01,77753.67,1776974128000
1776974130.19,30.19,0.57,0.58,0.42,0.43,0.01,0.01,77753.67,1776974128000
1776974130.862,30.862,0.57,0.58,0.42,0.43,0.01,0.01,77755.33,1776974129000
1776974131.273,31.273,0.56,0.57,0.43,0.44,0.01,0.01,77755.42,1776974130000
1776974132.339,32.339,0.56,0.57,0.43,0.44,0.01,0.01,77753.14,1776974131000
1776974132.785,32.785,0.56,0.57,0.43,0.44,0.01,0.01,77753.14,1776974131000
1776974133.218,33.218,0.56,0.57,0.43,0.44,0.01,0.01,77753.14,1776974132000
1776974133.722,33.722,0.56,0.57,0.43,0.44,0.01,0.01,77753.14,1776974132000
1776974134.851,34.851,0.56,0.57,0.43,0.44,0.01,0.01,77753.92,1776974133000
1776974135.288,35.288,0.56,0.57,0.43,0.44,0.01,0.01,77753.98,1776974134000
1776974135.798,35.798,0.56,0.57,0.43,0.44,0.01,0.01,77753.98,1776974134000
1776974136.326,36.326,0.56,0.57,0.43,0.44,0.01,0.01,77753.98,1776974134000
1776974136.796,36.796,0.56,0.57,0.43,0.44,0.01,0.01,77753.98,1776974135000
1776974137.164,37.164,0.56,0.57,0.43,0.44,0.01,0.01,77754.0,1776974136000
1776974137.747,37.747,0.56,0.57,0.43,0.44,0.01,0.01,77754.0,1776974136000
1776974138.096,38.096,0.56,0.57,0.43,0.44,0.01,0.01,77754.0,1776974136000
1776974138.574,38.574,0.56,0.57,0.43,0.44,0.01,0.01,77754.01,1776974137000
1776974139.078,39.078,0.56,0.57,0.43,0.44,0.01,0.01,77754.01,1776974138000
1776974139.478,39.478,0.56,0.57,0.41,0.44,0.01,0.03,77754.01,1776974138000
1776974139.853,39.853,0.56,0.57,0.43,0.44,0.01,0.01,77754.01,1776974138000
1776974140.626,40.626,0.56,0.57,0.43,0.44,0.01,0.01,77755.28,1776974139000
1776974141.146,41.146,0.56,0.57,0.43,0.44,0.01,0.01,77756.85,1776974140000
1776974141.903,41.903,0.56,0.57,0.43,0.44,0.01,0.01,77757.58,1776974141000
1776974142.24,42.24,0.56,0.57,0.43,0.44,0.01,0.01,77757.58,1776974141000
1776974142.624,42.624,0.56,0.57,0.43,0.44,0.01,0.01,77757.58,1776974141000
1776974143.036,43.036,0.56,0.57,0.43,0.44,0.01,0.01,77757.41,1776974142000
1776974143.422,43.422,0.56,0.57,0.43,0.44,0.01,0.01,77757.41,1776974142000
1776974143.944,43.944,0.56,0.57,0.43,0.44,0.01,0.01,77756.45,1776974143000
1776974144.295,44.295,0.56,0.57,0.43,0.44,0.01,0.01,77756.45,1776974143000
1776974144.67,44.67,0.56,0.57,0.43,0.44,0.01,0.01,77756.45,1776974143000
1776974145.056,45.056,0.56,0.59,0.43,0.44,0.03,0.01,77757.92,1776974144000
1776974145.991,45.991,0.57,0.59,0.41,0.43,0.02,0.02,77757.73,1776974145000
1776974146.423,46.423,0.58,0.59,0.41,0.42,0.01,0.01,77757.73,1776974145000
1776974146.967,46.967,0.58,0.59,0.41,0.42,0.01,0.01,77757.73,1776974145000
1776974147.304,47.304,0.58,0.59,0.41,0.42,0.01,0.01,77757.88,1776974146000
1776974147.845,47.845,0.58,0.59,0.41,0.42,0.01,0.01,77757.88,1776974146000
1776974148.264,48.264,0.58,0.59,0.41,0.42,0.01,0.01,77758.17,1776974147000
1776974148.609,48.609,0.58,0.59,0.41,0.42,0.01,0.01,77758.17,1776974147000
1776974148.995,48.995,0.58,0.59,0.41,0.42,0.01,0.01,77758.17,1776974147000
1776974149.405,49.405,0.58,0.59,0.41,0.42,0.01,0.01,77758.21,1776974148000
1776974149.763,49.763,0.58,0.59,0.41,0.42,0.01,0.01,77758.21,1776974148000
1776974150.147,50.147,0.59,0.6,0.4,0.41,0.01,0.01,77758.77,1776974149000
1776974150.564,50.564,0.58,0.59,0.41,0.42,0.01,0.01,77758.77,1776974149000
1776974150.913,50.913,0.58,0.59,0.41,0.42,0.01,0.01,77758.77,1776974149000
1776974151.267,51.267,0.58,0.59,0.41,0.42,0.01,0.01,77758.77,1776974149000
1776974151.742,51.742,0.58,0.59,0.41,0.42,0.01,0.01,77758.75,1776974150000
1776974152.083,52.083,0.58,0.59,0.41,0.42,0.01,0.01,77758.75,1776974151000
1776974152.532,52.532,0.58,0.59,0.41,0.42,0.01,0.01,77758.75,1776974151000
1776974152.966,52.966,0.58,0.59,0.41,0.42,0.01,0.01,77758.75,1776974151000
1776974153.541,53.541,0.57,0.59,0.41,0.42,0.02,0.01,77758.66,1776974152000
1776974153.88,53.88,0.52,0.54,0.45,0.47,0.02,0.02,77758.66,1776974152000
1776974154.217,54.217,0.49,0.5,0.5,0.51,0.01,0.01,77757.92,1776974153000
1776974154.562,54.562,0.47,0.48,0.52,0.53,0.01,0.01,77757.92,1776974153000
1776974154.979,54.979,0.47,0.48,0.52,0.53,0.01,0.01,77757.92,1776974153000
1776974155.328,55.328,0.47,0.48,0.52,0.53,0.01,0.01,77754.66,1776974154000
1776974155.731,55.731,0.47,0.48,0.52,0.53,0.01,0.01,77754.66,1776974154000
1776974156.122,56.122,0.47,0.48,0.52,0.53,0.01,0.01,77754.66,1776974154000
1776974156.503,56.503,0.47,0.48,0.52,0.53,0.01,0.01,77735.21,1776974155000
1776974156.889,56.889,0.47,0.48,0.52,0.53,0.01,0.01,77735.21,1776974155000
1776974157.28,57.28,0.47,0.48,0.52,0.53,0.01,0.01,77735.21,1776974156000
1776974157.795,57.795,0.47,0.48,0.52,0.53,0.01,0.01,77735.21,1776974156000
1776974158.368,58.368,0.47,0.48,0.52,0.53,0.01,0.01,77734.04,1776974157000
1776974159.324,59.324,0.47,0.48,0.52,0.53,0.01,0.01,77735.12,1776974158000
1776974159.678,59.678,0.47,0.48,0.52,0.53,0.01,0.01,77735.12,1776974158000
1776974160.352,60.352,0.47,0.48,0.52,0.54,0.01,0.02,77734.77,1776974159000
1776974160.729,60.729,0.47,0.48,0.52,0.53,0.01,0.01,77734.77,1776974159000
1776974161.121,61.121,0.47,0.48,0.52,0.53,0.01,0.01,77735.7,1776974160000
1776974161.512,61.512,0.47,0.49,0.51,0.53,0.02,0.02,77735.7,1776974160000
1776974161.881,61.881,0.46,0.47,0.53,0.54,0.01,0.01,77735.7,1776974160000
1776974162.257,62.257,0.46,0.47,0.52,0.54,0.01,0.02,77737.58,1776974161000
1776974162.652,62.652,0.47,0.48,0.52,0.53,0.01,0.01,77737.58,1776974161000
1776974163.075,63.075,0.47,0.48,0.52,0.53,0.01,0.01,77737.58,1776974161000
1776974163.409,63.409,0.47,0.48,0.52,0.53,0.01,0.01,77737.99,1776974162000
1776974163.791,63.791,0.47,0.48,0.52,0.53,0.01,0.01,77737.99,1776974162000
1776974164.257,64.257,0.47,0.48,0.52,0.53,0.01,0.01,77738.12,1776974163000
1776974164.711,64.711,0.46,0.47,0.53,0.54,0.01,0.01,77738.12,1776974163000
1776974165.191,65.191,0.46,0.47,0.53,0.54,0.01,0.01,77738.12,1776974164000
1776974165.593,65.593,0.46,0.47,0.53,0.54,0.01,0.01,77738.12,1776974164000
1776974165.996,65.996,0.46,0.48,0.52,0.54,0.02,0.02,77736.16,1776974165000
1776974166.453,66.453,0.47,0.49,0.52,0.53,0.02,0.01,77736.16,1776974165000
1776974166.922,66.922,0.48,0.49,0.51,0.52,0.01,0.01,77736.16,1776974165000
1776974167.535,67.535,0.48,0.49,0.51,0.52,0.01,0.01,77735.7,1776974166000
1776974168.071,68.071,0.48,0.49,0.51,0.52,0.01,0.01,77737.44,1776974167000
1776974168.552,68.552,0.48,0.49,0.51,0.52,0.01,0.01,77737.44,1776974167000
1776974168.885,68.885,0.48,0.5,0.51,0.52,0.02,0.01,77737.44,1776974167000
1776974169.23,69.23,0.48,0.49,0.51,0.52,0.01,0.01,77739.09,1776974168000
1776974169.567,69.567,0.48,0.49,0.51,0.52,0.01,0.01,77739.09,1776974168000
1776974170.032,70.032,0.48,0.49,0.51,0.52,0.01,0.01,77739.09,1776974168000
1776974170.394,70.394,0.48,0.49,0.51,0.52,0.01,0.01,77741.22,1776974169000
1776974170.757,70.757,0.48,0.5,0.51,0.52,0.02,0.01,77741.22,1776974169000
1776974171.092,71.092,0.49,0.5,0.5,0.51,0.01,0.01,77739.78,1776974170000
1776974171.534,71.534,0.49,0.5,0.5,0.51,0.01,0.01,77739.78,1776974170000
1776974171.881,71.881,0.44,0.48,0.51,0.55,0.04,0.04,77739.78,1776974170000
1776974172.222,72.222,0.44,0.48,0.54,0.57,0.04,0.03,77739.8,1776974171000
1776974172.714,72.714,0.44,0.46,0.54,0.56,0.02,0.02,77739.8,1776974171000
1776974173.076,73.076,0.44,0.45,0.55,0.56,0.01,0.01,77737.66,1776974172000
1776974173.519,73.519,0.44,0.45,0.55,0.56,0.01,0.01,77737.66,1776974172000
1776974173.889,73.889,0.46,0.47,0.52,0.56,0.01,0.04,77737.66,1776974172000
1776974174.389,74.389,0.46,0.47,0.53,0.54,0.01,0.01,77728.62,1776974173000
1776974174.755,74.755,0.46,0.47,0.53,0.54,0.01,0.01,77728.62,1776974173000
1776974175.161,75.161,0.46,0.47,0.53,0.54,0.01,0.01,77733.7,1776974174000
1776974175.786,75.786,0.46,0.47,0.53,0.54,0.01,0.01,77733.7,1776974174000
1776974176.19,76.19,0.46,0.47,0.53,0.54,0.01,0.01,77735.15,1776974175000
1776974176.593,76.593,0.46,0.47,0.53,0.54,0.01,0.01,77735.15,1776974175000
1776974177.081,77.081,0.46,0.47,0.53,0.54,0.01,0.01,77735.15,1776974175000
1776974177.528,77.528,0.46,0.47,0.53,0.54,0.01,0.01,77735.85,1776974176000
1776974178.137,78.137,0.46,0.47,0.53,0.54,0.01,0.01,77735.85,1776974176000
1776974178.727,78.727,0.46,0.47,0.53,0.54,0.01,0.01,77736.46,1776974177000
1776974179.079,79.079,0.46,0.47,0.53,0.54,0.01,0.01,77736.46,1776974177000
1776974179.503,79.503,0.46,0.47,0.53,0.54,0.01,0.01,77736.39,1776974178000
1776974180.039,80.039,0.46,0.47,0.53,0.54,0.01,0.01,77736.39,1776974178000
1776974180.393,80.393,0.48,0.49,0.51,0.52,0.01,0.01,77736.39,1776974178000
1776974180.727,80.727,0.48,0.49,0.51,0.52,0.01,0.01,77736.64,1776974179000
1776974181.225,81.225,0.48,0.49,0.51,0.52,0.01,0.01,77738.68,1776974180000
1776974181.702,81.702,0.48,0.49,0.51,0.52,0.01,0.01,77738.68,1776974180000
1776974182.048,82.048,0.48,0.49,0.51,0.52,0.01,0.01,77738.68,1776974180000
1776974182.464,82.464,0.48,0.49,0.51,0.52,0.01,0.01,77739.85,1776974181000
1776974182.854,82.854,0.48,0.49,0.51,0.52,0.01,0.01,77739.85,1776974181000
1776974183.273,83.273,0.48,0.49,0.51,0.52,0.01,0.01,77739.85,1776974182000
1776974184.204,84.204,0.48,0.49,0.51,0.52,0.01,0.01,77740.23,1776974183000
1776974185.199,85.199,0.48,0.49,0.51,0.52,0.01,0.01,77744.04,1776974184000
1776974185.569,85.569,0.48,0.49,0.51,0.52,0.01,0.01,77744.04,1776974184000
1776974186.249,86.249,0.48,0.49,0.51,0.52,0.01,0.01,77744.04,1776974184000
1776974186.653,86.653,0.48,0.51,0.49,0.52,0.03,0.03,77753.09,1776974185000
1776974187.209,87.209,0.49,0.51,0.49,0.51,0.02,0.02,77753.3,1776974186000
1776974187.572,87.572,0.5,0.52,0.48,0.5,0.02,0.02,77753.3,1776974186000
1776974187.956,87.956,0.5,0.53,0.47,0.5,0.03,0.03,77753.3,1776974186000
1776974188.41,88.41,0.5,0.53,0.47,0.5,0.03,0.03,77754.93,1776974187000
1776974188.778,88.778,0.51,0.54,0.47,0.49,0.03,0.02,77754.93,1776974187000
1776974189.129,89.129,0.54,0.57,0.43,0.46,0.03,0.03,77754.93,1776974187000
1776974189.611,89.611,0.57,0.58,0.42,0.43,0.01,0.01,77764.73,1776974188000
1776974190.005,90.005,0.59,0.6,0.4,0.41,0.01,0.01,77764.73,1776974188000
1776974190.359,90.359,0.59,0.6,0.4,0.41,0.01,0.01,77764.73,1776974189000
1776974190.701,90.701,0.59,0.6,0.4,0.41,0.01,0.01,77764.73,1776974189000
1776974191.072,91.072,0.59,0.6,0.4,0.41,0.01,0.01,77765.14,1776974190000
1776974191.622,91.622,0.59,0.6,0.4,0.41,0.01,0.01,77765.14,1776974190000
1776974191.99,91.99,0.59,0.6,0.4,0.41,0.01,0.01,77765.14,1776974190000
1776974192.503,92.503,0.59,0.6,0.4,0.41,0.01,0.01,77765.33,1776974191000
1776974192.923,92.923,0.59,0.6,0.4,0.41,0.01,0.01,77765.33,1776974191000
1776974193.727,93.727,0.59,0.6,0.4,0.41,0.01,0.01,77765.33,1776974191000
1776974194.289,94.289,0.59,0.6,0.4,0.41,0.01,0.01,77763.97,1776974193000
1776974194.777,94.777,0.57,0.59,0.41,0.42,0.02,0.01,77763.97,1776974193000
1776974195.211,95.211,0.57,0.58,0.42,0.43,0.01,0.01,77763.97,1776974193000
1776974195.572,95.572,0.57,0.58,0.42,0.43,0.01,0.01,77752.53,1776974194000
1776974196.042,96.042,0.57,0.58,0.42,0.43,0.01,0.01,77752.53,1776974194000
1776974196.379,96.379,0.55,0.57,0.43,0.45,0.02,0.02,77752.53,1776974195000
1776974196.814,96.814,0.55,0.56,0.44,0.46,0.01,0.02,77752.53,1776974195000
1776974197.273,97.273,0.55,0.56,0.44,0.45,0.01,0.01,77754.04,1776974196000
1776974197.897,97.897,0.55,0.56,0.44,0.45,0.01,0.01,77754.04,1776974196000
1776974198.634,98.634,0.55,0.56,0.44,0.45,0.01,0.01,77754.77,1776974197000
1776974198.998,98.998,0.55,0.56,0.44,0.45,0.01,0.01,77754.77,1776974197000
1776974199.397,99.397,0.55,0.56,0.44,0.45,0.01,0.01,77755.07,1776974198000
1776974199.853,99.853,0.55,0.56,0.44,0.45,0.01,0.01,77755.07,1776974198000
1776974200.719,100.719,0.55,0.56,0.44,0.45,0.01,0.01,77755.08,1776974199000
1776974201.106,101.106,0.55,0.56,0.44,0.45,0.01,0.01,77755.08,1776974200000
1776974201.452,101.452,0.55,0.56,0.44,0.45,0.01,0.01,77755.08,1776974200000
1776974201.937,101.937,0.55,0.56,0.44,0.45,0.01,0.01,77755.08,1776974200000
1776974202.69,102.69,0.55,0.56,0.44,0.45,0.01,0.01,77754.39,1776974201000
1776974203.238,103.238,0.55,0.56,0.44,0.45,0.01,0.01,77755.45,1776974202000
1776974203.625,103.625,0.55,0.57,0.43,0.45,0.02,0.02,77755.45,1776974202000
1776974204.045,104.045,0.55,0.58,0.42,0.45,0.03,0.03,77755.45,1776974202000
1776974204.603,104.603,0.55,0.56,0.44,0.45,0.01,0.01,77756.45,1776974203000
1776974205.195,105.195,0.55,0.57,0.43,0.45,0.02,0.02,77756.87,1776974204000
1776974205.913,105.913,0.56,0.57,0.43,0.45,0.01,0.02,77756.87,1776974204000
1776974206.322,106.322,0.56,0.58,0.42,0.44,0.02,0.02,77757.71,1776974205000
1776974206.748,106.748,0.56,0.58,0.42,0.44,0.02,0.02,77757.71,1776974205000
1776974207.129,107.129,0.56,0.57,0.43,0.44,0.01,0.01,77757.71,1776974205000
1776974207.466,107.466,0.57,0.58,0.43,0.44,0.01,0.01,77757.71,1776974205000
1776974207.818,107.818,0.57,0.58,0.42,0.43,0.01,0.01,77758.48,1776974206000
1776974208.319,108.319,0.59,0.6,0.41,0.42,0.01,0.01,77758.48,1776974207000
1776974209.026,109.026,0.59,0.6,0.4,0.41,0.01,0.01,77758.48,1776974207000
1776974209.59,109.59,0.59,0.6,0.4,0.41,0.01,0.01,77759.78,1776974208000
1776974209.935,109.935,0.59,0.6,0.4,0.41,0.01,0.01,77759.78,1776974208000
1776974210.341,110.341,0.58,0.59,0.41,0.42,0.01,0.01,77764.76,1776974209000
1776974210.733,110.733,0.58,0.59,0.41,0.42,0.01,0.01,77764.76,1776974209000
1776974211.286,111.286,0.58,0.59,0.41,0.42,0.01,0.01,77764.76,1776974209000
1776974211.912,111.912,0.58,0.59,0.41,0.42,0.01,0.01,77762.66,1776974211000
1776974212.605,112.605,0.58,0.59,0.41,0.42,0.01,0.01,77762.66,1776974211000
1776974213.023,113.023,0.58,0.59,0.41,0.42,0.01,0.01,77762.56,1776974212000
1776974213.483,113.483,0.58,0.59,0.41,0.42,0.01,0.01,77762.56,1776974212000
1776974213.827,113.827,0.58,0.59,0.41,0.42,0.01,0.01,77762.56,1776974212000
1776974214.744,114.744,0.58,0.59,0.41,0.42,0.01,0.01,77762.55,1776974213000
1776974215.086,115.086,0.58,0.59,0.41,0.42,0.01,0.01,77762.55,1776974213000
1776974215.839,115.839,0.58,0.59,0.41,0.42,0.01,0.01,77762.82,1776974214000
1776974216.194,116.194,0.58,0.59,0.41,0.42,0.01,0.01,77762.82,1776974214000
1776974216.693,116.693,0.58,0.59,0.41,0.42,0.01,0.01,77762.95,1776974215000
1776974217.027,117.027,0.58,0.59,0.41,0.42,0.01,0.01,77762.95,1776974215000
1776974217.462,117.462,0.58,0.59,0.41,0.42,0.01,0.01,77763.5,1776974216000
1776974217.828,117.828,0.58,0.59,0.41,0.42,0.01,0.01,77763.5,1776974216000
1776974218.746,118.746,0.58,0.59,0.41,0.42,0.01,0.01,77763.5,1776974217000
1776974219.092,119.092,0.58,0.59,0.41,0.42,0.01,0.01,77763.5,1776974217000
1776974219.434,119.434,0.58,0.59,0.41,0.42,0.01,0.01,77763.5,1776974217000
1776974219.993,119.993,0.58,0.61,0.4,0.42,0.03,0.02,77764.3,1776974218000
1776974220.36,120.36,0.6,0.61,0.39,0.4,0.01,0.01,77764.37,1776974219000
1776974220.722,120.722,0.6,0.61,0.39,0.4,0.01,0.01,77764.37,1776974219000
1776974221.22,121.22,0.63,0.64,0.36,0.37,0.01,0.01,77765.24,1776974220000
1776974222.397,122.397,0.63,0.64,0.36,0.37,0.01,0.01,77769.41,1776974221000
1776974222.817,122.817,0.63,0.64,0.36,0.37,0.01,0.01,77769.41,1776974221000
1776974223.221,123.221,0.63,0.64,0.36,0.37,0.01,0.01,77768.77,1776974222000
1776974224.065,124.065,0.63,0.64,0.36,0.37,0.01,0.01,77764.9,1776974223000
1776974224.759,124.759,0.63,0.64,0.36,0.37,0.01,0.01,77764.9,1776974223000
1776974225.118,125.118,0.6,0.62,0.38,0.39,0.02,0.01,77765.19,1776974224000
1776974225.511,125.511,0.61,0.62,0.38,0.39,0.01,0.01,77765.19,1776974224000
1776974226.045,126.045,0.61,0.62,0.38,0.39,0.01,0.01,77765.19,1776974224000
1776974226.482,126.482,0.61,0.62,0.38,0.39,0.01,0.01,77765.19,1776974225000
1776974226.826,126.826,0.61,0.62,0.38,0.39,0.01,0.01,77765.19,1776974225000
1776974227.258,127.258,0.61,0.62,0.38,0.39,0.01,0.01,77765.3,1776974226000
1776974227.649,127.649,0.61,0.62,0.38,0.39,0.01,0.01,77765.3,1776974226000
1776974228.078,128.078,0.66,0.67,0.33,0.34,0.01,0.01,77765.33,1776974227000
1776974228.65,128.65,0.66,0.67,0.33,0.35,0.01,0.02,77765.33,1776974227000
1776974229.16,129.16,0.66,0.67,0.33,0.34,0.01,0.01,77773.16,1776974228000
1776974229.576,129.576,0.66,0.67,0.33,0.34,0.01,0.01,77773.16,1776974228000
1776974230.095,130.095,0.66,0.67,0.33,0.34,0.01,0.01,77773.16,1776974228000
1776974230.439,130.439,0.66,0.67,0.33,0.34,0.01,0.01,77780.89,1776974229000
1776974230.775,130.775,0.66,0.68,0.32,0.34,0.02,0.02,77780.89,1776974229000
1776974231.153,131.153,0.66,0.69,0.31,0.34,0.03,0.03,77780.89,1776974229000
1776974231.505,131.505,0.66,0.67,0.33,0.34,0.01,0.01,77780.89,1776974230000
1776974231.899,131.899,0.66,0.67,0.33,0.34,0.01,0.01,77780.89,1776974230000
1776974232.233,132.233,0.66,0.67,0.33,0.34,0.01,0.01,77782.82,1776974231000
1776974232.6,132.6,0.66,0.67,0.33,0.34,0.01,0.01,77782.82,1776974231000
1776974232.94,132.94,0.66,0.67,0.33,0.34,0.01,0.01,77782.82,1776974231000
1776974233.316,133.316,0.66,0.67,0.33,0.34,0.01,0.01,77782.82,1776974231000
1776974233.698,133.698,0.66,0.67,0.33,0.34,0.01,0.01,77779.87,1776974232000
1776974234.033,134.033,0.66,0.67,0.33,0.34,0.01,0.01,77778.97,1776974233000
1776974234.52,134.52,0.66,0.67,0.33,0.34,0.01,0.01,77778.97,1776974233000
1776974235.142,135.142,0.66,0.68,0.32,0.34,0.02,0.02,77777.79,1776974234000
1776974235.693,135.693,0.67,0.68,0.32,0.33,0.01,0.01,77777.79,1776974234000
1776974236.253,136.253,0.67,0.68,0.32,0.33,0.01,0.01,77777.7,1776974235000
1776974236.61,136.61,0.67,0.68,0.32,0.33,0.01,0.01,77777.7,1776974235000
1776974237.064,137.064,0.67,0.68,0.32,0.33,0.01,0.01,77777.7,1776974235000
1776974237.969,137.969,0.67,0.68,0.32,0.33,0.01,0.01,77778.36,1776974236000
1776974238.497,138.497,0.67,0.68,0.32,0.33,0.01,0.01,77778.36,1776974237000
1776974238.867,138.867,0.67,0.68,0.32,0.33,0.01,0.01,77778.36,1776974237000
1776974239.355,139.355,0.67,0.68,0.32,0.33,0.01,0.01,77777.64,1776974238000
1776974239.73,139.73,0.67,0.68,0.32,0.33,0.01,0.01,77777.64,1776974238000
1776974240.269,140.269,0.67,0.68,0.32,0.33,0.01,0.01,77777.64,1776974239000
1776974240.786,140.786,0.67,0.68,0.32,0.33,0.01,0.01,77777.64,1776974239000
1776974241.405,141.405,0.67,0.69,0.31,0.33,0.02,0.02,77777.64,1776974240000
1776974241.868,141.868,0.68,0.69,0.31,0.32,0.01,0.01,77777.64,1776974240000
1776974242.505,142.505,0.68,0.69,0.31,0.32,0.01,0.01,77777.66,1776974241000
1776974242.942,142.942,0.68,0.69,0.31,0.32,0.01,0.01,77777.66,1776974241000
1776974243.541,143.541,0.68,0.69,0.31,0.32,0.01,0.01,77778.76,1776974242000
1776974243.957,143.957,0.68,0.69,0.31,0.32,0.01,0.01,77778.76,1776974242000
1776974244.364,144.364,0.69,0.7,0.31,0.32,0.01,0.01,77777.91,1776974243000
1776974244.767,144.767,0.69,0.7,0.3,0.31,0.01,0.01,77777.91,1776974243000
1776974245.304,145.304,0.69,0.7,0.3,0.31,0.01,0.01,77777.91,1776974243000
1776974245.719,145.719,0.69,0.7,0.3,0.31,0.01,0.01,77778.39,1776974244000
1776974246.327,146.327,0.69,0.7,0.3,0.31,0.01,0.01,77778.39,1776974245000
1776974246.735,146.735,0.69,0.7,0.3,0.31,0.01,0.01,77778.39,1776974245000
1776974247.511,147.511,0.69,0.7,0.3,0.31,0.01,0.01,77779.13,1776974246000
1776974247.937,147.937,0.69,0.7,0.3,0.31,0.01,0.01,77779.13,1776974246000
1776974248.822,148.822,0.69,0.7,0.3,0.31,0.01,0.01,77779.53,1776974247000
1776974249.443,149.443,0.69,0.7,0.3,0.31,0.01,0.01,77779.54,1776974248000
1776974250.177,150.177,0.69,0.7,0.3,0.31,0.01,0.01,77779.55,1776974249000
1776974250.614,150.614,0.69,0.7,0.3,0.31,0.01,0.01,77779.55,1776974249000
1776974250.956,150.956,0.58,0.59,0.41,0.42,0.01,0.01,77779.55,1776974249000
1776974251.355,151.355,0.61,0.62,0.38,0.39,0.01,0.01,77779.48,1776974250000
1776974251.709,151.709,0.61,0.62,0.38,0.39,0.01,0.01,77779.48,1776974250000
1776974252.124,152.124,0.62,0.63,0.37,0.38,0.01,0.01,77779.48,1776974250000
1776974252.483,152.483,0.62,0.63,0.37,0.38,0.01,0.01,77779.48,1776974250000
1776974252.88,152.88,0.63,0.64,0.36,0.37,0.01,0.01,77765.43,1776974251000
1776974253.349,153.349,0.63,0.64,0.36,0.37,0.01,0.01,77766.51,1776974252000
1776974253.839,153.839,0.63,0.64,0.36,0.37,0.01,0.01,77766.51,1776974252000
1776974254.202,154.202,0.64,0.65,0.35,0.36,0.01,0.01,77767.13,1776974253000
1776974255.225,155.225,0.64,0.65,0.35,0.36,0.01,0.01,77769.18,1776974254000
1776974256.196,156.196,0.64,0.65,0.35,0.36,0.01,0.01,77768.25,1776974255000
1776974257.215,157.215,0.64,0.65,0.35,0.36,0.01,0.01,77768.25,1776974255000
1776974257.582,157.582,0.64,0.68,0.32,0.36,0.04,0.04,77782.45,1776974256000
1776974257.928,157.928,0.68,0.71,0.29,0.32,0.03,0.03,77782.45,1776974257000
1776974258.343,158.343,0.68,0.71,0.29,0.32,0.03,0.03,77782.45,1776974257000
1776974258.677,158.677,0.71,0.72,0.28,0.29,0.01,0.01,77782.45,1776974257000
1776974259.048,159.048,0.7,0.72,0.28,0.3,0.02,0.02,77783.48,1776974258000
1776974259.388,159.388,0.7,0.72,0.28,0.3,0.02,0.02,77783.48,1776974258000
1776974259.769,159.769,0.7,0.72,0.28,0.3,0.02,0.02,77783.48,1776974258000
1776974260.365,160.365,0.72,0.73,0.27,0.28,0.01,0.01,77783.16,1776974259000
1776974260.807,160.807,0.71,0.72,0.28,0.29,0.01,0.01,77783.16,1776974259000
1776974261.232,161.232,0.71,0.72,0.28,0.29,0.01,0.01,77783.16,1776974259000
1776974262.132,162.132,0.71,0.72,0.28,0.29,0.01,0.01,77783.72,1776974260000
1776974262.644,162.644,0.71,0.72,0.28,0.29,0.01,0.01,77783.54,1776974261000
1776974263.009,163.009,0.71,0.72,0.28,0.29,0.01,0.01,77782.28,1776974262000
1776974263.571,163.571,0.71,0.73,0.28,0.29,0.02,0.01,77782.28,1776974262000
1776974264.298,164.298,0.72,0.73,0.27,0.28,0.01,0.01,77782.83,1776974263000
1776974264.706,164.706,0.72,0.73,0.27,0.28,0.01,0.01,77782.83,1776974263000
1776974266.049,166.049,0.72,0.73,0.27,0.28,0.01,0.01,77783,1776974265000
1776974266.391,166.391,0.72,0.73,0.27,0.28,0.01,0.01,77783,1776974265000
1776974266.887,166.887,0.72,0.73,0.27,0.28,0.01,0.01,77783,1776974265000
1776974267.475,167.475,0.72,0.73,0.27,0.28,0.01,0.01,77783,1776974266000
1776974267.826,167.826,0.72,0.73,0.27,0.28,0.01,0.01,77783,1776974266000
1776974268.33,168.33,0.72,0.73,0.27,0.28,0.01,0.01,77784.41,1776974267000
1776974268.879,168.879,0.72,0.73,0.27,0.28,0.01,0.01,77784.41,1776974267000
1776974269.23,169.23,0.72,0.74,0.26,0.28,0.02,0.02,77784.41,1776974268000
1776974269.634,169.634,0.76,0.78,0.22,0.25,0.02,0.03,77784.41,1776974268000
1776974270.004,170.004,0.77,0.78,0.22,0.23,0.01,0.01,77784.41,1776974268000
1776974270.38,170.38,0.78,0.79,0.21,0.22,0.01,0.01,77784.87,1776974269000
1776974270.834,170.834,0.78,0.79,0.21,0.22,0.01,0.01,77784.87,1776974269000
1776974271.24,171.24,0.78,0.79,0.21,0.22,0.01,0.01,77792.5,1776974270000
1776974271.769,171.769,0.78,0.79,0.21,0.22,0.01,0.01,77792.5,1776974270000
1776974272.116,172.116,0.78,0.79,0.21,0.22,0.01,0.01,77792.5,1776974270000
1776974272.457,172.457,0.78,0.79,0.21,0.22,0.01,0.01,77796.63,1776974271000
1776974272.897,172.897,0.78,0.79,0.21,0.22,0.01,0.01,77796.63,1776974271000
1776974273.258,173.258,0.78,0.8,0.2,0.22,0.02,0.02,77796.87,1776974272000
1776974273.688,173.688,0.79,0.8,0.2,0.22,0.01,0.02,77796.87,1776974272000
1776974274.033,174.033,0.79,0.8,0.2,0.22,0.01,0.02,77796.87,1776974272000
1776974274.889,174.889,0.79,0.8,0.2,0.21,0.01,0.01,77799.56,1776974273000
1776974275.314,175.314,0.79,0.8,0.2,0.21,0.01,0.01,77800.98,1776974274000
1776974275.99,175.99,0.79,0.8,0.2,0.21,0.01,0.01,77800.98,1776974274000
1776974276.393,176.393,0.79,0.81,0.19,0.21,0.02,0.02,77802.62,1776974275000
1776974276.758,176.758,0.79,0.8,0.19,0.21,0.01,0.02,77802.62,1776974275000
1776974277.091,177.091,0.79,0.81,0.19,0.21,0.02,0.02,77802.62,1776974275000
1776974277.654,177.654,0.79,0.82,0.18,0.21,0.03,0.03,77803.22,1776974276000
1776974278.097,178.097,0.8,0.81,0.18,0.21,0.01,0.03,77803.63,1776974277000
1776974278.46,178.46,0.8,0.81,0.17,0.2,0.01,0.03,77803.63,1776974277000
1776974278.861,178.861,0.8,0.81,0.17,0.2,0.01,0.03,77803.63,1776974277000
1776974279.383,179.383,0.81,0.82,0.18,0.2,0.01,0.02,77803.19,1776974278000
1776974279.752,179.752,0.81,0.82,0.18,0.19,0.01,0.01,77803.19,1776974278000
1776974280.115,180.115,0.81,0.82,0.18,0.19,0.01,0.01,77803.58,1776974279000
1776974280.461,180.461,0.81,0.82,0.18,0.19,0.01,0.01,77803.58,1776974279000
1776974280.816,180.816,0.81,0.82,0.18,0.19,0.01,0.01,77803.58,1776974279000
1776974281.184,181.184,0.77,0.78,0.22,0.24,0.01,0.02,77803.72,1776974280000
1776974281.523,181.523,0.75,0.76,0.24,0.26,0.01,0.02,77803.72,1776974280000
1776974281.864,181.864,0.75,0.76,0.24,0.25,0.01,0.01,77803.72,1776974280000
1776974282.2,182.2,0.75,0.76,0.24,0.25,0.01,0.01,77802.45,1776974281000
1776974282.596,182.596,0.75,0.76,0.24,0.25,0.01,0.01,77802.45,1776974281000
1776974282.934,182.934,0.74,0.76,0.25,0.26,0.02,0.01,77802.45,1776974281000
1776974283.346,183.346,0.75,0.76,0.24,0.25,0.01,0.01,77788.63,1776974282000
1776974283.762,183.762,0.75,0.76,0.24,0.25,0.01,0.01,77788.63,1776974282000
1776974284.378,184.378,0.75,0.76,0.24,0.25,0.01,0.01,77788.25,1776974283000
1776974284.859,184.859,0.75,0.76,0.24,0.25,0.01,0.01,77788.25,1776974283000
1776974285.319,185.319,0.75,0.76,0.24,0.25,0.01,0.01,77788.25,1776974284000
1776974285.697,185.697,0.75,0.76,0.24,0.25,0.01,0.01,77788.25,1776974284000
1776974286.032,186.032,0.75,0.76,0.24,0.25,0.01,0.01,77788.25,1776974284000
1776974286.374,186.374,0.75,0.76,0.24,0.25,0.01,0.01,77787.86,1776974285000
1776974286.757,186.757,0.75,0.76,0.24,0.25,0.01,0.01,77787.86,1776974285000
1776974287.134,187.134,0.75,0.76,0.24,0.25,0.01,0.01,77787.86,1776974285000
1776974287.496,187.496,0.76,0.77,0.23,0.24,0.01,0.01,77787.97,1776974286000
1776974287.894,187.894,0.76,0.77,0.23,0.24,0.01,0.01,77787.97,1776974286000
1776974288.276,188.276,0.76,0.77,0.23,0.24,0.01,0.01,77787.97,1776974287000
1776974288.659,188.659,0.76,0.77,0.23,0.24,0.01,0.01,77787.97,1776974287000
1776974289.062,189.062,0.76,0.77,0.23,0.24,0.01,0.01,77787.97,1776974287000
1776974289.663,189.663,0.76,0.77,0.23,0.24,0.01,0.01,77787.91,1776974288000
1776974290.099,190.099,0.76,0.77,0.23,0.24,0.01,0.01,77787.89,1776974289000
1776974290.461,190.461,0.76,0.77,0.23,0.24,0.01,0.01,77787.89,1776974289000
1776974290.812,190.812,0.75,0.76,0.24,0.25,0.01,0.01,77787.89,1776974289000
1776974291.235,191.235,0.75,0.76,0.24,0.25,0.01,0.01,77789.2,1776974290000
1776974291.698,191.698,0.75,0.76,0.24,0.25,0.01,0.01,77789.2,1776974290000
1776974292.223,192.223,0.75,0.76,0.24,0.25,0.01,0.01,77785.15,1776974291000
1776974293.418,193.418,0.74,0.76,0.24,0.25,0.02,0.01,77785.15,1776974291000
1776974293.916,193.916,0.75,0.76,0.24,0.25,0.01,0.01,77783.56,1776974292000
1776974294.505,194.505,0.75,0.76,0.24,0.25,0.01,0.01,77783.58,1776974293000
1776974295.376,195.376,0.74,0.76,0.24,0.25,0.02,0.01,77783.58,1776974293000
1776974295.87,195.87,0.74,0.75,0.24,0.26,0.01,0.02,77784.04,1776974294000
1776974296.329,196.329,0.74,0.75,0.25,0.26,0.01,0.01,77784.04,1776974294000
1776974296.76,196.76,0.74,0.75,0.25,0.26,0.01,0.01,77784.04,1776974294000
1776974297.096,197.096,0.74,0.75,0.25,0.26,0.01,0.01,77784.65,1776974295000
1776974297.601,197.601,0.74,0.75,0.25,0.26,0.01,0.01,77784.04,1776974296000
1776974298.141,198.141,0.74,0.75,0.25,0.26,0.01,0.01,77784.04,1776974296000
1776974298.594,198.594,0.74,0.75,0.25,0.26,0.01,0.01,77784.02,1776974297000
1776974298.966,198.966,0.74,0.75,0.25,0.26,0.01,0.01,77784.02,1776974297000
1776974299.505,199.505,0.73,0.75,0.25,0.26,0.02,0.01,77785.0,1776974298000
1776974299.858,199.858,0.66,0.68,0.31,0.37,0.02,0.06,77785.0,1776974298000
1776974300.29,200.29,0.65,0.67,0.33,0.35,0.02,0.02,77785.0,1776974298000
1776974300.665,200.665,0.66,0.67,0.33,0.34,0.01,0.01,77786.51,1776974299000
1776974301.053,201.053,0.66,0.67,0.33,0.34,0.01,0.01,77786.51,1776974299000
1776974301.589,201.589,0.66,0.67,0.33,0.34,0.01,0.01,77780.03,1776974300000
1776974301.947,201.947,0.66,0.67,0.33,0.34,0.01,0.01,77780.03,1776974300000
1776974302.465,202.465,0.66,0.67,0.33,0.34,0.01,0.01,77780.03,1776974300000
1776974303.045,203.045,0.66,0.67,0.33,0.34,0.01,0.01,77768.8,1776974301000
1776974303.429,203.429,0.66,0.67,0.33,0.34,0.01,0.01,77767.72,1776974302000
1776974303.797,203.797,0.66,0.67,0.33,0.34,0.01,0.01,77767.72,1776974302000
1776974304.417,204.417,0.66,0.68,0.33,0.34,0.02,0.01,77768.23,1776974303000
1776974304.834,204.834,0.68,0.69,0.31,0.32,0.01,0.01,77768.23,1776974303000
1776974305.418,205.418,0.68,0.69,0.31,0.32,0.01,0.01,77768.23,1776974303000
1776974305.765,205.765,0.68,0.69,0.31,0.32,0.01,0.01,77767.93,1776974304000
1776974306.178,206.178,0.68,0.69,0.31,0.32,0.01,0.01,77768.69,1776974305000
1776974307.491,207.491,0.68,0.69,0.31,0.32,0.01,0.01,77768.69,1776974305000
1776974307.847,207.847,0.55,0.57,0.43,0.45,0.02,0.02,77770.48,1776974306000
1776974308.193,208.193,0.56,0.57,0.43,0.44,0.01,0.01,77770.48,1776974306000
1776974308.628,208.628,0.59,0.6,0.4,0.41,0.01,0.01,77770.66,1776974307000
1776974309.081,209.081,0.59,0.6,0.4,0.41,0.01,0.01,77770.66,1776974307000
1776974309.7,209.7,0.59,0.6,0.4,0.41,0.01,0.01,77763.89,1776974308000
1776974310.209,210.209,0.59,0.6,0.4,0.41,0.01,0.01,77763.89,1776974308000
1776974310.578,210.578,0.59,0.6,0.4,0.41,0.01,0.01,77763.89,1776974308000
1776974310.979,210.979,0.59,0.6,0.4,0.41,0.01,0.01,77763.89,1776974308000
1776974311.493,211.493,0.59,0.61,0.4,0.41,0.02,0.01,77760.22,1776974310000
1776974311.89,211.89,0.6,0.61,0.39,0.4,0.01,0.01,77760.22,1776974310000
1776974312.245,212.245,0.6,0.61,0.39,0.4,0.01,0.01,77759.78,1776974311000
1776974312.613,212.613,0.61,0.63,0.39,0.4,0.02,0.01,77759.78,1776974311000
1776974313.029,213.029,0.64,0.65,0.35,0.36,0.01,0.01,77758.12,1776974312000
1776974313.4,213.4,0.64,0.65,0.35,0.36,0.01,0.01,77758.12,1776974312000
1776974313.777,213.777,0.64,0.65,0.35,0.36,0.01,0.01,77758.12,1776974312000
1776974314.185,214.185,0.65,0.66,0.34,0.35,0.01,0.01,77759.78,1776974313000
1776974314.54,214.54,0.66,0.67,0.33,0.34,0.01,0.01,77759.78,1776974313000
1776974314.979,214.979,0.67,0.68,0.33,0.34,0.01,0.01,77759.78,1776974313000
1776974315.515,215.515,0.68,0.69,0.31,0.32,0.01,0.01,77760.63,1776974314000
1776974315.864,215.864,0.69,0.7,0.3,0.31,0.01,0.01,77762.65,1776974315000
1776974316.216,216.216,0.69,0.7,0.3,0.31,0.01,0.01,77762.65,1776974315000
1776974316.565,216.565,0.69,0.7,0.3,0.31,0.01,0.01,77762.65,1776974315000
1776974317.0,217.0,0.7,0.71,0.3,0.31,0.01,0.01,77762.65,1776974315000
1776974317.378,217.378,0.7,0.72,0.29,0.3,0.02,0.01,77765.29,1776974316000
1776974317.818,217.818,0.71,0.72,0.28,0.29,0.01,0.01,77765.29,1776974316000
1776974318.639,218.639,0.71,0.72,0.28,0.29,0.01,0.01,77769.03,1776974317000
1776974318.985,218.985,0.71,0.72,0.28,0.29,0.01,0.01,77769.84,1776974318000
1776974319.528,219.528,0.71,0.72,0.28,0.29,0.01,0.01,77769.84,1776974318000
1776974319.948,219.948,0.71,0.72,0.28,0.29,0.01,0.01,77771.94,1776974319000
1776974320.434,220.434,0.71,0.72,0.28,0.29,0.01,0.01,77771.94,1776974319000
1776974320.809,220.809,0.7,0.72,0.28,0.29,0.02,0.01,77771.94,1776974319000
1776974321.22,221.22,0.7,0.71,0.29,0.3,0.01,0.01,77771.34,1776974320000
1776974321.648,221.648,0.69,0.71,0.29,0.31,0.02,0.02,77771.34,1776974320000
1776974322.019,222.019,0.69,0.7,0.3,0.31,0.01,0.01,77771.33,1776974321000
1776974322.511,222.511,0.69,0.7,0.3,0.31,0.01,0.01,77771.33,1776974321000
1776974322.902,222.902,0.69,0.7,0.3,0.31,0.01,0.01,77771.33,1776974321000
1776974323.439,223.439,0.69,0.7,0.3,0.31,0.01,0.01,77767.57,1776974322000
1776974323.778,223.778,0.6,0.61,0.39,0.4,0.01,0.01,77767.57,1776974322000
1776974324.143,224.143,0.6,0.61,0.39,0.4,0.01,0.01,77767.57,1776974322000
1776974324.525,224.525,0.6,0.61,0.39,0.4,0.01,0.01,77768.29,1776974323000
1776974324.939,224.939,0.6,0.61,0.39,0.4,0.01,0.01,77768.29,1776974323000
1776974325.401,225.401,0.61,0.62,0.39,0.4,0.01,0.01,77768.29,1776974323000
1776974325.78,225.78,0.63,0.65,0.36,0.37,0.02,0.01,77766.34,1776974324000
1776974326.253,226.253,0.64,0.65,0.35,0.36,0.01,0.01,77762.4,1776974325000
1776974326.603,226.603,0.64,0.66,0.35,0.36,0.02,0.01,77762.4,1776974325000
1776974327.026,227.026,0.65,0.66,0.34,0.35,0.01,0.01,77762.4,1776974325000
1776974327.377,227.377,0.65,0.66,0.34,0.35,0.01,0.01,77761.12,1776974326000
1776974327.739,227.739,0.65,0.66,0.34,0.35,0.01,0.01,77761.12,1776974326000
1776974328.148,228.148,0.65,0.66,0.34,0.35,0.01,0.01,77761.12,1776974326000
1776974328.83,228.83,0.66,0.67,0.34,0.35,0.01,0.01,77762.8,1776974327000
1776974329.271,229.271,0.67,0.68,0.33,0.34,0.01,0.01,77763.43,1776974328000
1776974329.788,229.788,0.69,0.7,0.3,0.31,0.01,0.01,77763.43,1776974328000
1776974330.343,230.343,0.69,0.7,0.3,0.31,0.01,0.01,77763.53,1776974329000
1776974330.911,230.911,0.7,0.72,0.3,0.31,0.02,0.01,77763.53,1776974329000
1776974331.342,231.342,0.71,0.72,0.28,0.29,0.01,0.01,77765.66,1776974330000
1776974332.117,232.117,0.71,0.72,0.28,0.29,0.01,0.01,77767.1,1776974331000
1776974332.552,232.552,0.72,0.73,0.27,0.28,0.01,0.01,77767.1,1776974331000
1776974333.208,233.208,0.72,0.73,0.27,0.28,0.01,0.01,77769.68,1776974332000
1776974333.6,233.6,0.72,0.73,0.27,0.28,0.01,0.01,77769.68,1776974332000
1776974334.215,234.215,0.73,0.74,0.26,0.28,0.01,0.02,77769.68,1776974332000
1776974334.603,234.603,0.73,0.74,0.26,0.27,0.01,0.01,77769.71,1776974333000
1776974335.175,235.175,0.73,0.74,0.26,0.27,0.01,0.01,77769.71,1776974333000
1776974335.545,235.545,0.73,0.74,0.26,0.27,0.01,0.01,77769.71,1776974333000
1776974336.016,236.016,0.73,0.74,0.26,0.27,0.01,0.01,77770.04,1776974335000
1776974336.587,236.587,0.73,0.74,0.26,0.27,0.01,0.01,77770.04,1776974335000
1776974336.968,236.968,0.73,0.74,0.26,0.27,0.01,0.01,77770.04,1776974335000
1776974337.337,237.337,0.73,0.74,0.26,0.27,0.01,0.01,77770.05,1776974336000
1776974337.851,237.851,0.73,0.74,0.26,0.27,0.01,0.01,77770.05,1776974336000
1776974338.291,238.291,0.72,0.73,0.26,0.28,0.01,0.02,77770.05,1776974336000
1776974338.871,238.871,0.72,0.73,0.27,0.28,0.01,0.01,77768.19,1776974338000
1776974339.5,239.5,0.72,0.73,0.27,0.28,0.01,0.01,77768.19,1776974338000
1776974339.844,239.844,0.72,0.73,0.27,0.28,0.01,0.01,77768.19,1776974338000
1776974340.224,240.224,0.72,0.73,0.27,0.28,0.01,0.01,77767.39,1776974339000
1776974340.603,240.603,0.71,0.72,0.28,0.29,0.01,0.01,77767.39,1776974339000
1776974340.985,240.985,0.71,0.72,0.28,0.29,0.01,0.01,77767.39,1776974339000
1776974341.409,241.409,0.71,0.72,0.28,0.29,0.01,0.01,77767.16,1776974340000
1776974341.873,241.873,0.71,0.72,0.28,0.29,0.01,0.01,77767.16,1776974340000
1776974342.313,242.313,0.71,0.72,0.28,0.29,0.01,0.01,77766.93,1776974341000
1776974342.811,242.811,0.71,0.72,0.28,0.29,0.01,0.01,77766.93,1776974341000
1776974343.196,243.196,0.72,0.73,0.27,0.28,0.01,0.01,77766.93,1776974341000
1776974343.542,243.542,0.72,0.73,0.27,0.28,0.01,0.01,77768.0,1776974342000
1776974343.96,243.96,0.71,0.72,0.27,0.28,0.01,0.01,77768.0,1776974342000
1776974344.376,244.376,0.71,0.72,0.28,0.29,0.01,0.01,77769.32,1776974343000
1776974344.861,244.861,0.72,0.73,0.27,0.28,0.01,0.01,77769.32,1776974343000
1776974345.428,245.428,0.72,0.74,0.26,0.28,0.02,0.02,77770.83,1776974344000
1776974345.915,245.915,0.73,0.74,0.26,0.27,0.01,0.01,77770.83,1776974344000
1776974346.254,246.254,0.72,0.73,0.27,0.28,0.01,0.01,77770.91,1776974345000
1776974346.626,246.626,0.69,0.7,0.3,0.31,0.01,0.01,77770.91,1776974345000
1776974347.012,247.012,0.62,0.63,0.37,0.38,0.01,0.01,77770.91,1776974345000
1776974347.418,247.418,0.62,0.63,0.37,0.38,0.01,0.01,77770.52,1776974346000
1776974347.761,247.761,0.63,0.64,0.37,0.38,0.01,0.01,77770.52,1776974346000
1776974348.351,248.351,0.62,0.63,0.37,0.38,0.01,0.01,77770.52,1776974346000
1776974348.771,248.771,0.61,0.62,0.38,0.39,0.01,0.01,77766.7,1776974347000
1776974349.14,249.14,0.59,0.6,0.39,0.41,0.01,0.02,77766.7,1776974347000
1776974349.511,249.511,0.59,0.6,0.4,0.41,0.01,0.01,77762.1,1776974348000
1776974349.871,249.871,0.59,0.6,0.4,0.41,0.01,0.01,77762.1,1776974348000
1776974350.259,250.259,0.57,0.58,0.42,0.43,0.01,0.01,77761.47,1776974349000
1776974350.626,250.626,0.56,0.57,0.43,0.44,0.01,0.01,77761.47,1776974349000
1776974351.175,251.175,0.56,0.63,0.37,0.44,0.07,0.07,77757.52,1776974350000
1776974351.655,251.655,0.56,0.58,0.43,0.44,0.02,0.01,77757.52,1776974350000
1776974352.129,252.129,0.66,0.67,0.33,0.35,0.01,0.02,77757.52,1776974350000
1776974352.502,252.502,0.69,0.7,0.3,0.32,0.01,0.02,77757.52,1776974350000
1776974352.842,252.842,0.68,0.7,0.3,0.31,0.02,0.01,77756.09,1776974351000
1776974353.3,253.3,0.57,0.58,0.42,0.43,0.01,0.01,77756.09,1776974351000
1776974353.752,253.752,0.56,0.57,0.43,0.44,0.01,0.01,77757.78,1776974352000
1776974354.155,254.155,0.55,0.56,0.43,0.45,0.01,0.02,77757.78,1776974352000
1776974354.66,254.66,0.54,0.55,0.45,0.46,0.01,0.01,77760.69,1776974353000
1776974355.017,255.017,0.5,0.51,0.49,0.5,0.01,0.01,77760.69,1776974353000
1776974355.365,255.365,0.5,0.51,0.49,0.5,0.01,0.01,77760.69,1776974353000
1776974355.711,255.711,0.43,0.44,0.56,0.57,0.01,0.01,77760.69,1776974353000
1776974356.102,256.102,0.42,0.43,0.57,0.58,0.01,0.01,77754.86,1776974354000
1776974356.444,256.444,0.42,0.43,0.57,0.58,0.01,0.01,77754.86,1776974354000
1776974356.789,256.789,0.4,0.41,0.57,0.6,0.01,0.03,77754.86,1776974354000
1776974357.135,257.135,0.38,0.39,0.61,0.62,0.01,0.01,77754.33,1776974355000
1776974357.474,257.474,0.4,0.41,0.59,0.6,0.01,0.01,77754.33,1776974355000
1776974357.844,257.844,0.4,0.41,0.59,0.6,0.01,0.01,77750.14,1776974356000
1776974358.193,258.193,0.39,0.4,0.6,0.61,0.01,0.01,77750.14,1776974356000
1776974358.534,258.534,0.39,0.4,0.6,0.61,0.01,0.01,77747.01,1776974357000
1776974358.904,258.904,0.39,0.4,0.6,0.61,0.01,0.01,77747.01,1776974357000
1776974359.25,259.25,0.39,0.4,0.6,0.61,0.01,0.01,77743.0,1776974358000
1776974359.665,259.665,0.39,0.4,0.6,0.61,0.01,0.01,77743.0,1776974358000
1776974360.098,260.098,0.39,0.4,0.6,0.61,0.01,0.01,77743.0,1776974358000
1776974360.481,260.481,0.41,0.42,0.58,0.59,0.01,0.01,77743.0,1776974358000
1776974360.936,260.936,0.45,0.46,0.54,0.55,0.01,0.01,77741.22,1776974359000
1776974361.374,261.374,0.53,0.54,0.46,0.48,0.01,0.02,77741.22,1776974359000
1776974361.724,261.724,0.52,0.53,0.47,0.48,0.01,0.01,77741.22,1776974359000
1776974362.157,262.157,0.52,0.53,0.47,0.48,0.01,0.01,77741.47,1776974360000
1776974362.569,262.569,0.58,0.59,0.41,0.42,0.01,0.01,77743.98,1776974361000
1776974362.905,262.905,0.59,0.6,0.4,0.41,0.01,0.01,77743.98,1776974361000
1776974363.326,263.326,0.65,0.66,0.34,0.36,0.01,0.02,77746.69,1776974362000
1776974363.668,263.668,0.65,0.66,0.34,0.35,0.01,0.01,77746.69,1776974362000
1776974364.075,264.075,0.66,0.67,0.33,0.35,0.01,0.02,77746.69,1776974362000
1776974364.425,264.425,0.7,0.72,0.28,0.3,0.02,0.02,77746.69,1776974362000
1776974364.788,264.788,0.72,0.74,0.26,0.29,0.02,0.03,77751.21,1776974363000
1776974365.125,265.125,0.73,0.74,0.26,0.27,0.01,0.01,77751.21,1776974363000
1776974365.503,265.503,0.74,0.75,0.25,0.26,0.01,0.01,77752.73,1776974364000
1776974365.892,265.892,0.73,0.74,0.26,0.27,0.01,0.01,77752.73,1776974364000
1776974366.309,266.309,0.73,0.74,0.26,0.27,0.01,0.01,77752.73,1776974364000
1776974366.822,266.822,0.73,0.75,0.26,0.27,0.02,0.01,77756.52,1776974365000
1776974367.201,267.201,0.72,0.73,0.27,0.28,0.01,0.01,77756.52,1776974365000
1776974367.659,267.659,0.75,0.76,0.24,0.25,0.01,0.01,77765.46,1776974366000
1776974367.993,267.993,0.76,0.77,0.23,0.24,0.01,0.01,77765.46,1776974366000
1776974368.35,268.35,0.75,0.76,0.23,0.24,0.01,0.01,77765.46,1776974366000
1776974368.76,268.76,0.58,0.6,0.4,0.45,0.02,0.05,77765.46,1776974366000
1776974369.099,269.099,0.6,0.61,0.39,0.4,0.01,0.01,77765.45,1776974367000
1776974369.437,269.437,0.69,0.75,0.26,0.31,0.06,0.05,77765.45,1776974367000
1776974369.793,269.793,0.77,0.8,0.2,0.23,0.03,0.03,77765.45,1776974367000
1776974370.155,270.155,0.8,0.81,0.19,0.2,0.01,0.01,77766.3,1776974368000
1776974370.511,270.511,0.8,0.81,0.19,0.2,0.01,0.01,77766.3,1776974368000
1776974370.89,270.89,0.76,0.79,0.23,0.24,0.03,0.01,77763.69,1776974369000
1776974371.264,271.264,0.8,0.81,0.19,0.2,0.01,0.01,77763.69,1776974369000
1776974371.606,271.606,0.79,0.81,0.19,0.21,0.02,0.02,77769.61,1776974370000
1776974371.946,271.946,0.69,0.71,0.29,0.31,0.02,0.02,77769.61,1776974370000
1776974372.333,272.333,0.68,0.69,0.31,0.32,0.01,0.01,77769.61,1776974370000
1776974372.678,272.678,0.69,0.7,0.25,0.26,0.01,0.01,77769.61,1776974370000
1776974373.014,273.014,0.36,0.42,0.58,0.63,0.06,0.05,77769.61,1776974370000
1776974373.352,273.352,0.34,0.35,0.65,0.66,0.01,0.01,77784.28,1776974371000
1776974373.686,273.686,0.42,0.43,0.57,0.58,0.01,0.01,77781.87,1776974372000
1776974374.026,274.026,0.48,0.49,0.51,0.52,0.01,0.01,77774.04,1776974373000
1776974374.359,274.359,0.36,0.38,0.62,0.63,0.02,0.01,77774.04,1776974373000
1776974374.717,274.717,0.37,0.38,0.62,0.63,0.01,0.01,77774.04,1776974373000
1776974375.113,275.113,0.42,0.43,0.57,0.58,0.01,0.01,77774.04,1776974373000
1776974375.453,275.453,0.43,0.52,0.48,0.58,0.09,0.1,77755.3,1776974374000
1776974375.787,275.787,0.5,0.51,0.49,0.5,0.01,0.01,77755.3,1776974374000
1776974376.178,276.178,0.51,0.52,0.48,0.49,0.01,0.01,77755.3,1776974374000
1776974376.514,276.514,0.57,0.59,0.41,0.43,0.02,0.02,77755.3,1776974374000
1776974376.945,276.945,0.63,0.64,0.36,0.37,0.01,0.01,77750.85,1776974375000
1776974377.343,277.343,0.64,0.65,0.35,0.37,0.01,0.02,77748.07,1776974376000
1776974377.685,277.685,0.65,0.67,0.35,0.36,0.02,0.01,77748.07,1776974376000
1776974378.03,278.03,0.65,0.66,0.33,0.35,0.01,0.02,77748.07,1776974376000
1776974378.365,278.365,0.65,0.66,0.34,0.35,0.01,0.01,77748.07,1776974376000
1776974378.71,278.71,0.65,0.66,0.34,0.35,0.01,0.01,77749.91,1776974377000
1776974379.052,279.052,0.4,0.55,0.36,0.58,0.15,0.22,77749.91,1776974377000
1776974379.404,279.404,0.28,0.3,0.66,0.71,0.02,0.05,77760.19,1776974378000
1776974379.774,279.774,0.3,0.31,0.69,0.7,0.01,0.01,77760.19,1776974378000
1776974380.156,280.156,0.34,0.35,0.65,0.67,0.01,0.02,77760.19,1776974378000
1776974380.539,280.539,0.44,0.45,0.56,0.58,0.01,0.02,77759.08,1776974379000
1776974380.904,280.904,0.49,0.5,0.5,0.54,0.01,0.04,77759.08,1776974379000
1776974381.242,281.242,0.57,0.59,0.41,0.44,0.02,0.03,77748.75,1776974380000
1776974381.617,281.617,0.59,0.6,0.4,0.41,0.01,0.01,77748.75,1776974380000
1776974381.959,281.959,0.6,0.62,0.38,0.4,0.02,0.02,77748.75,1776974380000
1776974382.294,282.294,0.76,0.78,0.22,0.24,0.02,0.02,77748.75,1776974380000
1776974382.704,282.704,0.76,0.77,0.23,0.24,0.01,0.01,77750.66,1776974381000
1776974383.185,283.185,0.73,0.74,0.26,0.27,0.01,0.01,77750.66,1776974381000
1776974383.558,283.558,0.16,0.17,0.81,0.85,0.01,0.04,77758.01,1776974382000
1776974383.922,283.922,0.25,0.26,0.74,0.82,0.01,0.08,77758.01,1776974382000
1776974384.26,284.26,0.25,0.26,0.74,0.75,0.01,0.01,77759.68,1776974383000
1776974384.606,284.606,0.25,0.26,0.74,0.75,0.01,0.01,77759.68,1776974383000
1776974384.951,284.951,0.25,0.26,0.74,0.75,0.01,0.01,77759.68,1776974383000
1776974385.332,285.332,0.25,0.26,0.74,0.75,0.01,0.01,77763.27,1776974384000
1776974385.696,285.696,0.27,0.3,0.72,0.73,0.03,0.01,77763.27,1776974384000
1776974386.081,286.081,0.34,0.35,0.65,0.7,0.01,0.05,77763.27,1776974384000
1776974386.459,286.459,0.34,0.35,0.65,0.66,0.01,0.01,77763.27,1776974384000
1776974386.809,286.809,0.36,0.37,0.63,0.64,0.01,0.01,77751.66,1776974385000
1776974387.143,287.143,0.35,0.36,0.64,0.65,0.01,0.01,77751.98,1776974386000
1776974387.489,287.489,0.35,0.36,0.63,0.65,0.01,0.02,77751.98,1776974386000
1776974387.832,287.832,0.33,0.34,0.66,0.67,0.01,0.01,77751.98,1776974386000
1776974388.256,288.256,0.41,0.42,0.59,0.61,0.01,0.02,77751.98,1776974386000
1776974388.608,288.608,0.4,0.42,0.58,0.6,0.02,0.02,77751.98,1776974386000
1776974389.022,289.022,0.37,0.38,0.62,0.63,0.01,0.01,77750.55,1776974387000
1776974389.625,289.625,0.39,0.4,0.61,0.62,0.01,0.01,77750.55,1776974387000
1776974390.342,290.342,0.39,0.44,0.56,0.61,0.05,0.05,77745.72,1776974388000
1776974390.752,290.752,0.59,0.67,0.33,0.41,0.08,0.08,77744.82,1776974389000
1776974391.185,291.185,0.67,0.68,0.31,0.33,0.01,0.02,77744.82,1776974389000
1776974392.018,292.018,0.68,0.69,0.31,0.32,0.01,0.01,77745.67,1776974390000
1776974392.357,292.357,0.06,0.45,0.55,0.94,0.39,0.39,77752.65,1776974391000
1776974392.691,292.691,0.48,0.5,0.5,0.52,0.02,0.02,77752.65,1776974391000
1776974393.025,293.025,0.44,0.48,0.52,0.56,0.04,0.04,77752.65,1776974391000
1776974393.36,293.36,0.48,0.53,0.47,0.52,0.05,0.05,77752.91,1776974392000
1776974393.824,293.824,0.52,0.53,0.48,0.49,0.01,0.01,77752.91,1776974392000
1776974394.16,294.16,0.63,0.65,0.35,0.37,0.02,0.02,77752.91,1776974392000
1776974394.537,294.537,0.64,0.65,0.35,0.36,0.01,0.01,77752.91,1776974392000
1776974394.932,294.932,0.64,0.65,0.35,0.36,0.01,0.01,77747.79,1776974393000
1776974395.265,295.265,0.35,0.37,0.63,0.65,0.02,0.02,77747.79,1776974394000
1776974395.605,295.605,0.35,0.37,0.62,0.65,0.02,0.03,77747.79,1776974394000
1776974395.945,295.945,0.28,0.29,0.74,0.77,0.01,0.03,77747.79,1776974394000
1776974396.336,296.336,0.32,0.34,0.67,0.68,0.02,0.01,77747.79,1776974394000
1776974396.702,296.702,0.56,0.62,0.38,0.44,0.06,0.06,77750.3,1776974395000
1776974397.037,297.037,0.44,0.45,0.55,0.56,0.01,0.01,77750.3,1776974395000
1776974397.445,297.445,0.57,0.64,0.4,0.44,0.07,0.04,77750.3,1776974396000
1776974397.781,297.781,0.53,0.54,0.46,0.47,0.01,0.01,77750.3,1776974396000
1776974398.136,298.136,0.65,0.72,0.27,0.36,0.07,0.09,77750.3,1776974396000
1776974398.486,298.486,0.74,0.79,0.21,0.26,0.05,0.05,77744.93,1776974397000
1776974398.825,298.825,0.45,0.46,0.53,0.55,0.01,0.02,77744.93,1776974397000
1776974399.164,299.164,0.11,0.12,0.79,0.89,0.01,0.1,77744.93,1776974397000
1776974399.497,299.497,0.24,0.31,0.69,0.76,0.07,0.07,77744.93,1776974397000
1776974399.835,299.835,0.24,0.01,0.99,0.76,-0.23,-0.23,77745.97,1776974398000
1776974400.17,300.17,0.23,0.01,0.99,0.77,-0.22,-0.22,77745.72,1776974399000
1776974400.505,300.505,0.23,0.01,0.99,0.77,-0.22,-0.22,77745.72,1776974399000
1776974400.98,300.98,0.23,0.01,0.99,0.77,-0.22,-0.22,77745.72,1776974399000

# RESULT,winner=Up,slug=btc-updown-5m-1776974100,ticks=664
