timestamp,elapsed_sec,up_bid,up_ask,down_bid,down_ask,up_spread,down_spread,btc_price,btc_oracle_ts
1776819900.547,0.547,0.5,0.52,0.48,0.5,0.02,0.02,76370.91,1776819898000
1776819901.046,1.046,0.51,0.52,0.48,0.5,0.01,0.02,76368.56,1776819899000
1776819901.828,1.828,0.51,0.52,0.48,0.49,0.01,0.01,76368.53,1776819900000
1776819902.227,2.227,0.51,0.52,0.48,0.49,0.01,0.01,76368.44,1776819901000
1776819902.707,2.707,0.51,0.52,0.48,0.49,0.01,0.01,76368.44,1776819901000
1776819903.042,3.042,0.52,0.53,0.47,0.48,0.01,0.01,76368.44,1776819901000
1776819903.416,3.416,0.54,0.55,0.46,0.47,0.01,0.01,76368.44,1776819902000
1776819903.75,3.75,0.54,0.55,0.45,0.46,0.01,0.01,76368.44,1776819902000
1776819904.083,4.083,0.54,0.55,0.45,0.46,0.01,0.01,76368.44,1776819902000
1776819904.428,4.428,0.55,0.56,0.44,0.45,0.01,0.01,76368.49,1776819903000
1776819904.962,4.962,0.56,0.58,0.42,0.44,0.02,0.02,76368.49,1776819903000
1776819905.362,5.362,0.57,0.61,0.39,0.43,0.04,0.04,76370.74,1776819904000
1776819905.78,5.78,0.57,0.58,0.42,0.43,0.01,0.01,76370.74,1776819904000
1776819906.181,6.181,0.62,0.65,0.36,0.39,0.03,0.03,76370.74,1776819904000
1776819907.034,7.034,0.63,0.64,0.35,0.38,0.01,0.03,76377.63,1776819905000
1776819907.624,7.624,0.63,0.64,0.36,0.38,0.01,0.02,76377.63,1776819905000
1776819907.958,7.958,0.63,0.64,0.36,0.37,0.01,0.01,76385.21,1776819906000
1776819908.291,8.291,0.62,0.63,0.37,0.38,0.01,0.01,76385.21,1776819906000
1776819908.802,8.802,0.61,0.62,0.38,0.39,0.01,0.01,76386.09,1776819907000
1776819909.147,9.147,0.6,0.61,0.39,0.4,0.01,0.01,76386.09,1776819907000
1776819909.573,9.573,0.6,0.61,0.39,0.4,0.01,0.01,76383.66,1776819908000
1776819909.939,9.939,0.6,0.61,0.39,0.4,0.01,0.01,76383.66,1776819908000
1776819910.328,10.328,0.6,0.61,0.39,0.4,0.01,0.01,76383.66,1776819908000
1776819910.677,10.677,0.6,0.61,0.39,0.4,0.01,0.01,76383.66,1776819908000
1776819911.153,11.153,0.6,0.61,0.39,0.4,0.01,0.01,76382.2,1776819909000
1776819911.487,11.487,0.6,0.61,0.39,0.4,0.01,0.01,76382.2,1776819909000
1776819911.948,11.948,0.6,0.61,0.39,0.4,0.01,0.01,76381.46,1776819910000
1776819912.489,12.489,0.6,0.61,0.39,0.4,0.01,0.01,76381.46,1776819910000
1776819912.887,12.887,0.6,0.61,0.39,0.4,0.01,0.01,76381.02,1776819911000
1776819913.257,13.257,0.56,0.57,0.43,0.44,0.01,0.01,76381.02,1776819911000
1776819913.619,13.619,0.54,0.55,0.45,0.46,0.01,0.01,76381.02,1776819912000
1776819914.2,14.2,0.54,0.55,0.45,0.46,0.01,0.01,76381.02,1776819912000
1776819914.553,14.553,0.54,0.55,0.45,0.46,0.01,0.01,76381.02,1776819912000
1776819915.744,15.744,0.54,0.55,0.45,0.46,0.01,0.01,76381.21,1776819913000
1776819916.329,16.329,0.54,0.55,0.45,0.46,0.01,0.01,76381.21,1776819913000
1776819916.667,16.667,0.54,0.55,0.45,0.46,0.01,0.01,76381.21,1776819913000
1776819917.651,17.651,0.54,0.55,0.45,0.46,0.01,0.01,76375.34,1776819916000
1776819918.625,18.625,0.54,0.55,0.45,0.46,0.01,0.01,76375.34,1776819916000
1776819918.975,18.975,0.54,0.55,0.45,0.46,0.01,0.01,76375.38,1776819917000
1776819919.495,19.495,0.54,0.55,0.45,0.46,0.01,0.01,76375.97,1776819918000
1776819919.83,19.83,0.54,0.55,0.45,0.46,0.01,0.01,76375.97,1776819918000
1776819920.264,20.264,0.54,0.55,0.45,0.46,0.01,0.01,76375.14,1776819919000
1776819920.722,20.722,0.54,0.55,0.45,0.46,0.01,0.01,76375.14,1776819919000
1776819921.095,21.095,0.54,0.55,0.45,0.46,0.01,0.01,76375.14,1776819919000
1776819922.089,22.089,0.54,0.55,0.45,0.46,0.01,0.01,76374.23,1776819921000
1776819922.526,22.526,0.52,0.53,0.47,0.48,0.01,0.01,76374.23,1776819921000
1776819923.069,23.069,0.52,0.53,0.47,0.48,0.01,0.01,76376.21,1776819922000
1776819923.526,23.526,0.52,0.53,0.47,0.48,0.01,0.01,76376.21,1776819922000
1776819924.036,24.036,0.52,0.53,0.47,0.48,0.01,0.01,76376.21,1776819922000
1776819924.417,24.417,0.51,0.52,0.47,0.48,0.01,0.01,76376.21,1776819923000
1776819924.841,24.841,0.51,0.52,0.48,0.49,0.01,0.01,76376.21,1776819923000
1776819925.177,25.177,0.51,0.52,0.48,0.49,0.01,0.01,76376.21,1776819923000
1776819925.541,25.541,0.51,0.52,0.48,0.49,0.01,0.01,76375.25,1776819924000
1776819926.129,26.129,0.51,0.52,0.48,0.49,0.01,0.01,76375.25,1776819924000
1776819926.655,26.655,0.51,0.52,0.48,0.49,0.01,0.01,76374.23,1776819925000
1776819927.371,27.371,0.51,0.52,0.48,0.49,0.01,0.01,76374.23,1776819926000
1776819927.749,27.749,0.51,0.52,0.48,0.49,0.01,0.01,76374.23,1776819926000
1776819929.07,29.07,0.51,0.52,0.48,0.49,0.01,0.01,76371.0,1776819928000
1776819929.805,29.805,0.51,0.52,0.48,0.49,0.01,0.01,76371.0,1776819928000
1776819930.186,30.186,0.49,0.52,0.48,0.51,0.03,0.03,76371.0,1776819928000
1776819930.57,30.57,0.48,0.5,0.5,0.52,0.02,0.02,76369.35,1776819929000
1776819930.903,30.903,0.48,0.49,0.51,0.52,0.01,0.01,76369.35,1776819929000
1776819931.628,31.628,0.48,0.49,0.51,0.52,0.01,0.01,76369.1,1776819930000
1776819932.153,32.153,0.48,0.49,0.51,0.52,0.01,0.01,76366.44,1776819931000
1776819932.517,32.517,0.48,0.49,0.51,0.52,0.01,0.01,76366.44,1776819931000
1776819932.872,32.872,0.48,0.49,0.51,0.52,0.01,0.01,76366.44,1776819931000
1776819933.245,33.245,0.48,0.49,0.51,0.52,0.01,0.01,76367.48,1776819932000
1776819934.009,34.009,0.48,0.49,0.51,0.52,0.01,0.01,76366.44,1776819933000
1776819934.362,34.362,0.48,0.49,0.51,0.52,0.01,0.01,76366.44,1776819933000
1776819934.983,34.983,0.48,0.49,0.51,0.52,0.01,0.01,76366.44,1776819933000
1776819935.764,35.764,0.48,0.49,0.51,0.52,0.01,0.01,76366.74,1776819934000
1776819936.327,36.327,0.47,0.49,0.51,0.52,0.02,0.01,76366.74,1776819934000
1776819936.726,36.726,0.47,0.48,0.52,0.53,0.01,0.01,76366.42,1776819935000
1776819937.366,37.366,0.47,0.48,0.52,0.53,0.01,0.01,76366.07,1776819936000
1776819937.867,37.867,0.47,0.48,0.52,0.53,0.01,0.01,76366.07,1776819936000
1776819938.288,38.288,0.47,0.48,0.51,0.53,0.01,0.02,76365.02,1776819937000
1776819938.654,38.654,0.47,0.49,0.52,0.53,0.02,0.01,76365.02,1776819937000
1776819939.187,39.187,0.48,0.49,0.51,0.52,0.01,0.01,76365.02,1776819937000
1776819939.709,39.709,0.48,0.49,0.51,0.52,0.01,0.01,76364.88,1776819938000
1776819940.235,40.235,0.48,0.49,0.51,0.52,0.01,0.01,76364.88,1776819938000
1776819940.834,40.834,0.48,0.49,0.51,0.52,0.01,0.01,76365.22,1776819939000
1776819941.26,41.26,0.48,0.49,0.51,0.52,0.01,0.01,76365.22,1776819939000
1776819941.679,41.679,0.48,0.49,0.51,0.52,0.01,0.01,76366.06,1776819940000
1776819942.083,42.083,0.48,0.49,0.51,0.52,0.01,0.01,76365.83,1776819941000
1776819943.169,43.169,0.47,0.49,0.51,0.53,0.02,0.02,76367.08,1776819942000
1776819943.534,43.534,0.48,0.49,0.51,0.53,0.01,0.02,76367.08,1776819942000
1776819944.263,44.263,0.48,0.49,0.51,0.52,0.01,0.01,76364.99,1776819943000
1776819944.682,44.682,0.51,0.52,0.47,0.52,0.01,0.05,76364.99,1776819943000
1776819945.041,45.041,0.53,0.55,0.45,0.48,0.02,0.03,76364.99,1776819943000
1776819945.395,45.395,0.54,0.55,0.45,0.46,0.01,0.01,76364.99,1776819943000
1776819945.817,45.817,0.54,0.56,0.44,0.46,0.02,0.02,76369.63,1776819944000
1776819946.36,46.36,0.55,0.56,0.44,0.45,0.01,0.01,76369.31,1776819945000
1776819946.7,46.7,0.55,0.56,0.44,0.45,0.01,0.01,76369.31,1776819945000
1776819947.073,47.073,0.55,0.56,0.44,0.45,0.01,0.01,76371.47,1776819946000
1776819947.427,47.427,0.55,0.57,0.44,0.45,0.02,0.01,76371.47,1776819946000
1776819947.817,47.817,0.56,0.57,0.43,0.44,0.01,0.01,76371.47,1776819946000
1776819948.418,48.418,0.56,0.57,0.43,0.44,0.01,0.01,76371.8,1776819947000
1776819948.999,48.999,0.56,0.57,0.43,0.44,0.01,0.01,76372.84,1776819948000
1776819949.407,49.407,0.56,0.57,0.43,0.44,0.01,0.01,76372.84,1776819948000
1776819949.889,49.889,0.55,0.57,0.43,0.44,0.02,0.01,76372.84,1776819948000
1776819950.239,50.239,0.51,0.57,0.43,0.45,0.06,0.02,76374.18,1776819949000
1776819950.972,50.972,0.54,0.55,0.45,0.49,0.01,0.04,76374.18,1776819949000
1776819951.319,51.319,0.54,0.55,0.45,0.46,0.01,0.01,76374.09,1776819950000
1776819951.703,51.703,0.54,0.55,0.45,0.46,0.01,0.01,76374.09,1776819950000
1776819952.081,52.081,0.57,0.58,0.42,0.43,0.01,0.01,76374.19,1776819951000
1776819952.426,52.426,0.57,0.58,0.42,0.43,0.01,0.01,76374.19,1776819951000
1776819952.916,52.916,0.57,0.58,0.42,0.43,0.01,0.01,76374.19,1776819951000
1776819953.373,53.373,0.57,0.58,0.42,0.43,0.01,0.01,76375.02,1776819952000
1776819953.976,53.976,0.57,0.58,0.42,0.43,0.01,0.01,76375.02,1776819952000
1776819954.901,54.901,0.57,0.58,0.42,0.43,0.01,0.01,76376.71,1776819954000
1776819955.806,55.806,0.57,0.58,0.42,0.43,0.01,0.01,76376.71,1776819954000
1776819957.24,57.24,0.57,0.58,0.42,0.43,0.01,0.01,76376.52,1776819955000
1776819958.003,58.003,0.57,0.58,0.42,0.43,0.01,0.01,76376.67,1776819956000
1776819958.435,58.435,0.57,0.58,0.42,0.43,0.01,0.01,76376.67,1776819956000
1776819958.962,58.962,0.57,0.58,0.42,0.43,0.01,0.01,76378.63,1776819957000
1776819959.3,59.3,0.57,0.63,0.37,0.43,0.06,0.06,76386.25,1776819958000
1776819959.779,59.779,0.62,0.65,0.36,0.38,0.03,0.02,76386.25,1776819958000
1776819960.208,60.208,0.57,0.66,0.34,0.43,0.09,0.09,76386.25,1776819958000
1776819960.706,60.706,0.6,0.65,0.35,0.41,0.05,0.06,76390.97,1776819959000
1776819961.071,61.071,0.62,0.63,0.37,0.38,0.01,0.01,76390.97,1776819959000
1776819961.415,61.415,0.61,0.62,0.38,0.39,0.01,0.01,76390.97,1776819959000
1776819961.818,61.818,0.61,0.62,0.38,0.39,0.01,0.01,76388.91,1776819960000
1776819962.218,62.218,0.61,0.62,0.38,0.39,0.01,0.01,76388.91,1776819960000
1776819962.563,62.563,0.6,0.61,0.39,0.41,0.01,0.02,76388.91,1776819960000
1776819962.946,62.946,0.57,0.58,0.42,0.43,0.01,0.01,76384.43,1776819961000
1776819963.469,63.469,0.57,0.58,0.42,0.43,0.01,0.01,76384.43,1776819961000
1776819964.071,64.071,0.54,0.56,0.42,0.45,0.02,0.03,76381.97,1776819962000
1776819964.659,64.659,0.54,0.56,0.44,0.46,0.02,0.02,76381.14,1776819963000
1776819965.03,65.03,0.54,0.55,0.45,0.46,0.01,0.01,76381.14,1776819963000
1776819965.828,65.828,0.54,0.55,0.45,0.46,0.01,0.01,76378.95,1776819964000
1776819966.435,66.435,0.54,0.55,0.45,0.46,0.01,0.01,76378.95,1776819964000
1776819966.955,66.955,0.54,0.55,0.45,0.46,0.01,0.01,76377.17,1776819965000
1776819967.465,67.465,0.54,0.55,0.45,0.46,0.01,0.01,76377.14,1776819966000
1776819967.836,67.836,0.51,0.55,0.45,0.46,0.04,0.01,76377.14,1776819966000
1776819968.368,68.368,0.52,0.53,0.47,0.48,0.01,0.01,76377.14,1776819966000
1776819968.774,68.774,0.52,0.53,0.47,0.49,0.01,0.02,76376.78,1776819967000
1776819969.181,69.181,0.51,0.53,0.47,0.48,0.02,0.01,76376.78,1776819967000
1776819969.589,69.589,0.51,0.53,0.47,0.49,0.02,0.02,76374.42,1776819968000
1776819970.213,70.213,0.51,0.52,0.48,0.49,0.01,0.01,76372.6,1776819969000
1776819970.677,70.677,0.51,0.52,0.48,0.49,0.01,0.01,76372.6,1776819969000
1776819971.037,71.037,0.5,0.51,0.49,0.5,0.01,0.01,76372.6,1776819969000
1776819971.515,71.515,0.49,0.51,0.49,0.5,0.02,0.01,76372.6,1776819969000
1776819971.855,71.855,0.49,0.5,0.5,0.51,0.01,0.01,76372.82,1776819970000
1776819972.231,72.231,0.49,0.5,0.5,0.51,0.01,0.01,76372.82,1776819970000
1776819972.746,72.746,0.49,0.5,0.5,0.51,0.01,0.01,76371.69,1776819971000
1776819973.267,73.267,0.49,0.5,0.5,0.51,0.01,0.01,76371.5,1776819972000
1776819973.612,73.612,0.49,0.51,0.49,0.51,0.02,0.02,76371.5,1776819972000
1776819974.605,74.605,0.49,0.51,0.49,0.51,0.02,0.02,76371.51,1776819973000
1776819975.19,75.19,0.5,0.52,0.49,0.51,0.02,0.02,76371.51,1776819973000
1776819975.576,75.576,0.51,0.56,0.44,0.49,0.05,0.05,76375.79,1776819974000
1776819976.247,76.247,0.51,0.57,0.45,0.49,0.06,0.04,76375.79,1776819974000
1776819976.635,76.635,0.54,0.55,0.46,0.48,0.01,0.02,76375.79,1776819974000
1776819977.147,77.147,0.54,0.56,0.45,0.46,0.02,0.01,76375.98,1776819975000
1776819977.607,77.607,0.55,0.57,0.43,0.45,0.02,0.02,76375.98,1776819975000
1776819978.104,78.104,0.56,0.57,0.43,0.44,0.01,0.01,76376.04,1776819976000
1776819978.704,78.704,0.56,0.57,0.43,0.44,0.01,0.01,76376.13,1776819977000
1776819979.392,79.392,0.56,0.57,0.43,0.44,0.01,0.01,76376.13,1776819977000
1776819979.898,79.898,0.56,0.57,0.43,0.44,0.01,0.01,76376.99,1776819978000
1776819980.415,80.415,0.56,0.57,0.43,0.44,0.01,0.01,76376.99,1776819979000
1776819980.858,80.858,0.56,0.57,0.43,0.44,0.01,0.01,76376.99,1776819979000
1776819981.384,81.384,0.56,0.57,0.43,0.44,0.01,0.01,76376.16,1776819980000
1776819981.826,81.826,0.56,0.57,0.43,0.44,0.01,0.01,76376.16,1776819980000
1776819982.226,82.226,0.56,0.57,0.43,0.44,0.01,0.01,76376.16,1776819981000
1776819983.01,83.01,0.56,0.57,0.43,0.44,0.01,0.01,76376.16,1776819981000
1776819983.762,83.762,0.56,0.57,0.43,0.44,0.01,0.01,76376.16,1776819982000
1776819984.46,84.46,0.56,0.57,0.43,0.44,0.01,0.01,76376.16,1776819983000
1776819984.907,84.907,0.56,0.59,0.43,0.44,0.03,0.01,76376.16,1776819983000
1776819985.278,85.278,0.61,0.62,0.38,0.39,0.01,0.01,76376.16,1776819984000
1776819985.655,85.655,0.61,0.62,0.38,0.39,0.01,0.01,76376.16,1776819984000
1776819986.195,86.195,0.61,0.62,0.38,0.39,0.01,0.01,76383.23,1776819985000
1776819986.817,86.817,0.61,0.62,0.38,0.39,0.01,0.01,76383.23,1776819985000
1776819987.244,87.244,0.61,0.62,0.38,0.39,0.01,0.01,76383.23,1776819985000
1776819987.637,87.637,0.58,0.59,0.41,0.42,0.01,0.01,76382.63,1776819986000
1776819988.047,88.047,0.52,0.53,0.47,0.48,0.01,0.01,76382.63,1776819986000
1776819988.396,88.396,0.52,0.53,0.47,0.48,0.01,0.01,76382.6,1776819987000
1776819989.327,89.327,0.51,0.52,0.48,0.49,0.01,0.01,76374.83,1776819988000
1776819989.821,89.821,0.51,0.52,0.48,0.49,0.01,0.01,76374.83,1776819988000
1776819990.81,90.81,0.51,0.52,0.48,0.49,0.01,0.01,76372.09,1776819989000
1776819992.005,92.005,0.51,0.52,0.48,0.49,0.01,0.01,76373.39,1776819991000
1776819992.423,92.423,0.51,0.52,0.48,0.49,0.01,0.01,76373.39,1776819991000
1776819993.461,93.461,0.44,0.47,0.53,0.56,0.03,0.03,76363.35,1776819992000
1776819993.817,93.817,0.44,0.45,0.55,0.56,0.01,0.01,76363.35,1776819992000
1776819994.231,94.231,0.44,0.46,0.55,0.56,0.02,0.01,76363.33,1776819993000
1776819994.571,94.571,0.46,0.47,0.53,0.55,0.01,0.02,76363.33,1776819993000
1776819994.959,94.959,0.47,0.48,0.52,0.54,0.01,0.02,76363.33,1776819993000
1776819995.348,95.348,0.47,0.48,0.52,0.53,0.01,0.01,76364.57,1776819994000
1776819995.828,95.828,0.47,0.48,0.52,0.53,0.01,0.01,76364.57,1776819994000
1776819996.292,96.292,0.47,0.48,0.52,0.53,0.01,0.01,76367.79,1776819995000
1776819996.921,96.921,0.47,0.48,0.52,0.53,0.01,0.01,76367.79,1776819995000
1776819997.344,97.344,0.47,0.48,0.52,0.53,0.01,0.01,76367.79,1776819995000
1776819997.808,97.808,0.47,0.48,0.52,0.53,0.01,0.01,76368.28,1776819996000
1776819998.309,98.309,0.47,0.48,0.52,0.53,0.01,0.01,76368.01,1776819997000
1776819998.657,98.657,0.47,0.48,0.52,0.53,0.01,0.01,76368.01,1776819997000
1776819999.02,99.02,0.47,0.49,0.52,0.53,0.02,0.01,76368.01,1776819997000
1776819999.487,99.487,0.47,0.48,0.51,0.53,0.01,0.02,76368.08,1776819998000
1776820000.386,100.386,0.47,0.48,0.52,0.53,0.01,0.01,76367.81,1776819999000
1776820001.165,101.165,0.47,0.48,0.52,0.53,0.01,0.01,76367.81,1776819999000
1776820001.606,101.606,0.46,0.47,0.52,0.54,0.01,0.02,76367.41,1776820000000
1776820002.047,102.047,0.46,0.47,0.53,0.54,0.01,0.01,76367.41,1776820001000
1776820002.428,102.428,0.46,0.47,0.53,0.54,0.01,0.01,76367.41,1776820001000
1776820002.836,102.836,0.45,0.47,0.53,0.54,0.02,0.01,76367.41,1776820001000
1776820003.337,103.337,0.44,0.45,0.53,0.56,0.01,0.03,76367.41,1776820001000
1776820003.962,103.962,0.44,0.45,0.55,0.56,0.01,0.01,76367.41,1776820001000
1776820005.109,105.109,0.44,0.45,0.55,0.56,0.01,0.01,76361.66,1776820003000
1776820005.538,105.538,0.44,0.45,0.55,0.56,0.01,0.01,76361.36,1776820004000
1776820005.961,105.961,0.44,0.45,0.55,0.56,0.01,0.01,76361.36,1776820004000
1776820006.479,106.479,0.44,0.45,0.55,0.56,0.01,0.01,76361.36,1776820004000
1776820007.206,107.206,0.44,0.45,0.55,0.56,0.01,0.01,76363.24,1776820005000
1776820007.597,107.597,0.43,0.45,0.55,0.57,0.02,0.02,76363.24,1776820005000
1776820008.064,108.064,0.37,0.38,0.62,0.63,0.01,0.01,76361.82,1776820007000
1776820009.318,109.318,0.37,0.38,0.62,0.63,0.01,0.01,76361.82,1776820007000
1776820009.757,109.757,0.37,0.38,0.62,0.63,0.01,0.01,76361.36,1776820008000
1776820010.09,110.09,0.37,0.38,0.62,0.63,0.01,0.01,76361.36,1776820008000
1776820010.572,110.572,0.37,0.38,0.62,0.63,0.01,0.01,76358.11,1776820009000
1776820011.005,111.005,0.37,0.38,0.62,0.63,0.01,0.01,76358.11,1776820009000
1776820011.574,111.574,0.37,0.38,0.62,0.63,0.01,0.01,76357.14,1776820010000
1776820012.046,112.046,0.37,0.38,0.62,0.63,0.01,0.01,76357.14,1776820010000
1776820012.503,112.503,0.37,0.38,0.62,0.63,0.01,0.01,76357.12,1776820011000
1776820013.033,113.033,0.37,0.38,0.62,0.63,0.01,0.01,76357.12,1776820011000
1776820013.474,113.474,0.37,0.38,0.62,0.63,0.01,0.01,76355.37,1776820012000
1776820013.886,113.886,0.37,0.38,0.62,0.63,0.01,0.01,76355.37,1776820012000
1776820014.327,114.327,0.37,0.38,0.62,0.63,0.01,0.01,76355.18,1776820013000
1776820014.818,114.818,0.42,0.43,0.57,0.58,0.01,0.01,76355.18,1776820013000
1776820015.531,115.531,0.42,0.43,0.57,0.58,0.01,0.01,76355.19,1776820014000
1776820015.904,115.904,0.42,0.43,0.57,0.58,0.01,0.01,76353.98,1776820015000
1776820016.733,116.733,0.42,0.43,0.57,0.58,0.01,0.01,76353.98,1776820015000
1776820017.121,117.121,0.42,0.43,0.57,0.58,0.01,0.01,76354.04,1776820016000
1776820017.701,117.701,0.42,0.43,0.57,0.58,0.01,0.01,76354.04,1776820016000
1776820018.098,118.098,0.42,0.43,0.57,0.58,0.01,0.01,76355.19,1776820017000
1776820018.455,118.455,0.4,0.41,0.58,0.59,0.01,0.01,76355.19,1776820017000
1776820018.799,118.799,0.4,0.41,0.59,0.6,0.01,0.01,76355.19,1776820017000
1776820019.139,119.139,0.4,0.41,0.59,0.6,0.01,0.01,76355.19,1776820017000
1776820019.492,119.492,0.33,0.34,0.65,0.68,0.01,0.03,76355.2,1776820018000
1776820020.015,120.015,0.3,0.31,0.69,0.7,0.01,0.01,76355.2,1776820018000
1776820020.378,120.378,0.25,0.3,0.7,0.75,0.05,0.05,76352.55,1776820019000
1776820020.805,120.805,0.24,0.25,0.75,0.77,0.01,0.02,76352.55,1776820019000
1776820021.139,121.139,0.22,0.25,0.75,0.77,0.03,0.02,76352.55,1776820019000
1776820021.477,121.477,0.24,0.25,0.75,0.76,0.01,0.01,76344.83,1776820020000
1776820021.829,121.829,0.27,0.3,0.68,0.73,0.03,0.05,76344.83,1776820020000
1776820022.167,122.167,0.3,0.34,0.66,0.7,0.04,0.04,76339.78,1776820021000
1776820022.551,122.551,0.34,0.38,0.64,0.66,0.04,0.02,76339.78,1776820021000
1776820022.985,122.985,0.34,0.38,0.62,0.66,0.04,0.04,76339.78,1776820021000
1776820023.332,123.332,0.34,0.35,0.65,0.66,0.01,0.01,76339.12,1776820022000
1776820023.682,123.682,0.34,0.35,0.65,0.66,0.01,0.01,76339.12,1776820022000
1776820024.509,124.509,0.34,0.39,0.61,0.66,0.05,0.05,76344.85,1776820023000
1776820025.209,125.209,0.39,0.45,0.55,0.61,0.06,0.06,76353.6,1776820024000
1776820025.692,125.692,0.39,0.45,0.55,0.61,0.06,0.06,76353.6,1776820024000
1776820026.261,126.261,0.39,0.45,0.55,0.61,0.06,0.06,76353.6,1776820024000
1776820026.709,126.709,0.39,0.42,0.58,0.61,0.03,0.03,76356.18,1776820025000
1776820027.088,127.088,0.41,0.44,0.58,0.59,0.03,0.01,76356.18,1776820025000
1776820027.586,127.586,0.42,0.43,0.57,0.58,0.01,0.01,76359.22,1776820026000
1776820028.028,128.028,0.42,0.43,0.57,0.58,0.01,0.01,76359.22,1776820026000
1776820028.388,128.388,0.42,0.43,0.57,0.58,0.01,0.01,76358.02,1776820027000
1776820028.761,128.761,0.42,0.43,0.57,0.58,0.01,0.01,76358.02,1776820027000
1776820029.181,129.181,0.42,0.43,0.57,0.58,0.01,0.01,76358.02,1776820027000
1776820029.59,129.59,0.42,0.43,0.57,0.58,0.01,0.01,76357.98,1776820028000
1776820030.114,130.114,0.42,0.44,0.57,0.58,0.02,0.01,76357.98,1776820028000
1776820030.621,130.621,0.44,0.45,0.55,0.57,0.01,0.02,76358.0,1776820029000
1776820030.963,130.963,0.44,0.45,0.55,0.56,0.01,0.01,76358.0,1776820029000
1776820031.4,131.4,0.44,0.45,0.55,0.56,0.01,0.01,76358.09,1776820030000
1776820032.052,132.052,0.44,0.45,0.55,0.56,0.01,0.01,76358.34,1776820031000
1776820032.404,132.404,0.44,0.45,0.55,0.56,0.01,0.01,76358.34,1776820031000
1776820032.763,132.763,0.44,0.45,0.55,0.56,0.01,0.01,76358.34,1776820031000
1776820033.447,133.447,0.44,0.45,0.55,0.56,0.01,0.01,76358.69,1776820032000
1776820033.869,133.869,0.44,0.45,0.55,0.56,0.01,0.01,76358.69,1776820032000
1776820034.27,134.27,0.42,0.45,0.55,0.57,0.03,0.02,76358.69,1776820033000
1776820034.683,134.683,0.41,0.45,0.55,0.59,0.04,0.04,76358.69,1776820033000
1776820035.054,135.054,0.35,0.41,0.59,0.65,0.06,0.06,76359.48,1776820034000
1776820035.625,135.625,0.37,0.38,0.61,0.63,0.01,0.02,76359.48,1776820034000
1776820035.964,135.964,0.37,0.38,0.62,0.63,0.01,0.01,76356.37,1776820035000
1776820036.379,136.379,0.43,0.44,0.56,0.58,0.01,0.02,76356.37,1776820035000
1776820036.868,136.868,0.43,0.44,0.56,0.57,0.01,0.01,76356.37,1776820035000
1776820037.245,137.245,0.4,0.41,0.56,0.6,0.01,0.04,76356.17,1776820036000
1776820037.883,137.883,0.39,0.4,0.59,0.6,0.01,0.01,76356.17,1776820036000
1776820038.613,138.613,0.39,0.4,0.6,0.61,0.01,0.01,76357.85,1776820037000
1776820038.969,138.969,0.39,0.4,0.6,0.61,0.01,0.01,76356.65,1776820038000
1776820039.894,139.894,0.39,0.4,0.6,0.61,0.01,0.01,76356.65,1776820038000
1776820040.331,140.331,0.39,0.4,0.6,0.61,0.01,0.01,76357.54,1776820039000
1776820040.994,140.994,0.39,0.4,0.6,0.61,0.01,0.01,76357.65,1776820040000
1776820041.444,141.444,0.39,0.4,0.6,0.61,0.01,0.01,76357.65,1776820040000
1776820042.09,142.09,0.39,0.4,0.6,0.61,0.01,0.01,76356.45,1776820041000
1776820042.538,142.538,0.38,0.39,0.61,0.62,0.01,0.01,76356.45,1776820041000
1776820043.127,143.127,0.38,0.39,0.61,0.62,0.01,0.01,76357.17,1776820042000
1776820043.484,143.484,0.38,0.39,0.61,0.62,0.01,0.01,76357.17,1776820042000
1776820044.022,144.022,0.4,0.41,0.61,0.62,0.01,0.01,76357.17,1776820042000
1776820044.423,144.423,0.41,0.42,0.58,0.59,0.01,0.01,76357.38,1776820043000
1776820044.822,144.822,0.42,0.45,0.55,0.58,0.03,0.03,76357.38,1776820043000
1776820045.199,145.199,0.44,0.45,0.55,0.56,0.01,0.01,76357.38,1776820043000
1776820045.541,145.541,0.46,0.49,0.51,0.54,0.03,0.03,76357.12,1776820044000
1776820045.927,145.927,0.49,0.5,0.51,0.52,0.01,0.01,76357.12,1776820044000
1776820046.361,146.361,0.49,0.51,0.49,0.51,0.02,0.02,76360.85,1776820045000
1776820046.853,146.853,0.51,0.52,0.48,0.49,0.01,0.01,76360.85,1776820045000
1776820047.254,147.254,0.51,0.52,0.48,0.49,0.01,0.01,76365.26,1776820046000
1776820047.615,147.615,0.51,0.52,0.48,0.49,0.01,0.01,76365.26,1776820046000
1776820047.967,147.967,0.51,0.52,0.48,0.49,0.01,0.01,76365.26,1776820046000
1776820048.327,148.327,0.51,0.52,0.48,0.49,0.01,0.01,76367.62,1776820047000
1776820048.904,148.904,0.5,0.52,0.48,0.49,0.02,0.01,76367.62,1776820047000
1776820049.351,149.351,0.5,0.51,0.49,0.5,0.01,0.01,76368.51,1776820048000
1776820049.72,149.72,0.49,0.51,0.49,0.5,0.02,0.01,76368.51,1776820048000
1776820050.309,150.309,0.49,0.5,0.49,0.51,0.01,0.02,76368.4,1776820049000
1776820050.701,150.701,0.49,0.5,0.5,0.51,0.01,0.01,76368.4,1776820049000
1776820051.315,151.315,0.49,0.5,0.5,0.51,0.01,0.01,76367.35,1776820050000
1776820051.707,151.707,0.49,0.5,0.5,0.51,0.01,0.01,76367.35,1776820050000
1776820052.477,152.477,0.49,0.5,0.5,0.51,0.01,0.01,76367.61,1776820051000
1776820052.899,152.899,0.49,0.5,0.5,0.51,0.01,0.01,76367.61,1776820051000
1776820053.5,153.5,0.49,0.5,0.5,0.51,0.01,0.01,76367.61,1776820051000
1776820053.957,153.957,0.49,0.5,0.5,0.51,0.01,0.01,76367.23,1776820052000
1776820054.557,154.557,0.49,0.5,0.5,0.51,0.01,0.01,76367.49,1776820053000
1776820055.029,155.029,0.49,0.5,0.5,0.51,0.01,0.01,76367.49,1776820053000
1776820055.613,155.613,0.49,0.5,0.5,0.51,0.01,0.01,76368.05,1776820054000
1776820056.127,156.127,0.49,0.5,0.5,0.51,0.01,0.01,76368.05,1776820054000
1776820057.173,157.173,0.49,0.5,0.5,0.51,0.01,0.01,76368.51,1776820055000
1776820057.672,157.672,0.49,0.5,0.5,0.51,0.01,0.01,76367.88,1776820056000
1776820058.16,158.16,0.49,0.5,0.5,0.51,0.01,0.01,76367.28,1776820057000
1776820059.162,159.162,0.49,0.5,0.5,0.51,0.01,0.01,76369.33,1776820058000
1776820059.512,159.512,0.49,0.5,0.5,0.52,0.01,0.02,76369.33,1776820058000
1776820060.094,160.094,0.48,0.49,0.51,0.52,0.01,0.01,76370.25,1776820059000
1776820060.606,160.606,0.48,0.49,0.51,0.52,0.01,0.01,76370.25,1776820059000
1776820061.918,161.918,0.48,0.49,0.51,0.52,0.01,0.01,76369.23,1776820060000
1776820062.39,162.39,0.48,0.49,0.51,0.52,0.01,0.01,76368.27,1776820061000
1776820062.938,162.938,0.48,0.49,0.51,0.52,0.01,0.01,76368.13,1776820062000
1776820063.584,163.584,0.48,0.49,0.51,0.52,0.01,0.01,76368.13,1776820062000
1776820064.027,164.027,0.48,0.49,0.51,0.52,0.01,0.01,76370.64,1776820063000
1776820064.374,164.374,0.48,0.49,0.51,0.52,0.01,0.01,76370.64,1776820063000
1776820065.187,165.187,0.48,0.49,0.51,0.52,0.01,0.01,76368.86,1776820064000
1776820065.555,165.555,0.47,0.49,0.51,0.52,0.02,0.01,76368.86,1776820064000
1776820065.937,165.937,0.4,0.44,0.56,0.6,0.04,0.04,76368.86,1776820064000
1776820066.346,166.346,0.43,0.44,0.56,0.57,0.01,0.01,76367.81,1776820065000
1776820066.802,166.802,0.43,0.44,0.56,0.57,0.01,0.01,76367.81,1776820065000
1776820067.37,167.37,0.43,0.44,0.56,0.57,0.01,0.01,76367.81,1776820065000
1776820067.724,167.724,0.43,0.44,0.56,0.57,0.01,0.01,76365.0,1776820066000
1776820068.083,168.083,0.43,0.44,0.56,0.57,0.01,0.01,76364.97,1776820067000
1776820068.448,168.448,0.43,0.44,0.56,0.57,0.01,0.01,76364.97,1776820067000
1776820068.945,168.945,0.43,0.44,0.56,0.57,0.01,0.01,76364.97,1776820067000
1776820069.723,169.723,0.49,0.5,0.5,0.51,0.01,0.01,76367.55,1776820068000
1776820070.139,170.139,0.49,0.5,0.5,0.51,0.01,0.01,76367.55,1776820068000
1776820071.139,171.139,0.49,0.5,0.5,0.51,0.01,0.01,76368.3,1776820069000
1776820071.545,171.545,0.5,0.51,0.49,0.5,0.01,0.01,76371.43,1776820070000
1776820071.932,171.932,0.51,0.52,0.48,0.49,0.01,0.01,76371.43,1776820070000
1776820072.36,172.36,0.51,0.52,0.48,0.49,0.01,0.01,76369.88,1776820071000
1776820072.951,172.951,0.52,0.53,0.47,0.48,0.01,0.01,76369.88,1776820071000
1776820073.291,173.291,0.52,0.53,0.47,0.48,0.01,0.01,76369.16,1776820072000
1776820073.758,173.758,0.52,0.53,0.47,0.48,0.01,0.01,76369.16,1776820072000
1776820074.291,174.291,0.52,0.53,0.47,0.48,0.01,0.01,76369.16,1776820072000
1776820074.703,174.703,0.58,0.59,0.42,0.43,0.01,0.01,76371.26,1776820073000
1776820075.2,175.2,0.58,0.59,0.41,0.42,0.01,0.01,76372.08,1776820074000
1776820075.54,175.54,0.58,0.59,0.41,0.42,0.01,0.01,76372.08,1776820074000
1776820076.097,176.097,0.59,0.6,0.4,0.41,0.01,0.01,76372.08,1776820074000
1776820076.464,176.464,0.59,0.6,0.4,0.41,0.01,0.01,76372.08,1776820074000
1776820076.82,176.82,0.59,0.6,0.4,0.41,0.01,0.01,76373.42,1776820075000
1776820077.206,177.206,0.59,0.6,0.4,0.41,0.01,0.01,76376.72,1776820076000
1776820077.913,177.913,0.52,0.53,0.42,0.51,0.01,0.09,76376.72,1776820076000
1776820078.397,178.397,0.46,0.47,0.53,0.54,0.01,0.01,76377.88,1776820077000
1776820078.753,178.753,0.4,0.44,0.54,0.57,0.04,0.03,76377.88,1776820077000
1776820079.257,179.257,0.41,0.42,0.58,0.6,0.01,0.02,76374.63,1776820078000
1776820079.653,179.653,0.36,0.38,0.58,0.64,0.02,0.06,76374.63,1776820078000
1776820080.062,180.062,0.34,0.35,0.65,0.66,0.01,0.01,76374.63,1776820078000
1776820080.431,180.431,0.34,0.35,0.65,0.66,0.01,0.01,76366.15,1776820079000
1776820080.771,180.771,0.34,0.35,0.65,0.66,0.01,0.01,76366.15,1776820079000
1776820081.12,181.12,0.34,0.35,0.65,0.66,0.01,0.01,76364.59,1776820080000
1776820081.746,181.746,0.34,0.35,0.65,0.66,0.01,0.01,76364.59,1776820080000
1776820082.181,182.181,0.34,0.35,0.65,0.66,0.01,0.01,76361.61,1776820081000
1776820082.561,182.561,0.34,0.35,0.65,0.66,0.01,0.01,76361.61,1776820081000
1776820083.509,183.509,0.34,0.35,0.65,0.66,0.01,0.01,76361.04,1776820082000
1776820083.882,183.882,0.34,0.35,0.65,0.66,0.01,0.01,76361.04,1776820082000
1776820084.443,184.443,0.34,0.38,0.62,0.66,0.04,0.04,76357.85,1776820083000
1776820084.798,184.798,0.34,0.35,0.65,0.66,0.01,0.01,76357.85,1776820083000
1776820085.159,185.159,0.35,0.36,0.64,0.65,0.01,0.01,76357.91,1776820084000
1776820085.865,185.865,0.39,0.41,0.6,0.62,0.02,0.02,76357.91,1776820084000
1776820086.463,186.463,0.4,0.42,0.59,0.6,0.02,0.01,76359.42,1776820085000
1776820086.808,186.808,0.42,0.48,0.52,0.59,0.06,0.07,76359.42,1776820085000
1776820087.258,187.258,0.47,0.5,0.52,0.53,0.03,0.01,76359.42,1776820085000
1776820087.633,187.633,0.49,0.5,0.51,0.52,0.01,0.01,76362.47,1776820086000
1776820087.973,187.973,0.49,0.5,0.5,0.51,0.01,0.01,76362.47,1776820086000
1776820088.418,188.418,0.5,0.51,0.5,0.51,0.01,0.01,76362.62,1776820087000
1776820088.816,188.816,0.5,0.51,0.49,0.5,0.01,0.01,76362.62,1776820087000
1776820089.206,189.206,0.51,0.52,0.48,0.49,0.01,0.01,76363.96,1776820088000
1776820089.55,189.55,0.52,0.53,0.47,0.49,0.01,0.02,76363.96,1776820088000
1776820089.9,189.9,0.52,0.53,0.47,0.48,0.01,0.01,76363.96,1776820088000
1776820090.658,190.658,0.52,0.53,0.47,0.48,0.01,0.01,76367.72,1776820089000
1776820091.15,191.15,0.52,0.53,0.47,0.48,0.01,0.01,76368.94,1776820090000
1776820091.624,191.624,0.52,0.53,0.47,0.48,0.01,0.01,76368.94,1776820090000
1776820092.178,192.178,0.52,0.53,0.47,0.48,0.01,0.01,76368.94,1776820090000
1776820092.679,192.679,0.52,0.53,0.47,0.48,0.01,0.01,76369.15,1776820091000
1776820093.063,193.063,0.51,0.53,0.47,0.49,0.02,0.02,76369.15,1776820091000
1776820093.61,193.61,0.51,0.53,0.47,0.49,0.02,0.02,76369.11,1776820092000
1776820094.248,194.248,0.42,0.44,0.48,0.55,0.02,0.07,76369.11,1776820092000
1776820094.59,194.59,0.39,0.44,0.56,0.61,0.05,0.05,76366.86,1776820093000
1776820094.957,194.957,0.39,0.44,0.56,0.61,0.05,0.05,76366.86,1776820093000
1776820095.346,195.346,0.42,0.43,0.57,0.58,0.01,0.01,76363.02,1776820094000
1776820095.958,195.958,0.42,0.43,0.57,0.58,0.01,0.01,76361.97,1776820095000
1776820096.295,196.295,0.42,0.43,0.57,0.58,0.01,0.01,76361.97,1776820095000
1776820096.845,196.845,0.42,0.43,0.57,0.58,0.01,0.01,76361.97,1776820095000
1776820097.343,197.343,0.42,0.43,0.57,0.58,0.01,0.01,76362.2,1776820096000
1776820097.682,197.682,0.4,0.41,0.57,0.6,0.01,0.03,76362.2,1776820096000
1776820098.033,198.033,0.4,0.41,0.59,0.6,0.01,0.01,76362.2,1776820096000
1776820098.928,198.928,0.4,0.41,0.59,0.6,0.01,0.01,76361.47,1776820097000
1776820100.035,200.035,0.4,0.41,0.59,0.6,0.01,0.01,76359.44,1776820098000
1776820100.423,200.423,0.4,0.41,0.59,0.6,0.01,0.01,76357.78,1776820099000
1776820100.87,200.87,0.4,0.41,0.59,0.6,0.01,0.01,76357.78,1776820099000
1776820101.412,201.412,0.4,0.41,0.59,0.6,0.01,0.01,76357.78,1776820100000
1776820101.77,201.77,0.35,0.4,0.6,0.61,0.05,0.01,76357.78,1776820100000
1776820102.243,202.243,0.35,0.4,0.6,0.65,0.05,0.05,76357.51,1776820101000
1776820102.584,202.584,0.36,0.38,0.62,0.64,0.02,0.02,76357.51,1776820101000
1776820103.079,203.079,0.37,0.38,0.62,0.65,0.01,0.03,76357.51,1776820101000
1776820103.567,203.567,0.36,0.37,0.62,0.64,0.01,0.02,76357.38,1776820102000
1776820104.044,204.044,0.34,0.35,0.63,0.66,0.01,0.03,76357.38,1776820102000
1776820104.509,204.509,0.34,0.35,0.65,0.66,0.01,0.01,76357.38,1776820102000
1776820104.937,204.937,0.34,0.35,0.65,0.66,0.01,0.01,76357.38,1776820103000
1776820105.552,205.552,0.34,0.35,0.65,0.66,0.01,0.01,76356.64,1776820104000
1776820106.138,206.138,0.34,0.35,0.65,0.66,0.01,0.01,76356.64,1776820104000
1776820106.674,206.674,0.34,0.35,0.65,0.66,0.01,0.01,76356.64,1776820104000
1776820107.171,207.171,0.34,0.35,0.65,0.66,0.01,0.01,76357.26,1776820105000
1776820108.568,208.568,0.34,0.35,0.65,0.66,0.01,0.01,76357.39,1776820106000
1776820108.929,208.929,0.34,0.35,0.65,0.66,0.01,0.01,76356.6,1776820107000
1776820109.366,209.366,0.34,0.35,0.65,0.66,0.01,0.01,76355.83,1776820108000
1776820109.755,209.755,0.34,0.35,0.65,0.66,0.01,0.01,76355.83,1776820108000
1776820110.311,210.311,0.34,0.36,0.65,0.66,0.02,0.01,76355.83,1776820108000
1776820110.885,210.885,0.35,0.36,0.64,0.66,0.01,0.02,76355.83,1776820109000
1776820111.415,211.415,0.35,0.36,0.64,0.65,0.01,0.01,76355.75,1776820110000
1776820111.782,211.782,0.35,0.36,0.64,0.65,0.01,0.01,76355.75,1776820110000
1776820112.225,212.225,0.34,0.35,0.65,0.66,0.01,0.01,76355.75,1776820110000
1776820112.641,212.641,0.34,0.35,0.65,0.66,0.01,0.01,76356.75,1776820111000
1776820113.132,213.132,0.34,0.35,0.65,0.66,0.01,0.01,76356.75,1776820111000
1776820113.571,213.571,0.34,0.35,0.65,0.66,0.01,0.01,76356.03,1776820112000
1776820113.946,213.946,0.34,0.35,0.65,0.66,0.01,0.01,76356.03,1776820112000
1776820115.323,215.323,0.34,0.35,0.65,0.66,0.01,0.01,76355.12,1776820114000
1776820115.736,215.736,0.3,0.33,0.67,0.7,0.03,0.03,76355.12,1776820114000
1776820116.08,216.08,0.3,0.33,0.67,0.7,0.03,0.03,76355.12,1776820114000
1776820116.421,216.421,0.3,0.33,0.67,0.7,0.03,0.03,76355.12,1776820114000
1776820116.771,216.771,0.3,0.33,0.67,0.7,0.03,0.03,76345.07,1776820115000
1776820117.114,217.114,0.28,0.33,0.67,0.72,0.05,0.05,76345.07,1776820115000
1776820117.473,217.473,0.22,0.33,0.67,0.78,0.11,0.11,76344.17,1776820116000
1776820117.962,217.962,0.21,0.31,0.67,0.78,0.1,0.11,76344.17,1776820116000
1776820118.408,218.408,0.22,0.26,0.69,0.8,0.04,0.11,76344.17,1776820116000
1776820118.8,218.8,0.2,0.23,0.77,0.8,0.03,0.03,76343.05,1776820117000
1776820119.145,219.145,0.16,0.18,0.82,0.84,0.02,0.02,76343.05,1776820117000
1776820119.517,219.517,0.16,0.17,0.83,0.84,0.01,0.01,76335.53,1776820118000
1776820119.862,219.862,0.16,0.17,0.83,0.84,0.01,0.01,76335.53,1776820118000
1776820120.233,220.233,0.16,0.17,0.83,0.84,0.01,0.01,76335.53,1776820118000
1776820120.718,220.718,0.16,0.17,0.83,0.84,0.01,0.01,76335.53,1776820118000
1776820121.123,221.123,0.16,0.17,0.83,0.84,0.01,0.01,76334.13,1776820119000
1776820121.46,221.46,0.16,0.17,0.83,0.84,0.01,0.01,76334.82,1776820120000
1776820121.839,221.839,0.22,0.23,0.77,0.8,0.01,0.03,76334.82,1776820120000
1776820122.258,222.258,0.22,0.23,0.77,0.78,0.01,0.01,76334.82,1776820120000
1776820122.614,222.614,0.22,0.23,0.77,0.78,0.01,0.01,76335.74,1776820121000
1776820123.028,223.028,0.22,0.23,0.77,0.78,0.01,0.01,76335.74,1776820121000
1776820123.633,223.633,0.22,0.23,0.77,0.78,0.01,0.01,76336.57,1776820122000
1776820123.987,223.987,0.22,0.23,0.77,0.78,0.01,0.01,76336.57,1776820122000
1776820124.752,224.752,0.22,0.23,0.77,0.78,0.01,0.01,76341.05,1776820123000
1776820125.197,225.197,0.22,0.24,0.76,0.78,0.02,0.02,76341.05,1776820123000
1776820125.792,225.792,0.22,0.25,0.76,0.78,0.03,0.02,76341.06,1776820124000
1776820126.245,226.245,0.25,0.29,0.71,0.75,0.04,0.04,76341.06,1776820124000
1776820126.73,226.73,0.25,0.3,0.7,0.75,0.05,0.05,76343.45,1776820125000
1776820127.074,227.074,0.36,0.37,0.64,0.69,0.01,0.05,76343.45,1776820125000
1776820127.452,227.452,0.44,0.46,0.5,0.56,0.02,0.06,76345.76,1776820126000
1776820127.798,227.798,0.43,0.44,0.56,0.59,0.01,0.03,76345.76,1776820126000
1776820128.252,228.252,0.43,0.44,0.56,0.57,0.01,0.01,76345.76,1776820126000
1776820128.636,228.636,0.42,0.44,0.56,0.57,0.02,0.01,76357.9,1776820127000
1776820129.038,229.038,0.41,0.43,0.56,0.58,0.02,0.02,76357.9,1776820127000
1776820129.458,229.458,0.36,0.37,0.63,0.64,0.01,0.01,76362.11,1776820128000
1776820130.02,230.02,0.36,0.37,0.61,0.64,0.01,0.03,76362.11,1776820128000
1776820130.429,230.429,0.36,0.37,0.63,0.64,0.01,0.01,76361.21,1776820129000
1776820130.845,230.845,0.36,0.37,0.63,0.64,0.01,0.01,76361.21,1776820129000
1776820131.298,231.298,0.36,0.37,0.63,0.64,0.01,0.01,76360.7,1776820130000
1776820132.042,232.042,0.36,0.37,0.63,0.64,0.01,0.01,76360.83,1776820131000
1776820132.649,232.649,0.36,0.37,0.63,0.64,0.01,0.01,76360.83,1776820131000
1776820133.018,233.018,0.36,0.37,0.63,0.64,0.01,0.01,76360.83,1776820131000
1776820133.996,233.996,0.39,0.4,0.63,0.64,0.01,0.01,76361.21,1776820132000
1776820134.716,234.716,0.43,0.44,0.56,0.59,0.01,0.03,76361.2,1776820133000
1776820135.197,235.197,0.42,0.44,0.56,0.57,0.02,0.01,76361.2,1776820133000
1776820135.687,235.687,0.43,0.44,0.56,0.57,0.01,0.01,76361.21,1776820134000
1776820136.637,236.637,0.42,0.43,0.56,0.57,0.01,0.01,76363.21,1776820135000
1776820137.191,237.191,0.42,0.43,0.57,0.58,0.01,0.01,76363.21,1776820135000
1776820137.614,237.614,0.42,0.43,0.57,0.58,0.01,0.01,76364.91,1776820136000
1776820138.206,238.206,0.42,0.43,0.57,0.58,0.01,0.01,76364.91,1776820136000
1776820138.595,238.595,0.42,0.43,0.57,0.58,0.01,0.01,76364.01,1776820137000
1776820138.988,238.988,0.42,0.43,0.57,0.58,0.01,0.01,76364.04,1776820138000
1776820139.39,239.39,0.41,0.43,0.57,0.59,0.02,0.02,76364.04,1776820138000
1776820139.783,239.783,0.42,0.43,0.58,0.59,0.01,0.01,76364.04,1776820138000
1776820141.01,241.01,0.42,0.43,0.57,0.58,0.01,0.01,76362.35,1776820139000
1776820141.42,241.42,0.42,0.43,0.57,0.58,0.01,0.01,76362.35,1776820139000
1776820141.954,241.954,0.29,0.32,0.57,0.65,0.03,0.08,76362.34,1776820140000
1776820142.341,242.341,0.25,0.32,0.68,0.71,0.07,0.03,76362.34,1776820140000
1776820142.697,242.697,0.25,0.27,0.73,0.75,0.02,0.02,76359.12,1776820141000
1776820143.154,243.154,0.26,0.27,0.73,0.75,0.01,0.02,76359.12,1776820141000
1776820143.784,243.784,0.26,0.3,0.7,0.74,0.04,0.04,76355.95,1776820142000
1776820144.166,244.166,0.26,0.3,0.7,0.74,0.04,0.04,76355.95,1776820142000
1776820144.641,244.641,0.26,0.29,0.7,0.74,0.03,0.04,76354.4,1776820143000
1776820145.077,245.077,0.27,0.29,0.71,0.75,0.02,0.04,76354.4,1776820143000
1776820145.602,245.602,0.25,0.26,0.74,0.75,0.01,0.01,76354.4,1776820143000
1776820145.955,245.955,0.25,0.26,0.74,0.75,0.01,0.01,76348.44,1776820144000
1776820146.319,246.319,0.24,0.26,0.74,0.75,0.02,0.01,76348.37,1776820145000
1776820147.071,247.071,0.25,0.26,0.74,0.75,0.01,0.01,76348.37,1776820145000
1776820147.407,247.407,0.23,0.26,0.76,0.77,0.03,0.01,76348.22,1776820146000
1776820147.847,247.847,0.21,0.22,0.76,0.79,0.01,0.03,76348.22,1776820146000
1776820148.254,248.254,0.21,0.22,0.78,0.79,0.01,0.01,76348.22,1776820146000
1776820148.71,248.71,0.2,0.21,0.78,0.8,0.01,0.02,76347.81,1776820147000
1776820149.067,249.067,0.19,0.2,0.8,0.81,0.01,0.01,76348.05,1776820148000
1776820149.505,249.505,0.19,0.2,0.8,0.81,0.01,0.01,76348.05,1776820148000
1776820150.135,250.135,0.19,0.2,0.8,0.81,0.01,0.01,76348.05,1776820148000
1776820150.542,250.542,0.11,0.13,0.87,0.89,0.02,0.02,76348.05,1776820148000
1776820151.19,251.19,0.12,0.13,0.87,0.88,0.01,0.01,76347.1,1776820150000
1776820151.651,251.651,0.12,0.13,0.87,0.88,0.01,0.01,76347.1,1776820150000
1776820152.012,252.012,0.12,0.13,0.87,0.88,0.01,0.01,76347.1,1776820150000
1776820152.351,252.351,0.12,0.13,0.87,0.88,0.01,0.01,76347.1,1776820150000
1776820152.69,252.69,0.12,0.13,0.87,0.88,0.01,0.01,76343.7,1776820151000
1776820153.091,253.091,0.12,0.13,0.87,0.88,0.01,0.01,76343.7,1776820151000
1776820153.769,253.769,0.12,0.13,0.87,0.88,0.01,0.01,76344.15,1776820152000
1776820154.103,254.103,0.16,0.29,0.74,0.84,0.13,0.1,76344.15,1776820152000
1776820154.443,254.443,0.3,0.34,0.66,0.7,0.04,0.04,76344.15,1776820152000
1776820154.798,254.798,0.33,0.34,0.66,0.67,0.01,0.01,76346.22,1776820153000
1776820155.17,255.17,0.33,0.34,0.66,0.67,0.01,0.01,76346.22,1776820153000
1776820155.581,255.581,0.33,0.34,0.66,0.67,0.01,0.01,76346.62,1776820154000
1776820155.993,255.993,0.3,0.31,0.66,0.7,0.01,0.04,76346.62,1776820154000
1776820156.331,256.331,0.3,0.31,0.69,0.7,0.01,0.01,76346.62,1776820154000
1776820156.679,256.679,0.3,0.31,0.69,0.7,0.01,0.01,76355.59,1776820155000
1776820157.026,257.026,0.3,0.31,0.69,0.7,0.01,0.01,76355.59,1776820155000
1776820157.384,257.384,0.3,0.31,0.69,0.7,0.01,0.01,76355.21,1776820156000
1776820157.743,257.743,0.3,0.31,0.69,0.7,0.01,0.01,76355.21,1776820156000
1776820158.161,258.161,0.28,0.29,0.7,0.71,0.01,0.01,76355.21,1776820156000
1776820158.693,258.693,0.28,0.29,0.71,0.72,0.01,0.01,76352.84,1776820157000
1776820159.048,259.048,0.2,0.22,0.78,0.8,0.02,0.02,76351.81,1776820158000
1776820159.418,259.418,0.14,0.15,0.85,0.86,0.01,0.01,76351.81,1776820158000
1776820159.805,259.805,0.14,0.15,0.85,0.86,0.01,0.01,76351.81,1776820158000
1776820160.219,260.219,0.14,0.15,0.85,0.86,0.01,0.01,76350.4,1776820159000
1776820160.927,260.927,0.14,0.15,0.85,0.86,0.01,0.01,76348.31,1776820160000
1776820161.302,261.302,0.15,0.16,0.83,0.85,0.01,0.02,76348.31,1776820160000
1776820161.72,261.72,0.15,0.16,0.84,0.85,0.01,0.01,76348.31,1776820160000
1776820162.071,262.071,0.15,0.16,0.84,0.85,0.01,0.01,76348.31,1776820160000
1776820162.629,262.629,0.15,0.16,0.84,0.85,0.01,0.01,76347.09,1776820161000
1776820163.045,263.045,0.15,0.16,0.84,0.85,0.01,0.01,76347.09,1776820161000
1776820163.507,263.507,0.15,0.16,0.84,0.85,0.01,0.01,76347.29,1776820162000
1776820164.069,264.069,0.15,0.16,0.84,0.85,0.01,0.01,76347.09,1776820163000
1776820164.403,264.403,0.19,0.28,0.77,0.81,0.09,0.04,76347.09,1776820163000
1776820164.75,264.75,0.31,0.32,0.68,0.69,0.01,0.01,76347.09,1776820163000
1776820165.27,265.27,0.31,0.32,0.68,0.69,0.01,0.01,76347.14,1776820164000
1776820165.643,265.643,0.31,0.32,0.68,0.69,0.01,0.01,76347.14,1776820164000
1776820166.006,266.006,0.33,0.38,0.65,0.68,0.05,0.03,76347.14,1776820164000
1776820166.41,266.41,0.37,0.38,0.62,0.64,0.01,0.02,76347.14,1776820164000
1776820166.816,266.816,0.35,0.37,0.63,0.64,0.02,0.01,76347.14,1776820164000
1776820167.616,267.616,0.34,0.35,0.65,0.66,0.01,0.01,76355.19,1776820166000
1776820167.958,267.958,0.29,0.32,0.65,0.69,0.03,0.04,76355.19,1776820166000
1776820168.298,268.298,0.31,0.32,0.68,0.71,0.01,0.03,76356.68,1776820167000
1776820168.786,268.786,0.31,0.32,0.68,0.69,0.01,0.01,76356.68,1776820167000
1776820169.208,269.208,0.31,0.32,0.68,0.69,0.01,0.01,76355.67,1776820168000
1776820170.05,270.05,0.31,0.32,0.68,0.69,0.01,0.01,76355.67,1776820168000
1776820170.394,270.394,0.32,0.33,0.67,0.69,0.01,0.02,76355.83,1776820169000
1776820170.793,270.793,0.32,0.33,0.67,0.68,0.01,0.01,76355.83,1776820169000
1776820171.207,271.207,0.32,0.34,0.67,0.68,0.02,0.01,76355.83,1776820169000
1776820171.603,271.603,0.29,0.34,0.66,0.71,0.05,0.05,76355.83,1776820170000
1776820172.014,272.014,0.28,0.29,0.69,0.72,0.01,0.03,76355.82,1776820171000
1776820172.497,272.497,0.28,0.29,0.71,0.72,0.01,0.01,76355.82,1776820171000
1776820172.972,272.972,0.28,0.29,0.71,0.72,0.01,0.01,76355.82,1776820171000
1776820173.306,273.306,0.28,0.29,0.71,0.72,0.01,0.01,76356.9,1776820172000
1776820173.653,273.653,0.28,0.29,0.71,0.72,0.01,0.01,76356.9,1776820172000
1776820174.172,274.172,0.28,0.29,0.71,0.72,0.01,0.01,76356.9,1776820172000
1776820174.872,274.872,0.28,0.3,0.71,0.72,0.02,0.01,76357.05,1776820173000
1776820175.212,275.212,0.39,0.4,0.6,0.61,0.01,0.01,76357.18,1776820174000
1776820175.607,275.607,0.44,0.45,0.55,0.56,0.01,0.01,76357.18,1776820174000
1776820175.942,275.942,0.42,0.43,0.56,0.57,0.01,0.01,76357.18,1776820174000
1776820176.377,276.377,0.42,0.43,0.57,0.58,0.01,0.01,76357.15,1776820175000
1776820176.719,276.719,0.41,0.43,0.56,0.57,0.02,0.01,76357.15,1776820175000
1776820177.099,277.099,0.4,0.41,0.58,0.59,0.01,0.01,76357.15,1776820175000
1776820177.489,277.489,0.4,0.41,0.59,0.6,0.01,0.01,76357.15,1776820175000
1776820178.008,278.008,0.37,0.38,0.59,0.69,0.01,0.1,76361.84,1776820176000
1776820178.57,278.57,0.36,0.38,0.63,0.64,0.02,0.01,76361.84,1776820177000
1776820179.013,279.013,0.37,0.38,0.62,0.63,0.01,0.01,76361.84,1776820177000
1776820179.446,279.446,0.3,0.32,0.68,0.69,0.02,0.01,76361.84,1776820178000
1776820179.916,279.916,0.29,0.31,0.68,0.71,0.02,0.03,76361.84,1776820178000
1776820180.327,280.327,0.29,0.3,0.7,0.71,0.01,0.01,76361.84,1776820178000
1776820180.697,280.697,0.3,0.33,0.69,0.71,0.03,0.02,76361.84,1776820179000
1776820181.041,281.041,0.34,0.35,0.67,0.68,0.01,0.01,76361.84,1776820179000
1776820181.407,281.407,0.36,0.37,0.63,0.64,0.01,0.01,76361.84,1776820179000
1776820181.833,281.833,0.36,0.37,0.63,0.64,0.01,0.01,76361.84,1776820180000
1776820182.486,282.486,0.28,0.35,0.65,0.66,0.07,0.01,76361.84,1776820180000
1776820182.932,282.932,0.28,0.29,0.71,0.72,0.01,0.01,76361.84,1776820181000
1776820183.3,283.3,0.31,0.32,0.69,0.7,0.01,0.01,76361.84,1776820181000
1776820183.668,283.668,0.31,0.32,0.68,0.69,0.01,0.01,76362.49,1776820182000
1776820184.196,284.196,0.31,0.32,0.68,0.69,0.01,0.01,76362.49,1776820182000
1776820184.563,284.563,0.31,0.32,0.68,0.69,0.01,0.01,76362.49,1776820182000
1776820184.917,284.917,0.31,0.32,0.68,0.69,0.01,0.01,76362.49,1776820182000
1776820185.342,285.342,0.31,0.32,0.68,0.69,0.01,0.01,76363.13,1776820183000
1776820185.845,285.845,0.31,0.32,0.68,0.69,0.01,0.01,76361.84,1776820184000
1776820186.341,286.341,0.3,0.31,0.69,0.7,0.01,0.01,76361.84,1776820184000
1776820186.798,286.798,0.3,0.31,0.69,0.7,0.01,0.01,76363.62,1776820185000
1776820187.181,287.181,0.3,0.31,0.69,0.7,0.01,0.01,76363.62,1776820185000
1776820187.595,287.595,0.3,0.31,0.69,0.7,0.01,0.01,76363.1,1776820186000
1776820188.244,288.244,0.3,0.32,0.68,0.7,0.02,0.02,76361.84,1776820187000
1776820188.604,288.604,0.24,0.28,0.68,0.7,0.04,0.02,76361.84,1776820187000
1776820189.118,289.118,0.24,0.25,0.75,0.76,0.01,0.01,76361.84,1776820187000
1776820189.502,289.502,0.24,0.25,0.75,0.76,0.01,0.01,76361.84,1776820187000
1776820189.987,289.987,0.17,0.18,0.79,0.81,0.01,0.02,76361.84,1776820188000
1776820190.354,290.354,0.17,0.18,0.82,0.83,0.01,0.01,76361.84,1776820189000
1776820190.715,290.715,0.15,0.16,0.84,0.85,0.01,0.01,76361.84,1776820189000
1776820191.091,291.091,0.11,0.13,0.84,0.89,0.02,0.05,76361.84,1776820189000
1776820191.442,291.442,0.11,0.12,0.88,0.89,0.01,0.01,76361.84,1776820189000
1776820191.84,291.84,0.11,0.12,0.88,0.89,0.01,0.01,76361.21,1776820190000
1776820192.249,292.249,0.11,0.12,0.88,0.89,0.01,0.01,76361.21,1776820190000
1776820192.593,292.593,0.13,0.14,0.86,0.89,0.01,0.03,76360.05,1776820191000
1776820192.931,292.931,0.28,0.29,0.71,0.72,0.01,0.01,76360.05,1776820191000
1776820193.548,293.548,0.28,0.29,0.71,0.72,0.01,0.01,76360.05,1776820191000
1776820193.89,293.89,0.28,0.29,0.7,0.72,0.01,0.02,76360.05,1776820191000
1776820194.227,294.227,0.32,0.36,0.64,0.68,0.04,0.04,76359.31,1776820192000
1776820194.593,294.593,0.33,0.34,0.66,0.71,0.01,0.05,76362.58,1776820193000
1776820195.057,295.057,0.04,0.31,0.67,0.71,0.27,0.04,76362.58,1776820193000
1776820195.404,295.404,0.04,0.08,0.92,0.96,0.04,0.04,76364.21,1776820194000
1776820195.767,295.767,0.04,0.07,0.93,0.96,0.03,0.03,76364.21,1776820194000
1776820196.115,296.115,0.22,0.23,0.77,0.78,0.01,0.01,76364.21,1776820194000
1776820196.453,296.453,0.22,0.23,0.77,0.78,0.01,0.01,76364.21,1776820194000
1776820196.835,296.835,0.26,0.27,0.73,0.74,0.01,0.01,76364.87,1776820195000
1776820197.183,297.183,0.87,0.88,0.11,0.13,0.01,0.02,76364.87,1776820195000
1776820197.565,297.565,0.8,0.82,0.17,0.2,0.02,0.03,76364.1,1776820196000
1776820197.902,297.902,0.32,0.39,0.61,0.62,0.07,0.01,76364.1,1776820196000
1776820198.258,298.258,0.15,0.01,0.99,0.85,-0.14,-0.14,76364.1,1776820196000
1776820198.595,298.595,0.33,0.34,0.66,0.67,0.01,0.01,76364.1,1776820196000
1776820198.943,298.943,0.04,0.05,0.95,0.96,0.01,0.01,76365.08,1776820197000
1776820199.297,299.297,0.01,0.01,0.99,0.99,0.0,0.0,76365.08,1776820197000
1776820199.686,299.686,0.01,0.01,0.99,0.99,0.0,0.0,76365.6,1776820198000
1776820200.155,300.155,0.01,0.01,0.99,0.99,0.0,0.0,76365.6,1776820198000
1776820200.562,300.562,0.01,0.01,0.99,0.99,0.0,0.0,76365.08,1776820199000
1776820200.993,300.993,0.01,0.01,0.99,0.99,0.0,0.0,76365.08,1776820199000

# RESULT,winner=Down,slug=btc-updown-5m-1776819900,ticks=622
